2051 3343
201 230 376 290 CAP.111.]
707 244 768 276 DE
794 244 1029 277 ECCLESIA.
1755 236 1804 287 57

49 362 86 395 H
109 360 186 394 ι36ει
200 351 242 390 in
276 349 422 403 capite,
470 349 551 389 hoc
584 357 656 399 est,
705 348 748 387 in
780 348 945 387 racione
986 348 1217 388 cauterium
1258 348 1516 389 Antichristi.

200 419 314 460 Nulli
347 419 461 459 enirn
492 419 726 459 secundum
761 418 933 458 beatum
957 417 1222 471 Gregorium,
1245 418 1287 457 in
1310 419 1517 471 Registro,

199 490 384 530 secundo
424 488 622 541 capitulo,
664 487 939 541 periculosius
970 488 1036 528 vel
1068 488 1250 541 amplius
1290 497 1444 528 nocent
1475 488 1517 527 in

200 558 370 599 ecclesia
401 557 532 598 sancti
564 557 653 598 Dei.

167 639 186 672 1
258 628 339 668 Sed
380 628 597 668 redeundo
641 627 693 667 ad
731 626 1023 667 difficultatem
1066 627 1283 667 dimissam
1327 626 1509 666 obicitur
1583 632 1763 672 ijection:

199 711 272 750 per
297 705 491 736 sanctum
509 697 726 736 Thomam
755 697 805 736 de
829 696 1010 748 Christo,
1044 696 1316 736 conclusione
1350 704 1510 747 octava,
1528 666 1759 730 gthffltosslgzsntcci,
1771 668 1811 730 gg

199 766 373 806 articulo
396 767 485 818 1110,
509 765 579 805 ubi
604 766 701 805 dicit
733 767 849 819 quod
872 766 1066 806 Christus
1089 772 1153 806 est
1175 772 1304 818 caput
1326 767 1513 805 omnium
1528 737 1577 765 the
1607 737 1747 800 hffigncf
1773 737 1811 764 ³¹¹

199 836 431 884 hominum,
451 842 536 874 tam
556 835 761 888 fidelium
785 837 858 888 qui
883 837 1096 876 uniuntur
1119 836 1201 876 sibi
1232 837 1274 876 in
1310 842 1407 875 actu
1432 848 1518 887 per

198 907 413 959 graciam,
437 918 565 958 quam
589 905 828 958 infidelium
864 908 938 959 qui
968 912 1069 945 sunt
1090 907 1229 945 solum
1254 907 1296 945 in
1315 906 1517 958 potencia

147 995 185 1018 10
200 976 291 1015 eius
324 975 530 1023 membra,
577 983 616 1014 et
648 984 745 1028 post
777 975 1004 1014 subdividit
1046 976 1282 1015 secundun]
1318 975 1517 1029 predesti-

200 1053 320 1084 natos
369 1053 408 1083 et
454 1044 656 1097 prescitos
709 1045 780 1098 qui
833 1046 1072 1084 recedentes
1124 1046 1174 1084 ab
1225 1045 1308 1085 hoc
1354 1046 1517 1084 mundo

199 1114 381 1155 totaliter
404 1114 600 1153 desinunt
633 1128 720 1154 esse
754 1115 943 1154 membra
968 1114 1136 1157 Christi.
1170 1115 1224 1155 Et
1256 1116 1407 1168 probat
1438 1115 1518 1154 hoc

201 1183 423 1237 multiplici
446 1183 624 1223 racione.
651 1185 871 1233 Quantum
895 1184 946 1223 ad
969 1185 1049 1224 hoc
1071 1184 1365 1225 testimonium
1389 1184 1518 1225 sancti

201 1254 381 1305 Thome,
396 1254 560 1292 videtur
575 1253 702 1293 michi
724 1254 840 1307 quod
862 1254 952 1307 ipse
975 1254 1197 1307 equivocat
1221 1268 1315 1294 vere
1337 1254 1515 1294 dicendo
1533 1258 1592 1320 mli}
1613 1265 1809 1322 ggetffigseas

147 1335 184 1367 15
199 1324 315 1377 quod
361 1322 553 1363 Christus
607 1324 840 1363 secundum
885 1324 1081 1363 deitatem
1114 1332 1174 1363 est
1206 1333 1331 1377 caput
1363 1324 1514 1363 extrin-
1568 1328 1669 1355 1011i⁵
1690 1328 1772 1365 deity

199 1407 342 1432 secum
364 1392 499 1432 tocius
523 1393 696 1432 humani
720 1393 899 1446 generis;
918 1394 1035 1447 quod
1058 1402 1196 1446 potest
1218 1393 1298 1434 dici
1322 1407 1517 1447 aggrega-

197 1463 280 1503 tive
312 1476 446 1502 unum
479 1476 630 1515 corpus
663 1464 864 1514 naturale,
899 1463 964 1502 cui
999 1463 1130 1503 eciam
1165 1463 1356 1504 Christus
1390 1464 1517 1502 bene-

200 1532 296 1572 facit
342 1532 447 1572 sicut
491 1541 530 1572 et
580 1532 659 1572 toti
703 1533 864 1572 mundo
913 1534 1146 1573 secundum
1189 1533 1510 1584 humanitatem,

201 1616 299 1642 curn
330 1602 480 1642 virtute
513 1601 721 1654 passionis
754 1602 906 1642 Christi
948 1602 1177 1656 acquiritur
1209 1604 1392 1656 quedam
1424 1616 1516 1655 per-

145 1692 186 1714 20
202 1671 331 1711 feccio
397 1671 640 1711 secundaria
702 1672 780 1712 toti
840 1673 1016 1712 mundo.
1070 1673 1123 1712 Et
1174 1673 1230 1712 sic
1284 1673 1518 1712 secundum
1557 1681 1790 1753 affigsagiotyhis

202 1741 509 1781 humanitatem
567 1741 773 1781 benefacit
830 1742 907 1782 toti
965 1742 1154 1782 humano
1208 1743 1361 1794 generi,
1421 1756 1519 1782 cum
1749 1738 1755 1744 ’

201 1811 323 1864 punit
360 1824 509 1850 omnes
548 1811 814 1864 dampnatos,
859 1812 924 1851 vel
974 1826 1022 1851 ex
1066 1811 1323 1863 infidelitate,
1363 1821 1409 1851 ut
1449 1825 1520 1851 eos

201 1880 273 1934 qui
317 1894 405 1920 non
448 1880 711 1920 considerant
755 1881 797 1920 in
842 1881 1068 1921 dominum
1106 1882 1249 1922 Jesurn
1288 1881 1519 1933 Christum,

201 1950 266 1989 vel
296 1964 344 1989 ex
380 1949 673 2002 desperacione
706 1963 789 2003 qua
822 1950 994 1991 dimissa
1026 1952 1261 1991 debuerunt
1299 1951 1519 1991 celestibus

147 2030 184 2062 25
202 2019 394 2072 aspirare,
433 2020 498 2058 vel
536 2019 664 2059 tercio
699 2020 748 2059 de
780 2019 936 2060 iudicio
969 2021 1190 2060 temerario
1224 2035 1309 2074 quo
1344 2021 1518 2060 dimisso

203 2089 437 2129 debuerunt
488 2088 664 2128 domino
717 2090 814 2129 Jesu
867 2089 1036 2130 Christo
1081 2091 1292 2130 caritative
1344 2090 1521 2131 finaliter

203 2158 413 2199 adherere.

149 2240 188 2274 Κ
260 2227 313 2267 Et
345 2227 401 2267 sic
439 2227 682 2281 intelligitur
719 2228 867 2281 triplex
907 2229 1081 2269 causalis
1123 2229 1277 2269 Christi
1314 2229 1517 2269 Johannis

200 2297 330 2349 XV10,
365 2297 408 2337 8:
452 2298 619 2351 Arguet
652 2298 858 2338 mundum
891 2297 942 2339 de
967 2305 1162 2351 peccato,
1196 2299 1246 2339 de
1279 2300 1449 2339 iusticia
1482 2307 1522 2340 et

258 2432 282 2461 5.
302 2433 332 2460 A
359 2433 390 2460 in
421 2441 537 2468 marg.:
571 2432 687 2462 Contra
718 2434 807 2462 dicta.
844 2434 941 2463 Nota:
977 2434 1011 2462 In
1042 2435 1195 2470 equivoco
1225 2436 1406 2464 conceditur
1435 2437 1519 2472 quod

202 2478 342 2507 Christus
363 2485 407 2507 est
426 2480 525 2515 capud
546 2484 608 2508 tam
629 2480 765 2508 fidelium
788 2488 880 2513 quam
901 2482 1070 2509 infidelium
1091 2483 1242 2510 omnium.
1397 2484 1424 2511 6.
1446 2483 1468 2511 B
1489 2484 1518 2511 in

201 2534 313 2561 marg:
339 2525 370 2554 S.
390 2525 542 2555 Thomas.
570 2526 631 2554 AB
661 2528 691 2554 in
720 2536 835 2563 marga
860 2528 1024 2555 Obieccio.
1197 2527 1234 2556 13.
1255 2529 1317 2557 AB
1345 2529 1375 2557 in
1404 2538 1520 2565 marg:

201 2571 386 2607 Responsio.
495 2573 536 2600 16.
558 2573 598 2600 B:
622 2582 800 2611 aggregare.
907 2582 954 2610 29.
976 2574 1038 2603 AB
1060 2575 1089 2602 in
1112 2583 1226 2611 marg:
1246 2574 1314 2603 Joh.
1332 2575 1412 2603 XVI.

261 2701 291 2722 2.
318 2691 369 2723 Cf.
397 2692 543 2735 Gregor.
576 2693 744 2735 (Regulae
783 2700 871 2736 past.
904 2693 963 2725 lib.
990 2693 1013 2734 Ι,
1047 2704 1120 2737 cap.
1147 2695 1206 2735 II):
1243 2695 1354 2727 Nemo
1388 2695 1519 2740 quippe

202 2749 352 2791 amplius
378 2748 413 2780 in
439 2749 584 2782 ecclesia
610 2757 712 2782 nocet
749 2761 855 2793 quam
882 2752 941 2794 qui
973 2761 1136 2794 perverse
1168 2763 1275 2796 agens
1301 2764 1432 2786 nornen
1464 2756 1519 2787 vel

202 2807 361 2838 ordinem
388 2808 576 2840 sanctitatis
595 2808 709 2840 habet.
737 2809 839 2841 Conf.
857 2809 934 2841 dist.
951 2808 1129 2851 LXXXIII,
1156 2822 1184 2843 c.
1201 2822 1229 2853 2,
1257 2822 1351 2854 corp.
1366 2813 1429 2845 iur.
1444 2823 1518 2847 can.

187 2862 221 2896 6.
253 2863 415 2897 Thornae
442 2865 569 2909 Aquin.
597 2866 688 2909 Opp.
716 2867 794 2910 (Ed.
824 2868 947 2900 Venet.
979 2868 1079 2912 1774)
1105 2876 1192 2903 tom.
1221 2871 1262 2912 V,
1287 2881 1366 2914 pag.
1395 2871 1448 2904 51.
