2051 3273
255 205 344 234 CAP.
365 193 491 252 xxm]
762 208 822 240 DE
848 208 1081 240 ECCLESIA.
1769 201 1847 253 573

97 312 488 364 N206asompniata
522 319 569 350 ut
602 312 785 364 populus
825 312 978 351 habeat
1018 312 1218 351 continue
1257 311 1417 364 aliquid
1452 312 1558 350 redi-

248 382 465 421 mendum.
499 380 659 420 Contra
694 381 805 421 istud
845 383 1052 435 queritur,
1097 381 1236 433 primo
1275 390 1419 420 utrum
1452 394 1561 433 papa

247 459 389 503 potest
436 450 486 489 de
519 450 781 503 plenitudine
826 451 1048 502 potestatis
1083 463 1158 490 sue
1192 463 1269 503 pro
1305 463 1561 504 quocunque

248 533 375 572 opere
409 532 516 572 eque
549 519 768 559 meritorio
803 520 842 558 in
876 532 1056 572 persona
1095 519 1278 559 habente
1312 527 1477 559 tantum
1511 519 1562 558 de

213 598 229 630 5
248 589 368 641 culpa
394 598 434 628 et
457 603 562 643 eque
583 589 723 642 capaci
746 589 865 628 venie
888 598 1051 629 tantum
1075 598 1301 642 peccatum
1325 585 1563 629 remittere?

249 658 291 697 Si
313 666 467 712 potest,
491 671 605 712 pono
628 659 744 712 quod
767 659 967 699 concedat
989 659 1227 712 cuicunque
1252 672 1348 698 vere
1370 657 1562 698 confesso

247 735 286 766 et
326 728 509 767 contrito
556 727 724 767 facienti
770 728 1045 768 elemosinam
1085 737 1132 767 ut
1172 737 1370 781 quatuor,
1418 727 1562 767 remis-

248 797 408 836 sionem
443 797 604 849 peccati
637 806 685 836 ut
717 806 914 850 quatuor,
959 807 998 837 et
1033 798 1345 849 indulgenciam
1379 806 1426 837 ut
1459 811 1562 850 qua-

248 875 360 917 tuor,
408 874 448 905 et
486 879 600 918 pono
641 866 814 920 insuper
859 867 975 920 quod
1020 867 1200 920 quilibet
1244 875 1441 919 peccator
1479 867 1562 905 iam

194 935 468 978 romilitantis
511 936 682 975 ecclesie
729 937 981 988 multiplicet
1027 937 1292 988 elemosinas,
1338 949 1563 990 quousque

153 1013 233 1048 206¹³
248 1014 387 1044 totum
410 1013 633 1057 peccatum
658 1018 782 1044 suum
808 1006 861 1044 sit
885 1006 1106 1045 dimissum
1133 1015 1173 1045 et
1195 1020 1303 1058 pena
1327 1007 1516 1056 remissa,
1541 1007 1564 1030 ζ’

250 1075 359 1113 sicut
405 1073 580 1113 faciliter
625 1074 704 1113 hoc
745 1075 943 1114 ordinato
988 1085 1131 1127 posset
1175 1076 1434 1127 contingere.
1489 1076 1562 1115 Illo

249 1157 348 1196 ergo
381 1152 543 1182 statuto
576 1157 653 1195 pro
687 1144 777 1196 lege
810 1153 1015 1196 perpetua
1056 1144 1234 1184 faciliter
1267 1145 1563 1185 excluderetur

249 1213 458 1267 dyabolus
482 1226 503 1251 a
529 1213 759 1265 punicione
783 1213 1007 1253 hominum
1031 1214 1073 1253 in
1096 1213 1263 1254 inferno
1288 1224 1328 1254 et
1344 1215 1564 1255 tolleretur

195 1294 232 1326 15
248 1282 386 1321 omnis
409 1283 583 1335 punicio
607 1283 647 1322 in
673 1284 937 1335 purgatorio,
973 1294 1013 1324 et
1034 1298 1108 1336 per
1137 1284 1250 1323 idem
1282 1284 1565 1325 liberarentur

247 1365 321 1404 per
365 1352 468 1392 tales
517 1352 808 1405 indulgencias
850 1354 1009 1393 mortui
1047 1354 1186 1406 puniti
1226 1355 1292 1393 vel
1331 1354 1373 1393 in
1412 1369 1564 1407 purga-

248 1421 357 1460 torio
390 1422 455 1460 vel
487 1422 667 1462 inferno.

201 1505 233 1538 0
307 1491 351 1530 Si
394 1491 557 1531 dicatur
595 1492 711 1545 quod
752 1506 859 1545 papa
900 1506 983 1532 non
1024 1501 1164 1545 potest
1204 1501 1389 1533 statuere
1434 1494 1557 1533 talem
1610 1503 1658 1531 To
1679 1503 1819 1543 say—that

248 1560 399 1614 legem,
446 1562 518 1601 sed
565 1571 735 1614 oportet
780 1562 919 1614 ipsum
966 1563 1348 1615 proporcionaliter
1392 1576 1558 1616 semper
1592 1539 1830 1614 iiiiisrteziixiffaissn

208 1631 475 1682 aremittere,
510 1631 678 1670 videtur
711 1631 849 1684 primo
883 1633 997 1685 quod
1032 1632 1113 1672 hoc
1147 1633 1322 1684 derogat
1354 1634 1556 1685 potestati
1573 1609 1847 1683 dergfftaessnilrom

247 1700 401 1753 divine⁷
446 1700 561 1753 quod
595 1700 708 1739 Deus
747 1701 939 1753 personis
979 1714 1085 1754 eque
1124 1702 1260 1754 dignis
1301 1716 1383 1741 non
1418 1678 1852 1755 potestthedivmepower.

248 1778 411 1809 tantam
456 1770 695 1810 mercedem
740 1771 925 1810 tribuere
964 1784 1040 1823 pro
1082 1772 1241 1811 meritis
1280 1773 1468 1824 paribus,
1515 1781 1561 1811 ut

248 1840 373 1879 Petro
416 1839 587 1880 habenti
632 1849 854 1892 peccatum
898 1849 944 1880 ut
991 1850 1087 1880 octo
1126 1841 1168 1880 in
1206 1841 1455 1893 purgatorio
1501 1843 1564 1882 vel

248 1909 413 1949 inferno
452 1919 593 1962 potest
639 1911 739 1949 dare
785 1911 1078 1950 remissionem
1126 1924 1233 1963 pene
1279 1921 1319 1951 et
1358 1912 1479 1964 culpe
1520 1921 1564 1952 ut

193 1992 232 2025 25
250 1988 436 2032 quatuor
482 1994 560 2032 pro
601 1980 831 2019 elemosina
864 1980 1039 2019 viatoris
1073 1980 1211 2019 dantis
1245 1995 1322 2033 pro
1355 1995 1404 2020 eo
1438 1982 1562 2021 dena-

252 2049 377 2090 rium.
412 2049 546 2088 Paulo
566 2058 708 2089 autem
732 2050 787 2088 ibi
812 2051 985 2089 detento
1013 2063 1090 2102 pro
1112 2059 1286 2102 peccato
1310 2061 1355 2090 ut
1379 2060 1564 2104 quatuor

251 2132 334 2158 non
367 2127 512 2171 posset
545 2120 643 2158 dare
677 2133 773 2158 cum
808 2119 888 2159 illis
922 2120 1095 2172 paribus
1130 2120 1423 2159 remissionem
1458 2135 1564 2173 pene

250 2198 289 2227 et
325 2189 445 2240 culpe
475 2197 523 2228 ut
555 2198 741 2242 quatuor
766 2202 842 2241 pro
871 2198 988 2228 tanta
1022 2189 1249 2228 elemosina
1282 2190 1323 2228 in
1356 2191 1423 2229 via
1455 2190 1564 2230 facta

251 2270 328 2310 pro
367 2258 473 2310 ipso,
507 2259 606 2312 quia
639 2268 739 2298 tunc
773 2268 916 2311 posset
948 2259 1063 2298 Deus
1098 2260 1413 2299 communicare
1445 2269 1563 2313 pote-

194 2338 236 2371 30
252 2334 403 2365 statem
442 2328 568 2367 talem
610 2328 698 2367 eius
733 2328 905 2380 vicario,
954 2337 1001 2367 ut
1045 2329 1221 2368 omnino
1266 2330 1503 2369 absolveret
1542 2344 1564 2369 a

251 2409 359 2448 pena
394 2406 433 2436 et
457 2398 580 2450 culpa
613 2407 700 2437 tam
735 2398 853 2437 vivos
888 2412 1016 2451 quam
1051 2408 1257 2438 mortuos.
1292 2399 1375 2439 Sed
1399 2408 1565 2440 constat

251 2467 367 2518 quod
401 2467 588 2518 primum
629 2476 897 2519 assumptum
938 2468 1056 2519 sequi
1090 2482 1140 2507 ex
1171 2469 1374 2521 opinione
1408 2470 1564 2509 claudit

208 2536 662 2586 beontradiccionem;
708 2537 897 2575 secundo
943 2537 1109 2576 videtur
1146 2537 1271 2576 istam
1304 2540 1563 2578 sentenciam

253 2605 455 2657 derogare
499 2606 699 2658 potestati
745 2606 900 2658 papali,
947 2606 1058 2659 quia,
1094 2607 1224 2647 silex
1262 2608 1364 2659 ligat
1409 2622 1564 2661 papam

305 2783 325 2802 1.
346 2777 389 2802 A:
412 2775 553 2803 habeant.
660 2782 684 2802 2.
717 2776 746 2803 A
774 2776 805 2803 in
837 2784 953 2811 marg:
988 2777 1130 2812 Questio.
1284 2777 1325 2806 18.
1346 2780 1374 2806 A
1395 2779 1425 2806 in
1447 2786 1562 2814 marg.:

252 2820 424 2856 Responsio
445 2823 589 2856 quedam.
