2051 3343
230 224 400 282 CAP.111.]
730 238 788 268 DE
815 236 1048 268 ECCLESIA.

68 342 398 396 R137cvoptimis.
461 340 583 388 Quod
633 341 710 380 etsi
762 353 885 380 nemo
938 346 1132 378 nostrum
1184 338 1265 378 sibi
1317 350 1535 391 arrogare

210 417 452 462 presumat,
487 417 531 449 ut
562 411 753 449 animam
789 422 912 449 suam
947 409 1107 448 audeat
1137 419 1341 460 sponsam
1375 406 1537 446 domini

219 480 455 531 appellare,
502 481 704 532 quoniam
751 486 892 519 tamen
940 479 991 518 de
1037 479 1217 518 ecclesia
1260 489 1412 517 sumus
1457 489 1537 529 que

218 551 372 588 merito
417 549 493 588 lzoc
537 551 706 589 nomine
739 556 779 589 et
811 562 857 588 re
892 548 1078 588 nominis
1123 547 1358 601 gloriatur,
1397 547 1539 600 glorie

185 618 342 664 5lzuius
358 618 642 670 participium
669 631 942 670 usurpamuS.
966 617 1091 664 Quod
1112 617 1223 657 enim
1248 616 1380 656 simul
1394 628 1539 655 omnes

208 688 337 739 plene
361 689 609 740 integreque
635 688 919 739 possidemus,
950 687 1026 735 lzoc
1057 687 1221 739 singuli
1251 687 1343 725 sine
1366 691 1536 724 contra-

215 756 406 796 diccione
431 757 763 808 participamus.
805 756 989 796 Gracias
1029 756 1102 795 tibi
1134 756 1304 795 domine
1335 755 1435 795 Jesu
1467 755 1539 807 qui

216 838 293 864 nos
313 826 540 865 karissime
562 826 742 866 ecclesie
766 833 833 866 tue
857 839 1122 885 aggregare,
1135 824 1341 878 dignatus
1365 837 1422 872 es,
1452 837 1535 863 non

216 895 353 933 solum
377 901 422 933 ut
442 895 605 947 fideles
629 908 832 946 essemus,
849 896 925 935 sed
948 898 1081 935 eciam
1108 900 1152 933 ut
1173 895 1248 933 tibi
1272 895 1358 934 vice
1381 906 1536 946 sponse

163 989 201 1009 10
217 966 259 1003 in
293 965 522 1016 amplexus
546 964 750 1005 iocundos
773 972 913 1004 castos
935 970 1190 1017 eternosque
1214 963 1535 1015 copularemur.

173 1046 201 1079 S
275 1034 382 1072 Ecce
415 1035 636 1086 quomodo
670 1034 798 1073 sancti
832 1034 907 1072 sub
941 1034 1069 1073 dubio
1110 1041 1458 1086 presumpserunt
1496 1045 1537 1071 se
1553 1036 1641 1065 Thus
1661 1038 1711 1065 the
1726 1037 1827 1066 Saints

217 1116 304 1141 esse
327 1103 516 1142 membra
538 1103 721 1155 ecclesie,
743 1104 815 1142 sed
837 1103 1006 1142 nonnisi
1022 1117 1070 1142 ex
1084 1102 1380 1155 presupposita
1399 1101 1536 1141 imita-

219 1172 339 1210 cione
373 1172 517 1224 sponsi
551 1173 733 1214 ecclesie.
768 1173 889 1213 Unde
922 1186 1115 1212 sermone
1147 1172 1263 1211 ΧΙΙΙΟ
1287 1171 1386 1211 dicit
1407 1172 1535 1210 Bern-

216 1241 387 1281 hardus:
434 1243 479 1281 Si
518 1256 679 1295 sponsa
724 1245 864 1296 utique
912 1244 963 1282 de
1007 1245 1123 1282 omni
1166 1243 1322 1282 virtute
1352 1255 1434 1282 sua
1473 1240 1540 1281 vel

164 1311 370 1363 I‚sgracia
406 1313 702 1352 misericordie
738 1313 899 1353 audeat
932 1313 1014 1352 sihi
1047 1313 1265 1365 quippiam
1301 1324 1537 1364 arrogare,

215 1387 374 1432 quanto
394 1383 534 1421 minus
548 1382 863 1422 adolescentule
886 1382 1101 1435 queforte
1125 1394 1201 1422 nos
1227 1381 1411 1421 sumus?
1431 1382 1538 1421 Ecce

217 1451 437 1503 quomodo
471 1452 570 1492 dicit
588 1452 727 1505 forte.
761 1453 971 1491 Dicamus
995 1451 1181 1504 proinde
1214 1458 1251 1490 et
1284 1464 1361 1490 nos
1382 1464 1537 1503 sponse

217 1520 400 1573 vestigia
443 1522 723 1561 insectantes:
766 1521 863 1561 Non
911 1522 1033 1561 nobis
1064 1521 1245 1571 domine,
1279 1534 1361 1560 non
1403 1521 1536 1571 nobis,

218 1589 293 1628 sed
338 1591 502 1630 nomini
544 1598 614 1630 tuo
649 1591 704 1630 da
736 1592 941 1645 gloriam.
976 1591 1187 1630 Dicamus
1220 1604 1304 1630 non
1338 1589 1467 1630 verbo
1500 1597 1541 1629 et

164 1680 204 1701 20
222 1658 373 1712 lingua
423 1666 603 1708 tantum,
650 1660 726 1699 sed
769 1674 897 1712 opere
940 1667 979 1700 et
1025 1661 1227 1700 veritate:
1272 1661 1373 1713 quia
1411 1662 1539 1700 aliter

221 1740 304 1767 non
349 1741 498 1768 sumus
530 1729 768 1781 iuuencule,
808 1731 933 1769 iuxta
966 1729 1074 1768 illud
1104 1730 1270 1768 Psalmi
1301 1727 1537 1780 LXXVIIi,

218 1795 294 1849 35,
317 1797 392 1849 37:
422 1798 637 1846 Quoniam
669 1799 917 1839 dilexerunt
939 1812 1033 1838 eum
1058 1800 1098 1837 in
1123 1812 1195 1838 ore
1224 1812 1303 1838 suo
1325 1806 1364 1838 et
1385 1800 1538 1852 lingua

220 1868 384 1906 mentiti
420 1874 521 1906 sunt
557 1869 619 1917 ei,·
651 1881 725 1907 cor
765 1874 906 1908 autem
947 1881 1097 1908 eorum
1132 1881 1213 1907 non
1248 1875 1343 1908 erat
1373 1875 1536 1908 rectum

221 1949 314 1975 cum
361 1949 422 1984 eo,
472 1950 549 1976 nec
582 1936 744 1990 fideles
776 1937 908 1977 habiti
939 1944 1040 1977 sunt
1070 1938 1112 1976 in
1145 1943 1395 1977 testamento
1434 1939 1536 1977 eius.

165 2006 328 2049 25Ecce
360 2005 436 2046 iste
469 2016 634 2046 sanctus
666 2007 789 2060 plane
822 2007 1049 2046 sentenciat
1067 2008 1200 2060 quod,
1234 2007 1311 2046 nisi
1344 2007 1537 2047 habueri-

221 2089 316 2115 mus
360 2075 489 2114 vitam
534 2077 907 2129 contemplativam
939 2077 1004 2115 vel
1047 2076 1226 2116 activam
1265 2090 1394 2130 quam
1424 2077 1538 2117 Deus

221 2154 407 2197 acceptat
449 2147 500 2185 ad
545 2146 863 2196 beatitudinem,
916 2146 1032 2186 aliter
1075 2160 1162 2185 non
1207 2160 1353 2186 sumus
1400 2155 1538 2199 partes

224 2214 408 2254 ecclesie.
457 2215 555 2254 Ideo
600 2215 727 2255 instar
778 2224 1021 2255 sanctorum
1074 2216 1392 2268 decertaremuS,
1445 2216 1538 2269 quis

222 2292 364 2336 posset
396 2298 484 2324 esse
515 2285 558 2323 in
591 2285 808 2325 fructuoso
841 2285 1073 2325 ministerio
1105 2287 1248 2325 matris
1281 2299 1354 2325 sue
1386 2299 1535 2338 opero-

164 2363 206 2395 30
224 2352 308 2391 sior
339 2362 464 2406 atque
496 2354 709 2394 humilior.
743 2355 796 2394 Et
829 2368 876 2394 ex
908 2354 1005 2393 hinc
1038 2354 1151 2393 iuxta
1172 2354 1300 2394 fidem
1322 2355 1537 2407 scripture,

222 2423 395 2462 Matthei
427 2424 593 2475 XV1110‚
633 2439 665 2476 1,
699 2424 887 2478 sequitur
919 2425 1036 2477 quod
1070 2424 1120 2464 sit
1152 2424 1300 2464 maior.
1347 2424 1537 2464 Christus

222 2492 333 2530 enim
378 2506 461 2532 non
506 2494 644 2546 potuit
689 2508 776 2534 esse
816 2503 941 2547 caput
975 2494 1142 2534 ecclesie
1176 2496 1262 2533 sine
1294 2494 1536 2533 humillimo

279 2637 306 2663 9.
328 2629 365 2655 13:
389 2629 520 2665 Oportet
540 2629 636 2657 eciam
658 2635 689 2657 ut
708 2631 762 2658 tibi
782 2630 891 2657 vicem.
968 2639 1001 2657 11.
1022 2631 1050 2657 A
1070 2631 1100 2658 in
1121 2638 1236 2666 marg.:
1257 2629 1363 2657 Sancti
1383 2638 1452 2658 cum
1472 2630 1536 2658 for-

220 2673 335 2701 midine
356 2679 384 2702 et
404 2676 460 2702 sub
483 2684 537 2711 spe
559 2676 701 2703 dixerunt
721 2685 752 2703 se
774 2685 842 2704 esse
862 2677 1002 2704 membra
1029 2681 1134 2704 sancte
1158 2676 1296 2704 ecclesie.
1328 2677 1349 2704 ss
1370 2677 1400 2704 in
1421 2685 1536 2711 marg:

219 2718 318 2746 Nemo
339 2721 449 2748 audeat
469 2730 501 2748 se
522 2729 660 2749 asserere
681 2723 857 2750 membrum
879 2723 1016 2750 ecclesie.
1162 2723 1201 2751 13.
1223 2722 1262 2749 B:
1284 2731 1352 2758 cap.
1373 2722 1453 2750 XIII.
1474 2722 1535 2750 ΑΒ

220 2765 249 2792 in
271 2774 386 2801 marg.:
409 2767 616 2795 Bernhardus.
795 2776 833 2796 21.
855 2768 887 2796 In
910 2769 1075 2796 Bernard's
1096 2776 1220 2796 sermon
1240 2769 1290 2795 tlie
1311 2777 1442 2803 passage
1462 2777 1536 2796 runs

220 2820 252 2839 as
273 2812 410 2840 follows:
438 2813 484 2840 Ne
510 2814 590 2841 forte
617 2814 713 2849 (quod
740 2815 833 2842 nimis
855 2816 975 2850 vereor)
997 2815 1116 2842 dicatur
1136 2819 1164 2841 et
1185 2815 1221 2842 de
1242 2815 1350 2842 nobis:
1379 2815 1535 2850 Quoniam

221 2863 275 2885 etc¹
298 2879 305 2885 .
328 2879 334 2886 .
356 2859 436 2888 conf.
459 2860 541 2895 Opp.
558 2868 626 2895 pag.
644 2860 702 2895 527.
802 2860 839 2888 31.
862 2862 883 2888 B
905 2862 935 2889 in
956 2870 1071 2897 marg:
1093 2860 1198 2888 Matth.
1216 2859 1328 2888 XVIII.

1401 2909 1443 2942 5÷÷

1553 1073 1702 1100 hesitated
1723 1078 1753 1100 to
1770 1073 1827 1100 call

1597 1108 1783 1135 themselves

1552 1142 1708 1170 members
1729 1142 1764 1169 of
1778 1142 1828 1169 the

1622 1176 1758 1205 Church.
