2051 3273
169 209 249 248 216

221 1098 343 1130 Danger
363 1096 398 1123 οἱ

252 1131 361 1158 siches.

190 2137 265 2164 'l'his
276 2136 427 2171 privilege

182 2172 284 2199 would
307 2172 397 2198 allow
418 2179 434 2197 a

172 2206 282 2233 hostile
308 2214 394 2242 army
413 2211 444 2232 to

190 2242 226 2268 bc
247 2240 430 2268 liarboured.

887 216 1111 248 JOHANNJS
1138 216 1332 249 WYCLIF.
1592 200 1666 259 [CA
1675 212 1708 240 Ρ.
1728 212 1766 241 x.

454 331 489 363 et
523 323 697 363 verbere
729 321 952 373 discipline
975 321 1225 374 corrigitur,
1258 321 1358 373 quia
1392 320 1450 359 ad
1472 326 1618 359 eterne
1648 321 1900 364 here-15sd1

456 393 599 432 ditatis
632 391 944 443 patrimonium
970 398 1257 442 preparatur.
1310 389 1362 428 In
1395 390 1484 429 suis
1522 395 1662 429 autem
1697 403 1766 429 νο-

455 461 686 514 luptatibus
710 460 934 500 relaxatur
956 460 1152 507 iniustus,
1186 465 1227 498 et
1247 465 1406 511 quanto
1429 459 1488 498 eis
1509 460 1768 511 temporalia

455 532 562 570 bona
578 535 818 582 suppetunt,
842 536 961 569 tanto
976 535 1124 568 eterna
1139 528 1425 582 denegantur.
1455 528 1599 577 Vituli,
1618 528 1768 582 inquit,

454 603 526 653 qui
578 598 798 639 mactandi
840 605 942 638 sunt
986 598 1026 637 in
1080 597 1352 637 liberioribus
1388 597 1588 649 pastibus
1637 598 1802 640 melin-5

453 676 671 722 quuntur;
702 681 788 707 non
822 667 922 721 quin
957 676 1035 706 stat
1057 680 1151 706 vere
1183 666 1370 718 divitem,
1403 667 1445 705 in
1467 667 1769 719 temporalibus

454 739 712 789 affluentem,
735 751 910 790 regnum
931 737 1119 776 celorum
1141 736 1368 790 acquirere,
1392 737 1464 776 sed
1480 746 1579 776 tunc
1601 745 1770 789 oportet

454 809 593 848 Deum
616 807 868 847 miraculose
890 820 1009 859 agere
1032 807 1147 860 quod
1169 814 1271 859 aput
1288 806 1482 845 homines
1516 814 1577 845 est
1607 806 1768 859 impos-

454 878 583 928 sibile,
607 876 889 917 convertendo
912 876 1075 916 mundo
1098 876 1271 915 divitem
1292 876 1343 915 ab
1367 875 1591 915 affeccione
1605 884 1769 928 tempo-

454 947 602 986 ralium
633 956 673 987 et
707 945 935 986 carnalium
957 946 1187 998 voluptate,
1221 953 1261 985 et
1286 943 1470 985 'omnino
1502 945 1545 984 in
1578 945 1770 985 extremis
1789 965 1828 986 10

455 1016 539 1056 suis
561 1015 735 1056 finirein
751 1015 984 1068 evangelica
1008 1023 1250 1068 paupertate
1273 1012 1338 1069 (ut
1359 1023 1474 1067 patet
1488 1015 1601 1054 Luce
1615 1013 1767 1068 XIV0).

514 1087 637 1126 Unde
678 1085 775 1139 quia
807 1085 1021 1138 probabile
1053 1094 1114 1125 est
1146 1098 1303 1137 paucos
1342 1085 1491 1124 mundi
1529 1084 1675 1123 divites
1714 1084 1772 1123 sic

459 1154 603 1206 facere,
636 1155 732 1194 ideo
762 1163 1059 1207 argumentum
1080 1154 1271 1207 topicum
1295 1162 1355 1193 est
1386 1154 1501 1207 quod
1524 1153 1647 1193 multi
1670 1153 1771 1192 tales

457 1225 697 1266 moriuntur
727 1224 770 1263 in
803 1232 974 1276 peccato
1018 1223 1152 1263 finalis
1191 1223 1484 1276 inpenitencie.
1537 1223 1635 1262 Ideo
1675 1222 1773 1262 dicit

460 1294 685 1347 Gregorius
720 1291 809 1349 (ubi
843 1292 1008 1346 supra):
1057 1293 1290 1346 Negantur
1320 1293 1464 1333 electis
1496 1293 1539 1332 in
1576 1292 1656 1331 lzac
1686 1293 1829 1333 vita15

458 1365 567 1404 bona
599 1371 790 1412 terrena,
838 1364 938 1416 quia
969 1369 1006 1402 et
1039 1363 1155 1416 egris
1192 1363 1346 1415 quibus
1384 1375 1481 1414 spes
1512 1361 1681 1402 vivendi
1712 1367 1775 1401 est

458 1446 727 1486 nequaquam
773 1445 799 1471 a
845 1432 1008 1472 medico
1053 1439 1205 1471 cuncta
1250 1445 1331 1484 que
1375 1437 1581 1484 appetunt
1624 1443 1773 1471 conce-

458 1504 635 1542 duntur.
669 1501 849 1541 Dantur
870 1508 1011 1540 autem
1045 1502 1243 1553 reprobis
1275 1502 1385 1541 bona
1418 1502 1561 1553 quein
1585 1501 1667 1540 hac
1688 1501 1773 1539 vita

457 1578 677 1625 appetunt,
711 1572 812 1624 quia
836 1571 1075 1623 desperatis
1097 1572 1216 1624 egris
1249 1584 1372 1611 omne
1394 1570 1506 1623 quod
1527 1569 1774 1610 desiderant

460 1655 542 1682 non
578 1648 778 1694 negatur.
823 1641 1105 1680 Attendamus
1138 1654 1236 1694 ergo
1268 1641 1318 1680 ad
1353 1640 1585 1680 doctrinam
1619 1639 1772 1679 Christi
1789 1659 1831 1681 20

458 1711 499 1750 in
532 1723 659 1763 opere
703 1718 743 1749 et
785 1723 978 1749 sermone
1016 1718 1055 1748 et
1093 1709 1331 1749 videbimus
1370 1710 1485 1763 quod
1525 1708 1634 1748 filios
1673 1722 1772 1748 suos

459 1780 692 1820 carissimos
725 1792 812 1818 non
845 1779 902 1818 sic
925 1780 1054 1831 dotat,
1087 1788 1126 1818 et
1157 1788 1249 1818 tum
1278 1792 1356 1818 nos
1389 1778 1581 1818 faciendo
1614 1778 1771 1818 elemo-

460 1851 568 1889 sinas
600 1850 802 1889 debemus
835 1862 980 1901 capere
1019 1849 1262 1901 exemplum
1293 1862 1317 1887 a
1349 1848 1530 1888 Christo.
1577 1848 1630 1887 Et
1660 1856 1774 1900 patet

460 1920 576 1973 quod
620 1918 727 1958 dicte
770 1918 958 1958 raciones
1004 1931 1128 1971 super
1170 1918 1324 1971 pietate
1367 1917 1540 1957 milvina
1582 1925 1774 1970 pretense

460 2003 545 2029 non
589 1988 849 2028 concludunt
893 2001 968 2027 nec
1007 1987 1235 2027 rectificant
1273 1988 1345 2026 sed
1383 1987 1609 2027 excludunt
1646 1985 1771 2039 privi-
1791 1996 1831 2029 25

459 2058 565 2112 legia
597 2057 845 2111 supradicta.

518 2128 615 2166 Ideo
648 2135 775 2166 restat
805 2126 891 2166 iam
923 2135 1072 2179 quarto
1106 2126 1270 2166 obicere
1302 2134 1447 2166 contra
1478 2125 1559 2166 illa.
1598 2125 1814 2168 Videturd,
1838 2135 1878 2169 Κ

460 2198 616 2251 primo:
650 2196 691 2236 Si
723 2205 845 2235 tenor
866 2195 1183 2249 privilegiorum
1213 2196 1334 2235 debet
1366 2195 1423 2234 sic
1454 2195 1629 2248 intelligi
1662 2195 1774 2234 nude

459 2268 511 2306 ad
548 2266 742 2317 litteram,
787 2274 886 2304 tunc
925 2265 1066 2318 posito
1104 2266 1221 2318 quod
1260 2265 1460 2305 exercitus
1502 2264 1774 2303 inimicorum

458 2336 627 2375 invadat
658 2334 870 2387 Angliam,
911 2334 1032 2373 debet
1062 2334 1105 2373 in
1137 2334 1208 2373 illo
1241 2335 1336 2374 loco
1368 2334 1519 2373 habere
1550 2333 1831 2386 refugium‚3o

459 2406 516 2444 sic
548 2405 664 2458 quod
698 2412 793 2456 post
823 2403 1131 2443 recreacionem
1163 2412 1306 2456 posset
1343 2403 1575 2443 animosius
1612 2403 1773 2456 predari

460 2473 738 2527 provinciam.
783 2474 894 2513 Nam
926 2472 1111 2526 quelibet
1142 2487 1322 2526 persona
1353 2473 1446 2513 talis
1478 2472 1680 2512 exercitus
1714 2481 1774 2512 est

512 2655 538 2683 3.
568 2656 628 2683 ib.:
665 2655 746 2690 Quia
775 2659 859 2682 tanto
890 2655 917 2682 ei
946 2655 1130 2690 temporalia
1170 2655 1251 2682 bona
1284 2659 1463 2692 suppetunt,
1499 2659 1615 2690 quanto
1650 2657 1775 2681 aeterna

461 2702 662 2736 denegantur.
798 2700 823 2729 5.
844 2701 903 2729 ib.:
925 2701 953 2728 in
970 2701 1083 2729 liberis.
1222 2702 1260 2729 15.
1280 2702 1309 2729 A
1328 2701 1358 2729 in
1374 2709 1489 2736 marg:
1505 2700 1684 2736 Gregorius.
1705 2700 1727 2727 B
1741 2701 1772 2728 in

461 2755 575 2782 marg:
608 2747 694 2775 Bona
725 2752 846 2775 terrena
881 2756 975 2783 quare
1004 2747 1108 2775 electis
1140 2752 1300 2782 negantur.
1444 2755 1482 2782 ¹7·
1513 2747 1558 2775 A:
1588 2751 1680 2774 cunta
1716 2754 1772 2782 pro

461 2798 580 2820 cuncta.
722 2801 761 2823 21.
791 2795 819 2820 A
839 2794 895 2828 Α,;
923 2798 951 2821 et
976 2793 1147 2821 videamus.
1290 2801 1338 2828 24.
1365 2793 1386 2820 Β
1414 2793 1444 2820 in
1471 2800 1568 2827 marg.
1595 2799 1677 2820 man.
1704 2792 1772 2820 alt.:

463 2839 559 2866 Pietas
580 2839 715 2866 Milvina.
858 2847 901 2874 27.
924 2840 951 2867 A
971 2839 1000 2867 in
1021 2847 1135 2875 marg:
1158 2838 1259 2867 Prima
1279 2838 1374 2866 racio.
