2051 3273
221 218 300 256 252
934 226 1160 258 JOHANNIS
1188 226 1386 257 WYCLIF.
1628 212 1733 270 [CAP.
1751 224 1816 252 XII.

236 340 295 369 We
316 347 397 389 musi
419 347 471 380 not
510 332 685 371 nacione
719 346 741 370 a
774 332 863 384 lege
897 331 1072 381 domini,
1121 329 1218 383 quia
1253 338 1297 369 ut
1330 330 1480 370 dicitur
1511 331 1601 382 Xlfl,
1648 346 1685 385 q.
1735 332 1970 388 111³,1642A

219 378 392 450 deti‘Z‘gffssll
417 379 492 446 {er
508 403 614 442 inter
632 403 774 442 verba:
795 401 968 455 Sufficit
989 401 1223 441 christiano
1245 401 1445 441 invocare
1469 400 1508 439 in
1533 401 1821 441 testimonium

248 454 282 473 us
304 448 462 517 iiiiii-our
508 473 646 525 operis
679 480 903 525 purgatam
925 471 1237 511 conscienciam
1263 478 1387 522 atque
1411 470 1560 512 Deum.
1581 471 1822 523 Habemus,

508 542 642 595 inquit
688 541 931 594 Gregorius,
973 542 1160 581 Paulum
1210 540 1440 580 dicentem:
1478 540 1628 581 Gloria
1678 548 1822 581 nostra

506 612 580 651 lzec
611 618 683 663 est,
716 612 1002 651 testimonium
1035 610 1300 650 consciencie
1333 617 1490 650 nostre.
1543 610 1620 650 Job
1654 624 1855 664 quoquefi

506 680 622 720 dicit:
669 681 781 721 Ecce
814 682 856 721 in
890 681 978 720 celo
1010 681 1128 720 testis
1162 693 1294 720 meus.
1330 679 1387 729 Si,
1421 681 1571 733 inquit,
1605 688 1665 720 est
1705 682 1823 721 nobis

504 753 622 791 testis
654 752 694 790 in
729 751 838 800 celo,
873 752 989 791 testis
1012 752 1054 791 in
1079 750 1219 800 corde,
1253 749 1515 790 dimittamus
1538 750 1822 803 stultosforis

507 822 624 874 loqui
675 820 788 874 quod
837 821 998 861 volunt.
1057 820 1171 868 Quid
1223 820 1334 859 enim
1386 819 1509 859 aliud
1552 819 1823 859 detrahentes

493 891 673 945 faciunt
703 891 787 930 nisi
817 890 930 944 qnod
961 891 1002 930 in
1029 890 1255 942 pulverem
1289 889 1476 943 sufflant
1520 897 1557 929 et
1600 890 1642 930 in
1676 889 1825 929 oculos

505 973 609 1000 sitos
662 966 823 999 terram
880 960 1083 1008 excitant,
1140 966 1184 999 ut
1237 959 1350 999 unde
1387 959 1492 1011 plus
1535 959 1823 999 detraccionis
1845 984 1883 1005 ,Ο

498 1030 708 1083 petflant,
742 1029 840 1069 inde
872 1029 1027 1083 magis,
1061 1029 1192 1069 nichil
1225 1029 1418 1069 veritatis
1451 1029 1636 1069 videant.
1670 1028 1725 1080 Si,
1760 1029 1821 1068 in-

507 1114 651 1153 quam,
699 1099 958 1152 publicarem
1000 1099 1124 1139 istam
1170 1098 1425 1139 sentenciam
1474 1112 1603 1152 quam
1655 1098 1823 1152 predico

507 1169 792 1222 principaliter
823 1178 995 1222 propter
1027 1169 1193 1209 lucrum
1226 1169 1353 1208 seculi
1385 1169 1451 1208 vel
1481 1169 1653 1209 laudem
1685 1168 1823 1208 homi-

508 1253 628 1291 num,
674 1253 751 1292 ego
797 1253 931 1278 essem
975 1253 1043 1278 me
1087 1238 1180 1291 ipso
1225 1238 1412 1290 stulcior,
1456 1239 1599 1279 lavans
1638 1239 1823 1291 laterem,

506 1310 605 1363 quia
648 1309 734 1349 scio
786 1309 902 1362 quod
954 1308 1064 1348 fama
1107 1309 1172 1348 vel
1222 1307 1338 1348 favor
1392 1308 1541 1361 populi
1587 1318 1647 1349 est
1704 1309 1823 1347 valde
1844 1321 1881 1354 15

506 1379 696 1420 flexibilis
738 1388 777 1419 et
821 1378 1019 1418 vertibilis
1063 1387 1234 1431 propter
1271 1378 1484 1431 timorem,
1529 1377 1715 1418 favorem
1760 1379 1825 1418 vel

506 1450 659 1489 odium
691 1449 821 1488 instar
852 1448 978 1488 venti.
1019 1448 1100 1488 Sed
1133 1462 1231 1487 cum
1264 1448 1412 1487 veritas
1435 1447 1461 1475 5³³
1483 1448 1647 1487 domini
1680 1458 1822 1488 manet
1843 1459 1922 1503 154b

505 1533 683 1572 semper,
724 1533 810 1558 non
845 1527 988 1558 movet
1020 1517 1129 1557 dicta
1161 1516 1342 1557 infidelis
1375 1518 1616 1558 commocio
1653 1518 1820 1558 fidelem

507 1603 674 1629 servum
706 1588 875 1638 Christi,
911 1597 957 1627 ut
989 1587 1166 1627 omnino
1199 1596 1343 1639 taceat,
1377 1587 1475 1640 quia
1496 1591 1588 1628 Act.
1626 1588 1761 1629 XVIIo
1785 1599 1824 1629 et

505 1660 621 1699 XIXO
637 1658 788 1711 legitur
809 1658 1029 1711 quomodo
1059 1671 1270 1711 synagoga
1293 1658 1523 1697 Judeorum
1557 1666 1596 1697 et
1618 1658 1824 1711 principes
1842 1682 1883 1703 20

505 1730 772 1769 sacerdotum
787 1728 1101 1768 concitaverunt
1115 1728 1306 1780 vulgum,
1323 1727 1582 1768 Demetrium
1599 1737 1638 1768 et
1653 1728 1826 1768 artifices

507 1800 700 1839 facientes
736 1800 830 1838 edes
868 1806 1082 1851 argenteas
1118 1797 1263 1849 Diane,
1309 1812 1357 1837 ex
1393 1798 1545 1851 quibus
1586 1798 1827 1851 quesierunt

506 1878 702 1923 questum
730 1882 817 1908 non
848 1868 1078 1919 modicum,
1108 1881 1378 1907 commovere
1406 1867 1617 1921 populum
1648 1868 1825 1908 clamare

506 1948 759 1980 constanter:
782 1940 953 1992 Magna
976 1938 1124 1977 Diana
1156 1938 1462 1990 Ephesiorum,
1496 1939 1567 1977 sed
1599 1948 1695 1991 post
1724 1951 1824 1978 con-

508 2010 612 2050 versi
636 2017 924 2063 cognoverunt
947 2009 1061 2062 quod
1084 2008 1273 2048 doctrina
1294 2008 1473 2061 apostoli
1491 2008 1569 2048 fuit
1591 2008 1647 2047 eis
1670 2008 1824 2049 utilior.
1840 2020 1881 2052 25

265 2081 324 2108 We
346 2082 444 2109 d010⁵t
568 2080 837 2119 Detestamur
869 2087 1011 2118 autem
1042 2078 1299 2118 occisionem
1330 2078 1554 2117 hominum
1587 2079 1744 2118 nedum
1782 2079 1871 2122 inB

221 2117 494 2215 Vl){c÷{l¹2{{{¹{{ssjt0s
509 2148 891 2190 Westmonasterio
916 2149 986 2188 sed
1008 2148 1251 2188 altrinsecus
1274 2148 1378 2187 inter
1400 2161 1538 2200 regna,
1571 2149 1643 2187 sed
1676 2148 1821 2187 distin-

507 2220 676 2274 guimus
709 2219 816 2259 inter
849 2219 1152 2258 extraccionem
1184 2231 1259 2270 pro
1289 2218 1418 2257 tutela
1450 2217 1580 2269 regni,
1627 2227 1665 2258 et
1704 2219 1822 2258 casti-

508 2290 681 2343 gacione
714 2289 939 2329 hominum
971 2288 1125 2328 salubri
1165 2287 1391 2327 hominum
1413 2287 1622 2341 legiorum
1654 2289 1703 2328 de
1737 2302 1821 2342 quo

507 2361 612 2400 facta
628 2359 705 2400 fuit
721 2359 841 2398 nobis
860 2358 1037 2412 questio,
1061 2367 1099 2397 et
1122 2357 1227 2397 inter
1246 2357 1502 2397 occisionem
1520 2371 1600 2411 que
1617 2357 1722 2398 facta
1746 2358 1822 2398 fuit
1837 2371 1880 2403 30

506 2439 642 2483 preter
664 2437 910 2482 preceptum
940 2436 1010 2466 aut
1031 2427 1292 2466 voluntatem
1324 2428 1431 2478 regis
1464 2427 1529 2467 vel
1561 2426 1622 2466 sui
1646 2427 1820 2468 consilii.

506 2500 626 2539 Unde
648 2498 892 2538 hominibus
920 2511 1135 2537 armorum
1158 2497 1253 2549 plus
1276 2507 1472 2550 optamus
1501 2497 1820 2551 prosperitatem

560 2644 584 2663 2.
613 2636 640 2663 A
662 2635 683 2662 Β
704 2636 733 2663 in
756 2643 871 2670 marg:
900 2634 991 2663 Nota.
1135 2644 1164 2669 .1.
1196 2635 1215 2662 Β
1237 2636 1267 2663 in
1290 2643 1386 2670 marg.
1412 2642 1492 2662 man.
1513 2635 1580 2661 alt-t
1611 2632 1722 2662 Testes
1749 2635 1819 2662 duo.

508 2691 537 2718 9.
560 2691 593 2709 11.
615 2683 643 2709 A
665 2683 720 2717 Al:
742 2687 769 2709 et
790 2683 819 2709 in
836 2698 864 2701 -—
882 2680 1011 2717 perflant
1032 2682 1128 2709 deest.
1248 2690 1293 2715 14.
1313 2683 1359 2709 A:
1380 2681 1508 2709 laudans
1529 2679 1664 2707 laterem.

574 2801 599 2821 1.
632 2789 680 2821 Ib.
714 2800 815 2821 causa
847 2790 902 2831 XI,
934 2801 966 2832 q.
1002 2790 1055 2829 ΙΙΙ,
1095 2800 1122 2821 c.
1156 2790 1215 2821 LV
1251 2796 1284 2820 et
1318 2789 1402 2820 LVI.
1544 2787 1572 2818 3.
1601 2788 1705 2829 Greg.
1732 2788 1821 2830 Epp.

508 2847 585 2878 Lib.
610 2848 665 2878 XI.
692 2848 754 2890 Ep.
784 2848 823 2878 ll.
