2051 3343
163 250 210 288 14
874 246 1098 279 JOHANNIS
1123 246 1318 278 WYCLIF.
1613 232 1719 289 [CAP.
1740 243 1760 269 1.

449 351 566 391 aliter
597 365 684 390 non
717 360 853 390 essent
885 351 936 389 ad
959 365 1084 390 suum
1106 349 1373 403 propositum
1396 349 1501 388 intra
1533 349 1760 389 ecclesiam.
1783 362 1914 406 123qu

448 422 567 461 Patet
599 421 783 460 secundo
831 421 946 473 quod
978 421 1171 472 ipsorum
1218 428 1278 459 est
1325 419 1542 460 cohercere
1592 419 1763 458 rebelles

450 490 633 542 ecclesie,
666 490 908 543 ubicunque
939 489 1161 543 requiritur
1193 490 1388 542 potencia
1430 489 1600 529 civiliter
1644 502 1761 528 coac-

159 558 259 620 {ligi}
279 565 431 619 ᾖῗξξξέιξ
450 560 545 600 tiva.
580 561 702 600 Unde
736 569 854 600 notat
885 559 1095 598 Johannes
1129 560 1178 598 de
1200 560 1291 598 Deo
1325 568 1421 599 octo
1455 572 1573 598 casus
1597 558 1638 597 in
1672 557 1763 611 qui-

160 627 433 689 Ξῑῦξξσδξςῇῗξιὲθεῑ
448 631 524 669 bus
557 630 853 669 ecclesiasticus
878 629 1078 669 subicitur
1099 629 1255 669 iudicio
1278 630 1343 669 vel
1372 627 1624 668 correccioni
1647 640 1763 666 secu-
1783 642 1798 675 5

187 697 404 759 ᾞέξρξὲῐῗὲῃῡΐ
446 699 537 739 lari:
578 700 742 739 Primus
776 713 894 739 casus
928 708 989 738 est
1021 712 1118 738 cum
1154 699 1325 738 clericus
1359 708 1418 738 est
1452 696 1764 749 incorrigibili53

447 769 654 808 secundus
696 777 756 808 est
803 782 901 808 cum
946 777 1120 821 propter
1163 768 1446 808 ambicionem
1490 767 1661 807 clericus
1706 774 1766 804 est

446 839 642 890 intrusor,
676 839 807 878 eciam
841 849 970 891 papa3
1004 838 1153 878 tercius
1199 847 1260 878 est
1302 839 1473 892 quando
1519 837 1647 877 fidem
1678 834 1768 874 vult

448 909 700 960 subvertere,
724 917 896 961 quartus
914 909 1086 961 quando
1103 916 1163 947 est
1177 908 1380 960 falsarius,
1403 908 1575 961 quintus
1594 907 1765 962 quando

446 977 542 1017 facit
573 978 735 1029 scisma,
770 986 909 1017 sextus
948 978 1119 1031 quando
1165 977 1428 1030 contempnit
1475 976 1824 1023 excommuni-10

447 1047 675 1099 cacionem,
709 1048 911 1101 septimus
956 1049 1126 1100 quando
1171 1056 1354 1101 potestas
1400 1048 1568 1087 ecclesie
1614 1048 1764 1101 deficit,

447 1126 486 1157 et
517 1126 689 1157 octavus
722 1118 826 1157 dum
859 1117 1066 1170 principes
1100 1118 1227 1157 seculi
1276 1126 1425 1170 petunt
1467 1118 1674 1157 tributum
1715 1119 1766 1157 ab

447 1187 629 1227 ecclesia.
675 1188 728 1226 Et
761 1187 908 1226 fundat
946 1187 1022 1226 ista
1067 1201 1139 1240 per
1181 1188 1292 1240 leges
1341 1187 1606 1240 multiplices.
1655 1187 1766 1228 Cum

447 1271 545 1310 ergo
578 1257 621 1295 in
654 1257 773 1296 nullo
806 1256 987 1296 istorum
1032 1270 1207 1297 casuum
1252 1257 1374 1296 debet
1418 1257 1612 1296 secularis
1646 1257 1766 1296 corri-

446 1341 541 1380 gere
564 1327 642 1365 nisi
667 1326 940 1366 conformiter
971 1327 1022 1365 ad
1045 1327 1306 1380 scripturam,
1331 1335 1369 1366 et
1392 1340 1466 1379 per
1488 1340 1765 1379 consequens,
1787 1340 1822 1371 15

446 1397 693 1436 auctoritate
717 1396 873 1436 summi
890 1395 1119 1449 pontificis:
1146 1405 1259 1449 patet
1274 1395 1514 1448 supradicta
1538 1395 1765 1437 conclusio.

180 1484 407 1511 Fifthconclu-
506 1466 666 1515 Quinta
699 1466 917 1506 conclusio
951 1474 1012 1505 est
1053 1466 1150 1505 ista:
1201 1466 1380 1505 Subesse
1425 1467 1620 1505 Romano
1656 1478 1813 1518 pon-L

174 1520 255 1545 sion.
277 1518 419 1547 Submis-
469 1538 476 1545 .
543 1538 549 1544 .
691 1537 698 1544 .
1474 1536 1480 1543 .
1725 1536 1731 1542 .

158 1554 225 1580 ⁵10„
241 1559 270 1580 10
285 1555 334 1580 me
350 1536 547 1589 popetzficz
581 1549 696 1575 omnz
729 1537 917 1575 humane
938 1543 1094 1576 nature
1127 1542 1190 1576 est
1233 1535 1284 1575 de
1318 1541 1566 1575 necessztate
1601 1535 1765 1574 salutzs.

157 1597 181 1615 ¹⁵
212 1594 431 1651 ἓῖῗζὲῗῑῖῗῖῖο
447 1606 563 1645 Patet
596 1619 643 1645 ex
674 1605 756 1645 hoc
789 1606 906 1659 quod
951 1619 1078 1645 nemo
1123 1613 1263 1659 potest
1314 1605 1474 1656 salvari,
1520 1604 1597 1643 nisi
1642 1604 1764 1643 meri-

448 1675 551 1715 torie
584 1675 716 1714 subsit
749 1675 939 1727 Christ03
984 1676 1056 1714 sed
1098 1675 1187 1728 ipse
1234 1683 1295 1714 est
1326 1676 1545 1714 Romanus
1577 1673 1767 1728 pontifex
1783 1700 1824 1721 20

449 1745 554 1784 sicut
587 1753 647 1784 est
686 1753 812 1798 caput
855 1745 1100 1785 universalis
1145 1759 1191 1785 ac
1238 1745 1459 1785 cuiuslibet
1505 1744 1766 1797 particularis

449 1814 643 1854 ecclesie:
677 1828 774 1868 ergo
808 1815 1039 1855 conclusio.
1085 1816 1195 1854 Nam
1228 1815 1426 1855 columba
1452 1814 1603 1854 dicitur
1634 1815 1766 1854 modo

448 1884 606 1932 viatrix,
640 1884 740 1937 quia
772 1885 1007 1924 secundum
1040 1894 1215 1938 partem,
1248 1885 1375 1936 igitur
1406 1898 1479 1937 per
1510 1884 1643 1924 idem:
1676 1883 1768 1936 ipsa

451 1962 511 1993 est
557 1955 751 1994 Romana
797 1954 983 2007 ecclesia,
1028 1954 1126 2008 quia
1172 1955 1405 1994 secundum
1453 1962 1626 2007 partem.
1671 1954 1769 1992 Non

451 2024 565 2063 enim
597 2033 657 2063 est
687 2024 813 2076 racio,
847 2038 975 2078 quare
1007 2024 1098 2077 ipsa
1130 2025 1261 2064 modo
1284 2024 1569 2077 peregrinatur
1600 2023 1665 2062 vel
1696 2022 1767 2062 tri·
1786 2037 1826 2070 25

180 2113 235 2143 As,
256 2111 415 2138 wherever
454 2094 620 2133 bulatur
653 2093 729 2133 nisi
763 2095 880 2147 quod
902 2095 1137 2134 secundum
1158 2102 1333 2147 partem.
1368 2095 1420 2133 Et
1442 2093 1650 2147 peridem
1681 2092 1770 2145 ipsa

159 2146 437 2181 111e1>opeiS,there
454 2163 461 2169 -
584 2163 591 2170 .
1070 2164 1077 2171 .

178 2182 273 2209 isme
293 2180 412 2208 Roman
452 2163 656 2203 inhabltat
702 2164 900 2216 Romam,
953 2164 1152 2216 Angllam
1205 2173 1244 2203 et
1289 2177 1587 2217 quemcunque
1625 2164 1770 2202 locum

162 2216 435 2289 thels'ssi-rgss'iffgne
450 2232 629 2273 fidelem.
694 2235 802 2274 Nam
855 2235 886 2273 si
940 2234 1181 2287 ubicunque
1238 2248 1347 2287 papa
1404 2232 1539 2285 fuerit,
1599 2232 1655 2271 ibi
1711 2240 1771 2271 est

162 2285 435 2382 {ie13i¹‘io{¹l¹itshii}¹3
449 2303 642 2342 Romana
674 2303 857 2355 ecclesia,
896 2303 994 2357 quia
1026 2305 1172 2343 eadem
1204 2303 1374 2343 ecclesia
1405 2316 1486 2356 que
1516 2304 1651 2342 Rome
1686 2301 1770 2340 edi-

189 2364 280 2382 Omni]
335 2363 400 2382 iure
412 2364 434 2381 Ἰ.

508 2412 538 2437 4.
559 2406 586 2431 Α
607 2403 636 2431 in
658 2413 761 2440 marg:
784 2406 864 2432 Octo
885 2413 975 2432 casus
997 2405 1026 2432 in
1049 2405 1160 2440 quibus
1182 2404 1409 2432 ecclesiasticus
1431 2404 1572 2431 subditur
1587 2403 1702 2430 indicio
1723 2402 1770 2429 vei

452 2451 642 2478 correccioni
663 2452 805 2479 seculari.
827 2451 848 2478 Β
870 2452 899 2479 in
922 2459 1025 2485 marg:
1050 2451 1206 2478 ‚Iohannes
1228 2451 1264 2478 de
1286 2451 1361 2478 Deo.
1384 2450 1462 2478 Octo
1490 2458 1580 2477 casus
1602 2449 1631 2476 in
1659 2449 1771 2484 quibus

452 2497 680 2524 ecclesiasticus
696 2498 846 2525 subicitur
860 2498 974 2525 iudicio
992 2497 1122 2524 seculari
1137 2497 1336 2525 1Ecclesiast.
1351 2506 1381 2531 4,
1395 2505 1414 2533 1,
1428 2497 1456 2532 6,
1470 2505 1497 2533 7,
1510 2496 1526 2524 8
1539 2496 1618 2531 (sic).
1691 2494 1718 2522 8.
1732 2494 1770 2520 ss:

450 2543 545 2570 tercio
567 2543 700 2578 quando.
792 2552 830 2571 12.
844 2544 883 2571 13:
905 2552 975 2571 cum
997 2544 1168 2579 principes.
1259 2543 1373 2578 17.A13
1389 2544 1418 2570 in
1432 2551 1535 2577 marg:
1558 2542 1674 2577 Quinta
1694 2549 1770 2568 con-

451 2590 559 2616 clusio.
653 2598 694 2619 22,
717 2592 756 2617 B:
778 2590 870 2625 igitur
881 2591 1050 2619 conclusio.
1072 2590 1099 2616 A
1113 2593 1169 2624 Al:
1191 2591 1284 2626 igitur
1298 2606 1325 2610 —
1340 2594 1456 2625 partem
1470 2590 1565 2617 deest.
1644 2596 1688 2623 27.
1701 2588 1770 2615 Ain

452 2644 553 2671 marg:
580 2638 665 2666 Sicut
694 2638 870 2672 ubicunque
892 2642 938 2664 est
958 2646 1049 2675 papa,
1071 2638 1113 2665 ibi
1134 2642 1179 2666 est
1199 2637 1330 2665 ecclesia
1351 2636 1508 2664 Romana:
1531 2636 1574 2663 sic
1594 2635 1771 2670 ubicunque

452 2688 496 2710 est
517 2683 625 2720 iidclis,
647 2684 744 2711 eciam
767 2689 812 2711 est
831 2685 960 2712 ecclesia
979 2684 1127 2712 Romana.
1251 2691 1298 2720 29.
1320 2683 1360 2711 B:
1383 2683 1454 2719 quia
1474 2699 1506 2702 -
1527 2681 1659 2709 ecclesia
1679 2681 1770 2708 deest.

510 2766 541 2795 4.
569 2756 616 2787 As
648 2763 683 2787 to
716 2755 894 2788 Johannes
928 2757 970 2788 de
1003 2757 1089 2798 Deo,
1124 2767 1142 2788 a
1174 2755 1323 2799 Spanish
1356 2755 1560 2798 theologiam
1595 2753 1660 2785 and
1694 2764 1771 2796 pro-

453 2813 563 2844 fessor
596 2814 635 2844 of
664 2814 816 2857 Divinity
852 2815 884 2846 in
913 2815 1070 2857 Bologna
1102 2825 1160 2846 see
1186 2815 1292 2846 Trial.
1321 2815 1374 2847 ed.
1402 2813 1561 2854 Lechler,
1588 2823 1665 2855 pag.
1695 2813 1771 2845 251.

460 2872 508 2903 18.
536 2872 599 2903 See
628 2872 760 2904 Decret.
789 2873 900 2904 Unam
929 2880 1100 2913 sanctam;
1129 2872 1171 2903 cs.
1201 2882 1278 2914 pag.
1308 2883 1341 2916 9,
1369 2873 1387 2903 1.
1418 2882 1471 2903 20.
