<?xml version="1.0" encoding="UTF-8"?>
<!DOCTYPE html PUBLIC "-//W3C//DTD XHTML 1.0 Transitional//EN"
    "http://www.w3.org/TR/xhtml1/DTD/xhtml1-transitional.dtd">
<html xmlns="http://www.w3.org/1999/xhtml" xml:lang="en" lang="en">
 <head>
  <title>
</title>
<meta http-equiv="Content-Type" content="text/html;charset=utf-8" />
  <meta name='ocr-system' content='tesseract 3.04.00' />
  <meta name='ocr-capabilities' content='ocr_page ocr_carea ocr_par ocr_line ocrx_word'/>
</head>
<body>
  <div class='ocr_page' id='page_1' title='image "./tractatusdeeccle00wycl_0335.png"; bbox 0 0 2051 3273; ppageno 0'>
   <div class='ocr_carea' id='block_1_1' title="bbox 288 235 1103 290">
    <p class='ocr_par' dir='ltr' id='par_1_1' title="bbox 288 235 1103 290">
     <span class='ocr_line' id='line_1_1' title="bbox 288 235 1103 290; baseline 0.007 -19"><span class='ocrx_word' id='word_1_1' title='bbox 288 244 377 272; x_wconf 79' lang='lat' dir='ltr'><strong>CAP.</strong></span> <span class='ocrx_word' id='word_1_2' title='bbox 397 235 499 290; x_wconf 68' lang='lat' dir='ltr'>xm]</span> <span class='ocrx_word' id='word_1_3' title='bbox 780 247 840 281; x_wconf 82' lang='lat' dir='ltr'>DE</span> <span class='ocrx_word' id='word_1_4' title='bbox 867 246 1103 279; x_wconf 80' lang='lat' dir='ltr'><strong>ECCLESIA.</strong></span> 
     </span>
    </p>
   </div>
   <div class='ocr_carea' id='block_1_2' title="bbox 190 349 1595 2482">
    <p class='ocr_par' dir='ltr' id='par_1_2' title="bbox 190 349 1595 962">
     <span class='ocr_line' id='line_1_2' title="bbox 190 349 1594 403; baseline -0.001 -13"><span class='ocrx_word' id='word_1_5' title='bbox 190 363 223 396; x_wconf 86' lang='grc' dir='ltr'>Β</span> <span class='ocrx_word' id='word_1_6' title='bbox 248 363 273 396; x_wconf 77' lang='lat'><strong>2</strong></span> <span class='ocrx_word' id='word_1_7' title='bbox 346 352 464 402; x_wconf 90' lang='lat' dir='ltr'>Item,</span> <span class='ocrx_word' id='word_1_8' title='bbox 498 351 529 389; x_wconf 92' lang='lat' dir='ltr'>si</span> <span class='ocrx_word' id='word_1_9' title='bbox 563 350 754 390; x_wconf 77' lang='lat' dir='ltr'>Christus</span> <span class='ocrx_word' id='word_1_10' title='bbox 787 359 825 390; x_wconf 90' lang='lat' dir='ltr'>et</span> <span class='ocrx_word' id='word_1_11' title='bbox 858 351 920 390; x_wconf 89' lang='lat' dir='ltr'>sui</span> <span class='ocrx_word' id='word_1_12' title='bbox 953 351 1134 403; x_wconf 84' lang='lat' dir='ltr'>apostoli</span> <span class='ocrx_word' id='word_1_13' title='bbox 1173 350 1415 389; x_wconf 79' lang='lat' dir='ltr'>habuissent</span> <span class='ocrx_word' id='word_1_14' title='bbox 1446 349 1509 389; x_wconf 90' lang='lat' dir='ltr'>ius</span> <span class='ocrx_word' id='word_1_15' title='bbox 1542 351 1594 389; x_wconf 84' lang='lat' dir='ltr'>ad</span> 
     </span>
     <span class='ocr_line' id='line_1_3' title="bbox 195 419 1594 472; baseline -0.002 -12"><span class='ocrx_word' id='word_1_16' title='bbox 195 419 272 464; x_wconf 83' lang='lat' dir='ltr'>171b</span> <span class='ocrx_word' id='word_1_17' title='bbox 288 420 459 460; x_wconf 90' lang='lat' dir='ltr'>civiliter</span> <span class='ocrx_word' id='word_1_18' title='bbox 491 420 813 472; x_wconf 83' lang='lat' dir='ltr'>dominandum,</span> <span class='ocrx_word' id='word_1_19' title='bbox 848 429 886 459; x_wconf 87' lang='lat' dir='ltr'>et</span> <span class='ocrx_word' id='word_1_20' title='bbox 917 420 1090 461; x_wconf 79' lang='lat' dir='ltr'>faciliter</span> <span class='ocrx_word' id='word_1_21' title='bbox 1121 434 1169 459; x_wconf 84' lang='lat' dir='ltr'>ex</span> <span class='ocrx_word' id='word_1_22' title='bbox 1201 419 1422 459; x_wconf 85' lang='lat' dir='ltr'>oblacione</span> <span class='ocrx_word' id='word_1_23' title='bbox 1446 419 1594 458; x_wconf 84' lang='lat' dir='ltr'>mundi</span> 
     </span>
     <span class='ocr_line' id='line_1_4' title="bbox 286 489 1594 542; baseline -0.001 -13"><span class='ocrx_word' id='word_1_24' title='bbox 286 498 513 542; x_wconf 88' lang='lat' dir='ltr'>potentum</span> <span class='ocrx_word' id='word_1_25' title='bbox 545 498 717 542; x_wconf 84' lang='lat' dir='ltr'>possent</span> <span class='ocrx_word' id='word_1_26' title='bbox 748 489 871 529; x_wconf 87' lang='lat' dir='ltr'>fuisse</span> <span class='ocrx_word' id='word_1_27' title='bbox 902 489 1027 542; x_wconf 86' lang='lat' dir='ltr'>positi</span> <span class='ocrx_word' id='word_1_28' title='bbox 1050 490 1092 528; x_wconf 87' lang='lat' dir='ltr'>in</span> <span class='ocrx_word' id='word_1_29' title='bbox 1122 489 1388 542; x_wconf 83' lang='lat' dir='ltr'>possessione</span> <span class='ocrx_word' id='word_1_30' title='bbox 1411 489 1594 542; x_wconf 79' lang='lat' dir='ltr'>pacifica,</span> 
     </span>
     <span class='ocr_line' id='line_1_5' title="bbox 287 559 1595 613; baseline -0.001 -14"><span class='ocrx_word' id='word_1_31' title='bbox 287 570 333 600; x_wconf 90' lang='lat' dir='ltr'>ut</span> <span class='ocrx_word' id='word_1_32' title='bbox 364 568 477 613; x_wconf 83' lang='lat' dir='ltr'>patet</span> <span class='ocrx_word' id='word_1_33' title='bbox 508 561 558 599; x_wconf 92' lang='lat' dir='ltr'>de</span> <span class='ocrx_word' id='word_1_34' title='bbox 581 559 845 613; x_wconf 83' lang='lat' dir='ltr'>Evangelista</span> <span class='ocrx_word' id='word_1_35' title='bbox 878 569 916 599; x_wconf 90' lang='lat' dir='ltr'>et</span> <span class='ocrx_word' id='word_1_36' title='bbox 948 560 1035 598; x_wconf 82' lang='lat' dir='ltr'>aliis</span> <span class='ocrx_word' id='word_1_37' title='bbox 1068 560 1239 600; x_wconf 82' lang='lat' dir='ltr'>sanctis:</span> <span class='ocrx_word' id='word_1_38' title='bbox 1270 559 1458 613; x_wconf 87' lang='lat' dir='ltr'>sequitur</span> <span class='ocrx_word' id='word_1_39' title='bbox 1479 560 1595 612; x_wconf 79' lang='lat' dir='ltr'>quod</span> 
     </span>
     <span class='ocr_line' id='line_1_6' title="bbox 254 629 1594 682; baseline 0 -14"><span class='ocrx_word' id='word_1_40' title='bbox 254 642 335 674; x_wconf 81' lang='lat' dir='ltr'>5ex</span> <span class='ocrx_word' id='word_1_41' title='bbox 367 629 524 669; x_wconf 83' lang='lat' dir='ltr'>desidia</span> <span class='ocrx_word' id='word_1_42' title='bbox 556 629 730 669; x_wconf 88' lang='lat' dir='ltr'>fuissent</span> <span class='ocrx_word' id='word_1_43' title='bbox 761 629 880 668; x_wconf 83' lang='lat' dir='ltr'>valde</span> <span class='ocrx_word' id='word_1_44' title='bbox 914 629 1154 682; x_wconf 78' lang='lat' dir='ltr'>culpabiles,</span> <span class='ocrx_word' id='word_1_45' title='bbox 1201 643 1298 670; x_wconf 86' lang='lat' dir='ltr'>cum</span> <span class='ocrx_word' id='word_1_46' title='bbox 1330 639 1503 682; x_wconf 86' lang='lat' dir='ltr'>possent</span> <span class='ocrx_word' id='word_1_47' title='bbox 1540 630 1594 668; x_wconf 80' lang='lat' dir='ltr'>ita</span> 
     </span>
     <span class='ocr_line' id='line_1_7' title="bbox 286 698 1593 752; baseline 0.001 -15"><span class='ocrx_word' id='word_1_48' title='bbox 286 698 460 739; x_wconf 80' lang='lat' dir='ltr'>faciliter</span> <span class='ocrx_word' id='word_1_49' title='bbox 491 698 721 752; x_wconf 81' lang='lat' dir='ltr'>quesivisse</span> <span class='ocrx_word' id='word_1_50' title='bbox 754 698 817 738; x_wconf 89' lang='lat' dir='ltr'>ius</span> <span class='ocrx_word' id='word_1_51' title='bbox 850 699 927 738; x_wconf 85' lang='lat' dir='ltr'>sibi</span> <span class='ocrx_word' id='word_1_52' title='bbox 951 708 990 739; x_wconf 91' lang='lat' dir='ltr'>et</span> <span class='ocrx_word' id='word_1_53' title='bbox 1013 713 1085 738; x_wconf 90' lang='lat' dir='ltr'>sue</span> <span class='ocrx_word' id='word_1_54' title='bbox 1118 699 1289 739; x_wconf 85' lang='lat' dir='ltr'>ecclesie</span> <span class='ocrx_word' id='word_1_55' title='bbox 1312 709 1350 739; x_wconf 91' lang='lat' dir='ltr'>et</span> <span class='ocrx_word' id='word_1_56' title='bbox 1379 713 1593 739; x_wconf 79' lang='lat' dir='ltr'>excusasse</span> 
     </span>
     <span class='ocr_line' id='line_1_8' title="bbox 284 838 1595 892; baseline 0.001 -15"><span class='ocrx_word' id='word_1_57' title='bbox 284 847 346 878; x_wconf 83' lang='lat' dir='ltr'>tra</span> <span class='ocrx_word' id='word_1_58' title='bbox 378 838 641 891; x_wconf 82' lang='lat' dir='ltr'>evangelium</span> <span class='ocrx_word' id='word_1_59' title='bbox 674 839 786 877; x_wconf 90' lang='lat' dir='ltr'>Luce</span> <span class='ocrx_word' id='word_1_60' title='bbox 818 838 969 890; x_wconf 80' lang='lat' dir='ltr'>XX110‚</span> <span class='ocrx_word' id='word_1_61' title='bbox 1002 839 1072 878; x_wconf 88' lang='lat' dir='ltr'>ubi</span> <span class='ocrx_word' id='word_1_62' title='bbox 1106 839 1299 878; x_wconf 89' lang='lat' dir='ltr'>decidens</span> <span class='ocrx_word' id='word_1_63' title='bbox 1327 839 1595 892; x_wconf 84' lang='lat' dir='ltr'>questionem</span> 
     </span>
     <span class='ocr_line' id='line_1_9' title="bbox 288 907 1593 962; baseline 0.002 -17"><span class='ocrx_word' id='word_1_64' title='bbox 288 907 336 946; x_wconf 91' lang='lat' dir='ltr'>de</span> <span class='ocrx_word' id='word_1_65' title='bbox 388 907 621 947; x_wconf 79' lang='lat' dir='ltr'>maioritate</span> <span class='ocrx_word' id='word_1_66' title='bbox 674 907 780 947; x_wconf 90' lang='lat' dir='ltr'>inter</span> <span class='ocrx_word' id='word_1_67' title='bbox 833 908 1050 961; x_wconf 82' lang='lat' dir='ltr'>apostolos</span> <span class='ocrx_word' id='word_1_68' title='bbox 1095 908 1194 948; x_wconf 86' lang='lat' dir='ltr'>dicit</span> <span class='ocrx_word' id='word_1_69' title='bbox 1236 908 1351 962; x_wconf 86' lang='lat' dir='ltr'>quod</span> <span class='ocrx_word' id='word_1_70' title='bbox 1394 908 1593 961; x_wconf 89' lang='lat' dir='ltr'>opposito</span> 
     </span>
    </p>

    <p class='ocr_par' dir='ltr' id='par_1_3' title="bbox 229 977 1594 1296">
     <span class='ocr_line' id='line_1_10' title="bbox 229 977 1593 1030; baseline -0.001 -11"><span class='ocrx_word' id='word_1_71' title='bbox 229 998 267 1019; x_wconf 85' lang='lat'>10</span> <span class='ocrx_word' id='word_1_72' title='bbox 284 977 415 1016; x_wconf 88' lang='lat' dir='ltr'>modo</span> <span class='ocrx_word' id='word_1_73' title='bbox 458 990 500 1016; x_wconf 91' lang='lat' dir='ltr'>se</span> <span class='ocrx_word' id='word_1_74' title='bbox 545 977 669 1016; x_wconf 83' lang='lat' dir='ltr'>habet</span> <span class='ocrx_word' id='word_1_75' title='bbox 713 978 764 1016; x_wconf 84' lang='lat' dir='ltr'>ad</span> <span class='ocrx_word' id='word_1_76' title='bbox 807 977 935 1017; x_wconf 90' lang='lat' dir='ltr'>ritum</span> <span class='ocrx_word' id='word_1_77' title='bbox 980 977 1193 1030; x_wconf 85' lang='lat' dir='ltr'>gentilem,</span> <span class='ocrx_word' id='word_1_78' title='bbox 1239 991 1336 1017; x_wconf 91' lang='lat' dir='ltr'>cum</span> <span class='ocrx_word' id='word_1_79' title='bbox 1379 978 1593 1018; x_wconf 82' lang='lat' dir='ltr'>maioritas</span> 
     </span>
     <span class='ocr_line' id='line_1_11' title="bbox 284 1046 1593 1100; baseline 0.001 -15"><span class='ocrx_word' id='word_1_80' title='bbox 284 1046 391 1086; x_wconf 89' lang='lat' dir='ltr'>inter</span> <span class='ocrx_word' id='word_1_81' title='bbox 436 1060 507 1085; x_wconf 90' lang='lat' dir='ltr'>eos</span> <span class='ocrx_word' id='word_1_82' title='bbox 554 1046 780 1086; x_wconf 85' lang='lat' dir='ltr'>attenditur</span> <span class='ocrx_word' id='word_1_83' title='bbox 829 1060 955 1100; x_wconf 86' lang='lat' dir='ltr'>penes</span> <span class='ocrx_word' id='word_1_84' title='bbox 1005 1047 1286 1087; x_wconf 66' lang='lat' dir='ltr'>melioritatem</span> <span class='ocrx_word' id='word_1_85' title='bbox 1337 1047 1494 1087; x_wconf 86' lang='lat' dir='ltr'>servicii</span> <span class='ocrx_word' id='word_1_86' title='bbox 1547 1062 1593 1087; x_wconf 81' lang='lat' dir='ltr'>ex</span> 
     </span>
     <span class='ocr_line' id='line_1_12' title="bbox 283 1116 1594 1170; baseline 0.001 -15"><span class='ocrx_word' id='word_1_87' title='bbox 283 1116 518 1156; x_wconf 84' lang='lat' dir='ltr'>humilitate</span> <span class='ocrx_word' id='word_1_88' title='bbox 562 1116 722 1156; x_wconf 83' lang='lat' dir='ltr'>maiori.</span> <span class='ocrx_word' id='word_1_89' title='bbox 763 1116 825 1155; x_wconf 76' lang='lat' dir='ltr'>Ex</span> <span class='ocrx_word' id='word_1_90' title='bbox 856 1130 942 1169; x_wconf 90' lang='lat' dir='ltr'>quo</span> <span class='ocrx_word' id='word_1_91' title='bbox 976 1116 1011 1155; x_wconf 83' lang='lat' dir='ltr'>Ia</span> <span class='ocrx_word' id='word_1_92' title='bbox 1041 1117 1151 1156; x_wconf 86' lang='lat' dir='ltr'>Petri</span> <span class='ocrx_word' id='word_1_93' title='bbox 1184 1117 1255 1167; x_wconf 89' lang='lat' dir='ltr'>V0,</span> <span class='ocrx_word' id='word_1_94' title='bbox 1291 1116 1327 1167; x_wconf 83' lang='lat'>3,</span> <span class='ocrx_word' id='word_1_95' title='bbox 1360 1116 1469 1169; x_wconf 79' lang='lat' dir='ltr'>capit</span> <span class='ocrx_word' id='word_1_96' title='bbox 1507 1118 1594 1170; x_wconf 87' lang='lat' dir='ltr'>ipse</span> 
     </span>
     <span class='ocr_line' id='line_1_13' title="bbox 282 1186 1594 1239; baseline 0.001 -14"><span class='ocrx_word' id='word_1_97' title='bbox 282 1200 358 1239; x_wconf 91' lang='lat' dir='ltr'>pro</span> <span class='ocrx_word' id='word_1_98' title='bbox 405 1186 613 1239; x_wconf 87' lang='lat' dir='ltr'>principio</span> <span class='ocrx_word' id='word_1_99' title='bbox 652 1187 768 1239; x_wconf 90' lang='lat' dir='ltr'>quod</span> <span class='ocrx_word' id='word_1_100' title='bbox 807 1186 870 1226; x_wconf 88' lang='lat' dir='ltr'>sui</span> <span class='ocrx_word' id='word_1_101' title='bbox 911 1186 1043 1226; x_wconf 89' lang='lat' dir='ltr'>clerici</span> <span class='ocrx_word' id='word_1_102' title='bbox 1078 1200 1160 1226; x_wconf 87' lang='lat' dir='ltr'>non</span> <span class='ocrx_word' id='word_1_103' title='bbox 1201 1188 1287 1226; x_wconf 91' lang='lat' dir='ltr'>sint</span> <span class='ocrx_word' id='word_1_104' title='bbox 1323 1187 1594 1227; x_wconf 79' lang='lat' dir='ltr'>dominantes</span> 
     </span>
     <span class='ocr_line' id='line_1_14' title="bbox 281 1256 486 1296; baseline 0.01 -2"><span class='ocrx_word' id='word_1_105' title='bbox 281 1256 322 1295; x_wconf 89' lang='lat' dir='ltr'>in</span> <span class='ocrx_word' id='word_1_106' title='bbox 357 1256 486 1296; x_wconf 76' lang='lat' dir='ltr'>clero.</span> 
     </span>
    </p>

    <p class='ocr_par' dir='ltr' id='par_1_4' title="bbox 242 1325 1594 1659">
     <span class='ocr_line' id='line_1_15' title="bbox 242 1325 1593 1378; baseline 0.001 -14"><span class='ocrx_word' id='word_1_107' title='bbox 242 1336 267 1369; x_wconf 85' lang='lat'><strong>3</strong></span> <span class='ocrx_word' id='word_1_108' title='bbox 341 1325 458 1378; x_wconf 89' lang='lat' dir='ltr'>Item,</span> <span class='ocrx_word' id='word_1_109' title='bbox 490 1325 594 1364; x_wconf 89' lang='lat' dir='ltr'>illud</span> <span class='ocrx_word' id='word_1_110' title='bbox 627 1334 686 1365; x_wconf 89' lang='lat' dir='ltr'>est</span> <span class='ocrx_word' id='word_1_111' title='bbox 719 1339 907 1378; x_wconf 82' lang='lat' dir='ltr'>expresse</span> <span class='ocrx_word' id='word_1_112' title='bbox 948 1334 1093 1365; x_wconf 80' lang='lat' dir='ltr'>contra</span> <span class='ocrx_word' id='word_1_113' title='bbox 1124 1325 1212 1365; x_wconf 80' lang='lat' dir='ltr'>iura</span> <span class='ocrx_word' id='word_1_114' title='bbox 1245 1325 1458 1377; x_wconf 82' lang='lat' dir='ltr'>canonica,</span> <span class='ocrx_word' id='word_1_115' title='bbox 1497 1339 1593 1365; x_wconf 87' lang='lat' dir='ltr'>cum</span> 
     </span>
     <span class='ocr_line' id='line_1_16' title="bbox 282 1395 1593 1448; baseline -0.001 -14"><span class='ocrx_word' id='word_1_116' title='bbox 282 1395 358 1435; x_wconf 92' lang='lat' dir='ltr'>sub</span> <span class='ocrx_word' id='word_1_117' title='bbox 403 1395 649 1435; x_wconf 82' lang='lat' dir='ltr'>auctoritate</span> <span class='ocrx_word' id='word_1_118' title='bbox 687 1395 929 1448; x_wconf 78' lang='lat' dir='ltr'>Augustini,</span> <span class='ocrx_word' id='word_1_119' title='bbox 982 1395 1254 1435; x_wconf 89' lang='lat' dir='ltr'>distinccione</span> <span class='ocrx_word' id='word_1_120' title='bbox 1286 1396 1412 1446; x_wconf 68' lang='lat' dir='ltr'>Vllla,</span> <span class='ocrx_word' id='word_1_121' title='bbox 1458 1409 1593 1435; x_wconf 82' lang='lat' dir='ltr'>canon</span> 
     </span>
     <span class='ocr_line' id='line_1_17' title="bbox 281 1464 1592 1519; baseline 0 -15"><span class='ocrx_word' id='word_1_122' title='bbox 281 1464 338 1504; x_wconf 92' lang='lat' dir='ltr'>sic</span> <span class='ocrx_word' id='word_1_123' title='bbox 369 1465 576 1518; x_wconf 87' lang='lat' dir='ltr'>loquitur:</span> <span class='ocrx_word' id='word_1_124' title='bbox 612 1465 704 1513; x_wconf 83' lang='lat' dir='ltr'>Quo</span> <span class='ocrx_word' id='word_1_125' title='bbox 737 1466 831 1504; x_wconf 85' lang='lat' dir='ltr'>iure</span> <span class='ocrx_word' id='word_1_126' title='bbox 853 1465 1052 1519; x_wconf 78' lang='lat' dir='ltr'>defendis</span> <span class='ocrx_word' id='word_1_127' title='bbox 1077 1467 1203 1506; x_wconf 79' lang='lat' dir='ltr'>villas</span> <span class='ocrx_word' id='word_1_128' title='bbox 1226 1467 1415 1517; x_wconf 79' lang='lat' dir='ltr'>ecclesie,</span> <span class='ocrx_word' id='word_1_129' title='bbox 1446 1466 1592 1507; x_wconf 83' lang='lat' dir='ltr'>divino</span> 
     </span>
     <span class='ocr_line' id='line_1_18' title="bbox 281 1535 1594 1588; baseline 0.002 -15"><span class='ocrx_word' id='word_1_130' title='bbox 281 1535 347 1574; x_wconf 83' lang='lat' dir='ltr'>vel</span> <span class='ocrx_word' id='word_1_131' title='bbox 396 1535 621 1575; x_wconf 75' lang='lat' dir='ltr'>humano?</span> <span class='ocrx_word' id='word_1_132' title='bbox 681 1535 889 1575; x_wconf 79' lang='lat' dir='ltr'>Divinum</span> <span class='ocrx_word' id='word_1_133' title='bbox 942 1535 1008 1574; x_wconf 88' lang='lat' dir='ltr'>ius</span> <span class='ocrx_word' id='word_1_134' title='bbox 1059 1536 1101 1575; x_wconf 89' lang='lat' dir='ltr'>in</span> <span class='ocrx_word' id='word_1_135' title='bbox 1155 1535 1312 1576; x_wconf 79' lang='lat' dir='ltr'>divinis</span> <span class='ocrx_word' id='word_1_136' title='bbox 1363 1537 1594 1588; x_wconf 84' lang='lat' dir='ltr'>scripturis</span> 
     </span>
     <span class='ocr_line' id='line_1_19' title="bbox 281 1603 1592 1659; baseline 0.002 -17"><span class='ocrx_word' id='word_1_137' title='bbox 281 1603 500 1653; x_wconf 81' lang='lat' dir='ltr'>habemus,</span> <span class='ocrx_word' id='word_1_138' title='bbox 546 1605 782 1644; x_wconf 79' lang='lat' dir='ltr'>humanum</span> <span class='ocrx_word' id='word_1_139' title='bbox 832 1605 897 1644; x_wconf 86' lang='lat' dir='ltr'>ius</span> <span class='ocrx_word' id='word_1_140' title='bbox 944 1605 984 1643; x_wconf 86' lang='lat' dir='ltr'>in</span> <span class='ocrx_word' id='word_1_141' title='bbox 1031 1605 1198 1658; x_wconf 80' lang='lat' dir='ltr'>legibus</span> <span class='ocrx_word' id='word_1_142' title='bbox 1236 1619 1405 1659; x_wconf 78' lang='lat' dir='ltr'>regunt.</span> <span class='ocrx_word' id='word_1_143' title='bbox 1475 1605 1592 1645; x_wconf 84' lang='lat' dir='ltr'>Unde</span> 
     </span>
    </p>

    <p class='ocr_par' dir='ltr' id='par_1_5' title="bbox 224 1674 1594 2007">
     <span class='ocr_line' id='line_1_20' title="bbox 224 1674 1594 1727; baseline -0.001 -11"><span class='ocrx_word' id='word_1_144' title='bbox 224 1694 262 1716; x_wconf 60' lang='grc' dir='ltr'>πο</span> <span class='ocrx_word' id='word_1_145' title='bbox 281 1674 473 1727; x_wconf 79' lang='lat' dir='ltr'>quisquis</span> <span class='ocrx_word' id='word_1_146' title='bbox 489 1674 684 1726; x_wconf 78' lang='lat' dir='ltr'>possidet</span> <span class='ocrx_word' id='word_1_147' title='bbox 703 1675 816 1727; x_wconf 85' lang='lat' dir='ltr'>quod</span> <span class='ocrx_word' id='word_1_148' title='bbox 828 1674 1058 1726; x_wconf 75' lang='lat' dir='ltr'>possidet?</span> <span class='ocrx_word' id='word_1_149' title='bbox 1078 1675 1230 1715; x_wconf 88' lang='lat' dir='ltr'>Nonne</span> <span class='ocrx_word' id='word_1_150' title='bbox 1242 1674 1349 1727; x_wconf 84' lang='lat' dir='ltr'>jure</span> <span class='ocrx_word' id='word_1_151' title='bbox 1372 1675 1594 1714; x_wconf 74' lang='lat' dir='ltr'>humano?</span> 
     </span>
     <span class='ocr_line' id='line_1_21' title="bbox 281 1743 1591 1797; baseline 0.002 -16"><span class='ocrx_word' id='word_1_152' title='bbox 281 1743 392 1782; x_wconf 84' lang='lat' dir='ltr'>Nam</span> <span class='ocrx_word' id='word_1_153' title='bbox 427 1745 521 1784; x_wconf 85' lang='lat' dir='ltr'>iure</span> <span class='ocrx_word' id='word_1_154' title='bbox 553 1745 696 1784; x_wconf 80' lang='lat' dir='ltr'>divino</span> <span class='ocrx_word' id='word_1_155' title='bbox 728 1744 891 1784; x_wconf 86' lang='lat' dir='ltr'>domini</span> <span class='ocrx_word' id='word_1_156' title='bbox 922 1752 983 1784; x_wconf 85' lang='lat' dir='ltr'>est</span> <span class='ocrx_word' id='word_1_157' title='bbox 1013 1751 1133 1784; x_wconf 83' lang='lat' dir='ltr'>terra</span> <span class='ocrx_word' id='word_1_158' title='bbox 1166 1752 1205 1784; x_wconf 88' lang='lat' dir='ltr'>et</span> <span class='ocrx_word' id='word_1_159' title='bbox 1228 1744 1458 1797; x_wconf 81' lang='lat' dir='ltr'>plenitudo</span> <span class='ocrx_word' id='word_1_160' title='bbox 1487 1746 1591 1784; x_wconf 87' lang='lat' dir='ltr'>eius.</span> 
     </span>
     <span class='ocr_line' id='line_1_22' title="bbox 280 1813 1592 1868; baseline 0.001 -16"><span class='ocrx_word' id='word_1_161' title='bbox 280 1814 502 1866; x_wconf 81' lang='lat' dir='ltr'>Pauperes</span> <span class='ocrx_word' id='word_1_162' title='bbox 534 1821 574 1854; x_wconf 89' lang='lat' dir='ltr'>et</span> <span class='ocrx_word' id='word_1_163' title='bbox 605 1814 756 1855; x_wconf 83' lang='lat' dir='ltr'>divites</span> <span class='ocrx_word' id='word_1_164' title='bbox 789 1828 875 1854; x_wconf 91' lang='lat' dir='ltr'>una</span> <span class='ocrx_word' id='word_1_165' title='bbox 907 1821 1029 1855; x_wconf 81' lang='lat' dir='ltr'>terra</span> <span class='ocrx_word' id='word_1_166' title='bbox 1060 1821 1302 1867; x_wconf 75' lang='lat' dir='ltr'>supportat.</span> <span class='ocrx_word' id='word_1_167' title='bbox 1351 1813 1455 1854; x_wconf 82' lang='lat' dir='ltr'>Iure</span> <span class='ocrx_word' id='word_1_168' title='bbox 1487 1827 1592 1868; x_wconf 81' lang='lat' dir='ltr'>ergo</span> 
     </span>
     <span class='ocr_line' id='line_1_23' title="bbox 279 1883 1591 1938; baseline 0.001 -16"><span class='ocrx_word' id='word_1_169' title='bbox 279 1883 465 1923; x_wconf 81' lang='lat' dir='ltr'>humano</span> <span class='ocrx_word' id='word_1_170' title='bbox 489 1883 669 1924; x_wconf 83' lang='lat' dir='ltr'>dicitur:</span> <span class='ocrx_word' id='word_1_171' title='bbox 697 1884 806 1924; x_wconf 90' lang='lat' dir='ltr'>Villa</span> <span class='ocrx_word' id='word_1_172' title='bbox 829 1884 903 1924; x_wconf 86' lang='lat' dir='ltr'>lzec</span> <span class='ocrx_word' id='word_1_173' title='bbox 926 1897 1021 1924; x_wconf 83' lang='lat' dir='ltr'>mea</span> <span class='ocrx_word' id='word_1_174' title='bbox 1044 1891 1115 1924; x_wconf 86' lang='lat' dir='ltr'>est.</span> <span class='ocrx_word' id='word_1_175' title='bbox 1147 1885 1279 1936; x_wconf 86' lang='lat' dir='ltr'>Tolle,</span> <span class='ocrx_word' id='word_1_176' title='bbox 1309 1884 1459 1938; x_wconf 85' lang='lat' dir='ltr'>inquit,</span> <span class='ocrx_word' id='word_1_177' title='bbox 1493 1886 1591 1924; x_wconf 80' lang='lat' dir='ltr'>iura</span> 
     </span>
     <span class='ocr_line' id='line_1_24' title="bbox 281 1954 1591 2007; baseline 0.003 -17"><span class='ocrx_word' id='word_1_178' title='bbox 281 1954 559 2005; x_wconf 86' lang='lat' dir='ltr'>imperatoris</span> <span class='ocrx_word' id='word_1_179' title='bbox 592 1961 631 1993; x_wconf 89' lang='lat' dir='ltr'>et</span> <span class='ocrx_word' id='word_1_180' title='bbox 661 1955 755 2007; x_wconf 83' lang='lat' dir='ltr'>quis</span> <span class='ocrx_word' id='word_1_181' title='bbox 784 1955 915 1994; x_wconf 88' lang='lat' dir='ltr'>audet</span> <span class='ocrx_word' id='word_1_182' title='bbox 947 1954 1111 1994; x_wconf 84' lang='lat' dir='ltr'>dicere:</span> <span class='ocrx_word' id='word_1_183' title='bbox 1142 1954 1249 1994; x_wconf 90' lang='lat' dir='ltr'>Villa</span> <span class='ocrx_word' id='word_1_184' title='bbox 1283 1955 1359 1995; x_wconf 86' lang='lat' dir='ltr'>lzec</span> <span class='ocrx_word' id='word_1_185' title='bbox 1391 1968 1485 1995; x_wconf 83' lang='lat' dir='ltr'>mea</span> <span class='ocrx_word' id='word_1_186' title='bbox 1518 1962 1591 2005; x_wconf 90' lang='lat' dir='ltr'>est,</span> 
     </span>
    </p>

    <p class='ocr_par' dir='ltr' id='par_1_6' title="bbox 225 2024 1592 2356">
     <span class='ocr_line' id='line_1_25' title="bbox 225 2024 1589 2075; baseline -0.001 -12"><span class='ocrx_word' id='word_1_187' title='bbox 225 2033 264 2066; x_wconf 81' lang='lat'>25</span> <span class='ocrx_word' id='word_1_188' title='bbox 284 2035 401 2063; x_wconf 82' lang='lat' dir='ltr'>meus</span> <span class='ocrx_word' id='word_1_189' title='bbox 433 2031 495 2063; x_wconf 90' lang='lat' dir='ltr'>est</span> <span class='ocrx_word' id='word_1_190' title='bbox 526 2025 602 2064; x_wconf 87' lang='lat' dir='ltr'>iste</span> <span class='ocrx_word' id='word_1_191' title='bbox 632 2037 797 2075; x_wconf 77' lang='lat' dir='ltr'>servus,</span> <span class='ocrx_word' id='word_1_192' title='bbox 832 2037 925 2064; x_wconf 84' lang='lat' dir='ltr'>mea</span> <span class='ocrx_word' id='word_1_193' title='bbox 958 2030 1022 2064; x_wconf 86' lang='lat' dir='ltr'>est</span> <span class='ocrx_word' id='word_1_194' title='bbox 1051 2025 1127 2064; x_wconf 81' lang='lat' dir='ltr'>liec</span> <span class='ocrx_word' id='word_1_195' title='bbox 1158 2024 1340 2064; x_wconf 78' lang='lat' dir='ltr'>domus?</span> <span class='ocrx_word' id='word_1_196' title='bbox 1374 2024 1418 2064; x_wconf 85' lang='lat' dir='ltr'>Si</span> <span class='ocrx_word' id='word_1_197' title='bbox 1449 2032 1589 2064; x_wconf 84' lang='lat' dir='ltr'>autem</span> 
     </span>
     <span class='ocr_line' id='line_1_26' title="bbox 281 2094 1591 2148; baseline 0.002 -18"><span class='ocrx_word' id='word_1_198' title='bbox 281 2098 326 2130; x_wconf 87' lang='lat' dir='ltr'>ut</span> <span class='ocrx_word' id='word_1_199' title='bbox 346 2099 575 2133; x_wconf 80' lang='lat' dir='ltr'>teneantur</span> <span class='ocrx_word' id='word_1_200' title='bbox 598 2094 679 2134; x_wconf 85' lang='lat' dir='ltr'>ista</span> <span class='ocrx_word' id='word_1_201' title='bbox 704 2094 756 2133; x_wconf 86' lang='lat' dir='ltr'>ab</span> <span class='ocrx_word' id='word_1_202' title='bbox 779 2094 1031 2146; x_wconf 78' lang='lat' dir='ltr'>hominibus,</span> <span class='ocrx_word' id='word_1_203' title='bbox 1069 2107 1223 2147; x_wconf 76' lang='lat' dir='ltr'>regum</span> <span class='ocrx_word' id='word_1_204' title='bbox 1254 2095 1351 2133; x_wconf 82' lang='lat' dir='ltr'>iura</span> <span class='ocrx_word' id='word_1_205' title='bbox 1371 2094 1591 2148; x_wconf 83' lang='lat' dir='ltr'>fecerunt,</span> 
     </span>
     <span class='ocr_line' id='line_1_27' title="bbox 281 2162 1590 2217; baseline 0.002 -17"><span class='ocrx_word' id='word_1_206' title='bbox 281 2162 410 2202; x_wconf 80' lang='lat' dir='ltr'>vultis</span> <span class='ocrx_word' id='word_1_207' title='bbox 447 2163 708 2203; x_wconf 83' lang='lat' dir='ltr'>reticeamus</span> <span class='ocrx_word' id='word_1_208' title='bbox 752 2164 869 2217; x_wconf 77' lang='lat' dir='ltr'>leges</span> <span class='ocrx_word' id='word_1_209' title='bbox 912 2171 957 2203; x_wconf 87' lang='lat' dir='ltr'>ut</span> <span class='ocrx_word' id='word_1_210' title='bbox 997 2164 1261 2217; x_wconf 75' lang='lat' dir='ltr'>gaudeatis?</span> <span class='ocrx_word' id='word_1_211' title='bbox 1308 2164 1429 2204; x_wconf 89' lang='lat' dir='ltr'>Unde</span> <span class='ocrx_word' id='word_1_212' title='bbox 1473 2163 1590 2214; x_wconf 85' lang='lat' dir='ltr'>infra,</span> 
     </span>
     <span class='ocr_line' id='line_1_28' title="bbox 278 2231 1592 2286; baseline 0 -15"><span class='ocrx_word' id='word_1_213' title='bbox 278 2231 430 2273; x_wconf 77' lang='lat' dir='ltr'>XCVIa</span> <span class='ocrx_word' id='word_1_214' title='bbox 461 2232 746 2284; x_wconf 89' lang='lat' dir='ltr'>distinccione,</span> <span class='ocrx_word' id='word_1_215' title='bbox 783 2233 1108 2283; x_wconf 84' lang='lat' dir='ltr'>Constantinus,</span> <span class='ocrx_word' id='word_1_216' title='bbox 1141 2234 1382 2286; x_wconf 83' lang='lat' dir='ltr'>incorporat</span> <span class='ocrx_word' id='word_1_217' title='bbox 1422 2233 1592 2272; x_wconf 83' lang='lat' dir='ltr'>ecclesia</span> 
     </span>
     <span class='ocr_line' id='line_1_29' title="bbox 279 2301 1591 2356; baseline 0 -15"><span class='ocrx_word' id='word_1_218' title='bbox 279 2310 434 2342; x_wconf 81' lang='lat' dir='ltr'>cartam</span> <span class='ocrx_word' id='word_1_219' title='bbox 466 2302 612 2341; x_wconf 82' lang='lat' dir='ltr'>cesaris</span> <span class='ocrx_word' id='word_1_220' title='bbox 645 2302 721 2342; x_wconf 88' lang='lat' dir='ltr'>sub</span> <span class='ocrx_word' id='word_1_221' title='bbox 754 2301 890 2342; x_wconf 78' lang='lat' dir='ltr'>forma</span> <span class='ocrx_word' id='word_1_222' title='bbox 917 2317 1001 2356; x_wconf 82' lang='lat' dir='ltr'>qua</span> <span class='ocrx_word' id='word_1_223' title='bbox 1029 2303 1187 2343; x_wconf 82' lang='lat' dir='ltr'>dotavit</span> <span class='ocrx_word' id='word_1_224' title='bbox 1219 2302 1450 2343; x_wconf 80' lang='lat' dir='ltr'>ecclesiam.</span> <span class='ocrx_word' id='word_1_225' title='bbox 1480 2302 1591 2342; x_wconf 88' lang='lat' dir='ltr'>Cum</span> 
     </span>
    </p>

    <p class='ocr_par' dir='ltr' id='par_1_7' title="bbox 222 2371 1590 2482">
     <span class='ocr_line' id='line_1_30' title="bbox 222 2371 1590 2425; baseline -0.001 -13"><span class='ocrx_word' id='word_1_226' title='bbox 222 2379 263 2412; x_wconf 75' lang='lat'>30</span> <span class='ocrx_word' id='word_1_227' title='bbox 281 2385 378 2423; x_wconf 83' lang='lat' dir='ltr'>ergo</span> <span class='ocrx_word' id='word_1_228' title='bbox 410 2372 500 2424; x_wconf 86' lang='lat' dir='ltr'>lege</span> <span class='ocrx_word' id='word_1_229' title='bbox 533 2371 747 2424; x_wconf 84' lang='lat' dir='ltr'>scripture,</span> <span class='ocrx_word' id='word_1_230' title='bbox 780 2373 872 2425; x_wconf 83' lang='lat' dir='ltr'>lege</span> <span class='ocrx_word' id='word_1_231' title='bbox 904 2382 1147 2413; x_wconf 85' lang='lat' dir='ltr'>sanctorum</span> <span class='ocrx_word' id='word_1_232' title='bbox 1179 2374 1402 2412; x_wconf 85' lang='lat' dir='ltr'>doctorum</span> <span class='ocrx_word' id='word_1_233' title='bbox 1426 2380 1465 2412; x_wconf 90' lang='lat' dir='ltr'>et</span> <span class='ocrx_word' id='word_1_234' title='bbox 1493 2372 1590 2411; x_wconf 90' lang='lat' dir='ltr'>iuris</span> 
     </span>
     <span class='ocr_line' id='line_1_31' title="bbox 280 2440 1590 2482; baseline 0.001 -3"><span class='ocrx_word' id='word_1_235' title='bbox 280 2440 468 2480; x_wconf 84' lang='lat' dir='ltr'>canonici</span> <span class='ocrx_word' id='word_1_236' title='bbox 502 2454 587 2480; x_wconf 93' lang='lat' dir='ltr'>non</span> <span class='ocrx_word' id='word_1_237' title='bbox 625 2441 677 2481; x_wconf 87' lang='lat' dir='ltr'>sit</span> <span class='ocrx_word' id='word_1_238' title='bbox 708 2442 935 2482; x_wconf 81' lang='lat' dir='ltr'>fundabilis</span> <span class='ocrx_word' id='word_1_239' title='bbox 979 2443 1172 2482; x_wconf 81' lang='lat' dir='ltr'>secularis</span> <span class='ocrx_word' id='word_1_240' title='bbox 1217 2442 1457 2482; x_wconf 83' lang='lat' dir='ltr'>dominacio</span> <span class='ocrx_word' id='word_1_241' title='bbox 1497 2442 1590 2482; x_wconf 92' lang='lat' dir='ltr'>cleri</span> 
     </span>
    </p>
   </div>
   <div class='ocr_carea' id='block_1_3' title="bbox 278 2623 1586 2706">
    <p class='ocr_par' dir='ltr' id='par_1_8' title="bbox 278 2623 1586 2706">
     <span class='ocr_line' id='line_1_32' title="bbox 331 2623 1586 2660; baseline 0 -9"><span class='ocrx_word' id='word_1_242' title='bbox 331 2623 370 2651; x_wconf 83' lang='lat'>18.</span> <span class='ocrx_word' id='word_1_243' title='bbox 403 2631 446 2660; x_wconf 86' lang='lat'>¹9·</span> <span class='ocrx_word' id='word_1_244' title='bbox 487 2625 516 2652; x_wconf 91' lang='lat' dir='ltr'><strong>A</strong></span> <span class='ocrx_word' id='word_1_245' title='bbox 546 2624 600 2659; x_wconf 65' lang='lat' dir='ltr'>Al:</span> <span class='ocrx_word' id='word_1_246' title='bbox 646 2624 967 2660; x_wconf 67' lang='lat' dir='ltr'>scriptumhabemus3</span> <span class='ocrx_word' id='word_1_247' title='bbox 1019 2625 1057 2652; x_wconf 86' lang='lat' dir='ltr'>B:</span> <span class='ocrx_word' id='word_1_248' title='bbox 1091 2624 1233 2660; x_wconf 82' lang='lat' dir='ltr'>scriptis;</span> <span class='ocrx_word' id='word_1_249' title='bbox 1276 2623 1367 2652; x_wconf 81' lang='lat' dir='ltr'>Corr.</span> <span class='ocrx_word' id='word_1_250' title='bbox 1401 2634 1415 2653; x_wconf 84' lang='lat' dir='ltr'>e</span> <span class='ocrx_word' id='word_1_251' title='bbox 1456 2633 1586 2652; x_wconf 80' lang='lat' dir='ltr'>canone.</span> 
     </span>
     <span class='ocr_line' id='line_1_33' title="bbox 278 2670 658 2706; baseline 0.005 -10"><span class='ocrx_word' id='word_1_252' title='bbox 278 2677 325 2697; x_wconf 81' lang='lat'>20.</span> <span class='ocrx_word' id='word_1_253' title='bbox 346 2670 375 2698; x_wconf 94' lang='lat' dir='ltr'><strong>A</strong></span> <span class='ocrx_word' id='word_1_254' title='bbox 394 2671 451 2706; x_wconf 65' lang='lat' dir='ltr'>Al:</span> <span class='ocrx_word' id='word_1_255' title='bbox 473 2671 658 2706; x_wconf 85' lang='lat' dir='ltr'>possideret.</span> 
     </span>
    </p>
   </div>
   <div class='ocr_carea' id='block_1_4' title="bbox 279 2799 1591 2900">
    <p class='ocr_par' dir='ltr' id='par_1_9' title="bbox 279 2799 1591 2900">
     <span class='ocr_line' id='line_1_34' title="bbox 342 2799 1591 2845; baseline -0.001 -12"><span class='ocrx_word' id='word_1_256' title='bbox 342 2801 391 2834; x_wconf 78' lang='lat'>16.</span> <span class='ocrx_word' id='word_1_257' title='bbox 418 2802 516 2833; x_wconf 88' lang='lat' dir='ltr'>Decr.</span> <span class='ocrx_word' id='word_1_258' title='bbox 543 2802 555 2834; x_wconf 88' lang='grc' dir='ltr'>Ι</span> <span class='ocrx_word' id='word_1_259' title='bbox 581 2812 670 2845; x_wconf 84' lang='lat' dir='ltr'>pars,</span> <span class='ocrx_word' id='word_1_260' title='bbox 705 2801 783 2834; x_wconf 89' lang='lat' dir='ltr'>dist.</span> <span class='ocrx_word' id='word_1_261' title='bbox 811 2802 899 2843; x_wconf 86' lang='lat' dir='ltr'>VIII,</span> <span class='ocrx_word' id='word_1_262' title='bbox 933 2811 958 2833; x_wconf 77' lang='lat' dir='ltr'>c,</span> <span class='ocrx_word' id='word_1_263' title='bbox 987 2802 1010 2833; x_wconf 92' lang='grc' dir='ltr'>Ι.</span> <span class='ocrx_word' id='word_1_264' title='bbox 1153 2799 1206 2833; x_wconf 86' lang='lat'>28.</span> <span class='ocrx_word' id='word_1_265' title='bbox 1240 2801 1321 2834; x_wconf 89' lang='lat' dir='ltr'>Dec.</span> <span class='ocrx_word' id='word_1_266' title='bbox 1349 2801 1360 2833; x_wconf 88' lang='grc' dir='ltr'>Ι</span> <span class='ocrx_word' id='word_1_267' title='bbox 1388 2811 1478 2845; x_wconf 81' lang='lat' dir='ltr'>pars,</span> <span class='ocrx_word' id='word_1_268' title='bbox 1512 2801 1591 2833; x_wconf 88' lang='lat' dir='ltr'>dist.</span> 
     </span>
     <span class='ocr_line' id='line_1_35' title="bbox 279 2860 565 2900; baseline 0.003 -9"><span class='ocrx_word' id='word_1_269' title='bbox 279 2861 399 2900; x_wconf 79' lang='lat' dir='ltr'>xcvi,</span> <span class='ocrx_word' id='word_1_270' title='bbox 425 2870 453 2891; x_wconf 86' lang='lat' dir='ltr'>c.</span> <span class='ocrx_word' id='word_1_271' title='bbox 477 2860 565 2892; x_wconf 82' lang='lat' dir='ltr'><strong>XIV.</strong></span> 
     </span>
    </p>
   </div>
   <div class='ocr_carea' id='block_1_5' title="bbox 1803 238 1878 278">
    <p class='ocr_par' dir='ltr' id='par_1_10' title="bbox 1803 238 1878 278">
     <span class='ocr_line' id='line_1_36' title="bbox 1803 238 1878 278; baseline 0.027 -2"><span class='ocrx_word' id='word_1_272' title='bbox 1803 238 1878 278; x_wconf 81' lang='lat'>301</span> 
     </span>
    </p>
   </div>
   <div class='ocr_carea' id='block_1_6' title="bbox 1611 360 1884 467">
    <p class='ocr_par' dir='ltr' id='par_1_11' title="bbox 1611 360 1884 467">
     <span class='ocr_line' id='line_1_37' title="bbox 1649 360 1844 390; baseline 0.015 -3"><span class='ocrx_word' id='word_1_273' title='bbox 1649 360 1696 388; x_wconf 86' lang='lat' dir='ltr'>He</span> <span class='ocrx_word' id='word_1_274' title='bbox 1717 363 1775 389; x_wconf 84' lang='lat' dir='ltr'>and</span> <span class='ocrx_word' id='word_1_275' title='bbox 1797 363 1844 390; x_wconf 88' lang='lat' dir='ltr'>his</span> 
     </span>
     <span class='ocr_line' id='line_1_38' title="bbox 1611 397 1884 431; baseline 0.007 -9"><span class='ocrx_word' id='word_1_276' title='bbox 1611 397 1744 431; x_wconf 82' lang='lat' dir='ltr'>apostles</span> <span class='ocrx_word' id='word_1_277' title='bbox 1761 398 1884 425; x_wconf 83' lang='lat' dir='ltr'>refused</span> 
     </span>
     <span class='ocr_line' id='line_1_39' title="bbox 1611 431 1884 467; baseline 0.007 -9"><span class='ocrx_word' id='word_1_278' title='bbox 1611 432 1648 458; x_wconf 83' lang='lat' dir='ltr'>all</span> <span class='ocrx_word' id='word_1_279' title='bbox 1669 431 1737 458; x_wconf 77' lang='lat' dir='ltr'>civil</span> <span class='ocrx_word' id='word_1_280' title='bbox 1766 440 1884 467; x_wconf 80' lang='lat' dir='ltr'>power.</span> 
     </span>
    </p>
   </div>
   <div class='ocr_carea' id='block_1_7' title="bbox 1618 1333 1875 1397">
    <p class='ocr_par' dir='ltr' id='par_1_12' title="bbox 1618 1333 1875 1397">
     <span class='ocr_line' id='line_1_40' title="bbox 1618 1333 1875 1369; baseline 0.004 -9"><span class='ocrx_word' id='word_1_281' title='bbox 1618 1341 1643 1361; x_wconf 81' lang='lat'>2.</span> <span class='ocrx_word' id='word_1_282' title='bbox 1666 1333 1690 1360; x_wconf 85' lang='lat' dir='ltr'>It</span> <span class='ocrx_word' id='word_1_283' title='bbox 1710 1333 1735 1360; x_wconf 83' lang='lat' dir='ltr'>is</span> <span class='ocrx_word' id='word_1_284' title='bbox 1757 1335 1875 1369; x_wconf 78' lang='lat' dir='ltr'>against</span> 
     </span>
     <span class='ocr_line' id='line_1_41' title="bbox 1648 1368 1847 1397; baseline 0.01 -3"><span class='ocrx_word' id='word_1_285' title='bbox 1648 1368 1696 1395; x_wconf 80' lang='lat' dir='ltr'>the</span> <span class='ocrx_word' id='word_1_286' title='bbox 1718 1376 1847 1397; x_wconf 81' lang='lat' dir='ltr'>canons.</span> 
     </span>
    </p>
   </div>
  </div>
 </body>
</html>
