2051 3273
232 259 320 288 CAP.
343 250 396 307 x.]
721 264 782 296 DE
808 263 1045 295 ECCLEsrA.

79 378 115 412 N
138 378 215 422 159c
229 368 280 406 ad
304 367 532 407 formaliter
552 376 675 420 atque
699 366 862 406 notorie
891 366 1139 406 antecedens
1168 366 1219 405 ad
1242 378 1543 418 quamcunque

228 436 423 476 iniuriam
456 445 517 476 est
546 435 764 475 licenciare
796 436 847 474 ad
869 435 1007 488 ipsam
1036 434 1254 486 iniuriam,
1287 443 1332 474 ut
1364 434 1397 473 si
1429 435 1541 473 Deus

230 508 299 546 dat
340 505 443 546 mihi
485 505 704 545 licenciam
735 505 787 544 ad
819 504 1097 557 frangendum
1142 512 1268 556 caput
1299 504 1542 558 presbyteri,

230 584 270 615 et
311 575 392 616 hoc
434 588 522 615 non
552 583 691 628 potest
721 573 809 613 fieri
840 573 927 613 sine
960 572 1155 624 facinore,
1196 582 1297 612 tunc
1329 574 1441 613 Deus
1474 574 1544 613 dat

198 645 333 688 5mihi
376 644 592 685 licenciam
624 646 675 684 ad
714 644 872 684 facinus
905 644 1245 696 perpetrandum.
1282 642 1542 696 Correspon-

230 716 386 766 denter,
430 723 577 755 notato
622 714 820 754 scelerato
861 712 1039 767 fugitivo
1071 712 1310 766 quiescente
1352 713 1395 751 in
1428 713 1542 752 dicto

229 784 485 824 monasterio
528 798 626 824 cum
668 783 812 837 rapina
844 796 920 836 pro
966 796 1043 822 suo
1087 791 1306 835 perpetUO,
1345 792 1543 836 queratur

228 854 279 893 ab
324 868 374 894 eo
417 855 482 894 vel
526 853 774 893 defendente
819 852 900 892 hoc
932 852 1212 905 privilegium,
1244 866 1267 892 a
1300 866 1386 906 quo
1417 852 1542 892 habet

227 923 447 963 licenciam
491 923 547 963 sic
590 922 809 976 pausandi.
872 921 914 961 Si
946 921 1106 961 dicatur
1138 922 1252 975 quod
1285 935 1372 961 non
1404 921 1541 973 habet,

175 1013 214 1035 10
229 1002 330 1033 tunc
373 993 535 1033 licitum
576 1001 637 1032 est
669 991 944 1032 collacionem
976 1000 1061 1030 tam
1094 991 1281 1031 illicitam
1313 1005 1540 1031 removere.

230 1062 271 1101 Si
304 1062 466 1102 dicatur
498 1063 615 1116 quod
646 1076 667 1101 a
699 1075 794 1115 rege
816 1061 941 1100 habet
962 1061 1079 1100 illam
1099 1061 1330 1112 licenciam,
1355 1061 1543 1115 sequitur

228 1145 326 1171 cum
357 1132 463 1171 veris
495 1132 612 1185 quod
641 1145 712 1171 rex
742 1131 934 1170 licenciat
961 1132 1013 1170 ad
1035 1132 1284 1171 antecedens
1316 1131 1542 1171 formaliter

227 1202 279 1241 ad
323 1210 557 1255 peccatum,
602 1210 642 1241 et
684 1202 809 1254 longe
857 1200 1089 1247 coloracius
1122 1201 1202 1240 dici
1233 1201 1388 1253 poterit
1425 1201 1541 1254 quod

227 1285 295 1311 rex
326 1272 509 1325 legitime
540 1271 730 1312 licenciat
773 1272 825 1310 ad
856 1270 1134 1310 auferendum
1164 1271 1425 1323 temporalia,
1470 1270 1541 1309 sed

174 1352 211 1383 15
228 1341 345 1380 nullo
392 1342 524 1381 modo
556 1343 607 1381 ad
641 1341 880 1380 faciendum
911 1340 1107 1380 iniuriam
1147 1340 1397 1393 cuicunque,
1442 1353 1542 1378 nam

227 1410 386 1450 ablacio
430 1411 516 1451 fieri
564 1420 703 1464 potest
749 1410 936 1462 legitime
969 1411 1040 1449 sed
1072 1424 1158 1449 non
1203 1410 1294 1450 talis
1335 1411 1539 1451 detencio.

285 1481 480 1521 Secundo
514 1480 688 1534 quesivi,
723 1480 754 1519 si
787 1480 988 1533 fugitivus
1020 1479 1266 1519 huiusmodi
1304 1480 1438 1533 possit
1471 1494 1537 1519 ex-

227 1551 545 1603 communicari,
596 1551 699 1590 dum
744 1549 867 1589 fuerit
910 1549 952 1588 in
995 1550 1090 1589 loco
1130 1549 1202 1588 illo
1242 1563 1318 1602 pro
1358 1549 1540 1589 facinore

228 1623 405 1660 exterius
428 1629 680 1673 perpetrato,
712 1620 778 1659 vel
810 1619 842 1658 si
875 1619 1218 1659 excomunicatus
1252 1628 1365 1659 extra
1397 1619 1540 1660 locum

172 1711 213 1732 20
227 1698 266 1729 et
298 1689 461 1742 fugiens
494 1690 546 1729 ad
589 1689 731 1742 ipsum
763 1702 815 1728 ne
852 1689 1006 1729 virtute
1050 1688 1183 1728 brevis
1214 1689 1313 1742 regii
1354 1689 1541 1742 capiatur

226 1760 277 1798 ad
310 1773 529 1812 carcerem,
573 1759 742 1800 habebit
774 1759 816 1799 in
849 1759 961 1799 dicto
993 1759 1251 1799 monasterio
1283 1757 1540 1800 libertatem?

227 1829 281 1868 Et
332 1829 492 1869 dictum
535 1838 597 1870 est
639 1829 743 1869 mihi
788 1829 902 1883 quod
946 1842 1045 1880 non,
1078 1828 1176 1882 quia
1206 1829 1318 1881 leges
1356 1830 1541 1869 humane

227 1912 313 1938 non
337 1900 538 1953 derogant
568 1899 731 1951 legibus
763 1908 802 1938 et
834 1898 911 1937 iuri
945 1898 1127 1950 ecclesie,
1161 1907 1201 1937 et
1233 1899 1464 1951 specialiter
1496 1908 1541 1939 ut

227 1968 624 2008 inobedientissimis
664 1967 1080 2008 excommunicandis
1125 1978 1365 2020 apponatur
1401 1969 1540 2008 anime

169 2048 208 2080 25
228 2039 455 2091 medicina;
497 2039 614 2079 aliter
645 2039 758 2079 enim
789 2039 928 2078 liceret
960 2039 1176 2077 excludere
1209 2047 1249 2078 et
1279 2038 1539 2092 privilegiare

226 2108 495 2161 spiritualiter
540 2108 772 2161 infirmum,
820 2117 866 2148 ut
908 2109 1119 2147 sordescat
1162 2108 1204 2147 in
1253 2108 1424 2148 crimine
1464 2122 1539 2148 nec

225 2178 400 2231 accipiat
431 2179 741 2218 correccionem
769 2179 819 2217 ab
851 2177 1045 2229 homine;
1078 2178 1195 2231 quod
1227 2191 1324 2218 cum
1357 2178 1408 2218 sit
1440 2192 1539 2218 con-

224 2256 285 2287 tra
327 2248 464 2301 legem
508 2248 787 2301 correpcionis
836 2247 1027 2299 fraterne,
1061 2248 1234 2288 Matthei
1267 2248 1436 2300 XV1110,
1477 2249 1538 2299 15,

226 2316 270 2355 Si
292 2318 547 2370 peccaverit
577 2319 618 2358 in
649 2324 686 2357 te
705 2318 863 2371 frater
883 2325 983 2358 tuus
1012 2323 1104 2367 etc„
1127 2318 1400 2358 manifestum
1421 2318 1534 2357 vide-

168 2395 291 2428 3otur
334 2388 450 2440 quod
494 2387 586 2427 talis
631 2387 817 2427 defensio
862 2401 949 2427 non
992 2388 1118 2428 habet
1160 2387 1427 2442 privilegium
1468 2389 1539 2427 sed

224 2456 500 2509 pravilegium
532 2456 788 2497 Antichristi.
821 2458 980 2498 Ymmo
1008 2471 1106 2497 cum
1137 2458 1229 2497 talis
1262 2457 1314 2497 sit
1344 2458 1468 2510 plene
1500 2466 1540 2497 et

225 2538 312 2564 non
365 2526 507 2565 minus
549 2526 938 2567 excommunicatus
990 2541 1013 2566 a
1056 2527 1161 2579 Deo,
1209 2540 1297 2566 non
1345 2527 1538 2567 obstante

224 2596 340 2648 quod
392 2596 602 2636 sentencia
653 2610 740 2636 non
793 2597 843 2637 sit
885 2597 967 2637 lata
1010 2598 1060 2636 ab
1111 2597 1298 2649 homine,
1350 2598 1540 2651 sequitur

277 2798 317 2817 10.
339 2791 367 2817 A
381 2791 439 2824 Al:
461 2790 675 2818 cubacionem.
786 2790 826 2817 16.
842 2790 882 2817 B:
899 2790 951 2818 sed
967 2797 1029 2817 non
1045 2795 1091 2817 est
1106 2790 1173 2818 talis
1189 2791 1343 2818 detencio.
1448 2799 1488 2827 17.
1508 2792 1537 2818 A

222 2844 254 2863 1n
276 2843 391 2870 marga
412 2835 555 2864 Secunda
574 2837 704 2872 questio.
843 2845 888 2864 20.
910 2837 1001 2864 breve
1021 2836 1041 2864 i.
1063 2845 1088 2863 e.
1110 2837 1302 2864 mandatum.
1445 2845 1487 2864 22.
1509 2840 1537 2864 A

223 2882 253 2909 in
275 2890 390 2917 marg.:
411 2881 598 2918 Responsio.
742 2882 787 2911 28.
810 2883 831 2910 Β
852 2884 882 2910 in
905 2892 1020 2919 marg:
1042 2883 1145 2910 Matth.
1167 2883 1246 2911 VIII.

1746 265 1823 291 221

1565 1484 1711 1513 Another
1731 1492 1814 1512 case.
