2051 3273
207 217 288 271 370
932 228 1155 261 JOHANNIS
1182 228 1381 262 WYCLIF.
1614 215 1720 272 [CAP.
1741 223 1825 253 xv1.

495 332 618 371 Unde
650 346 728 385 ego
764 333 887 372 credo
921 333 1038 386 quod
1071 333 1309 372 meritorius
1342 332 1485 373 fuisset
1517 332 1684 386 utrique
1707 332 1811 386 parti
1834 340 1911 375 180b
1933 342 1952 375 1

495 402 613 454 quod
646 401 863 442 distributa
886 401 1062 442 fuissent
1084 402 1196 441 bona
1218 402 1486 455 pauperibus,
1511 411 1550 442 et
1573 402 1815 443 ordinatum

495 485 568 524 per
598 471 741 524 laycos
774 471 1055 512 ministerium
1089 472 1343 512 continuum
1374 472 1415 510 in
1450 471 1687 512 subsidium
1721 485 1811 525 ege-

495 552 669 593 norum;
709 550 809 580 tunc
847 542 960 580 enim
998 550 1140 594 posset
1178 542 1311 581 clerus
1350 550 1454 581 stare
1492 541 1534 580 in
1568 555 1646 581 suo
1686 542 1815 594 gradu

494 610 675 650 vivendo
710 610 1032 664 exproprietarie
1064 611 1170 651 sicut
1202 611 1355 664 primo,
1389 619 1428 651 et
1459 611 1595 650 ablata
1617 610 1812 650 confede-
1832 621 1848 654 5

496 681 677 732 racione,
725 680 1041 720 assecuracione
1086 690 1125 721 et
1160 681 1457 734 ·occupacione
1507 694 1605 720 cum
1651 682 1814 721 mundo

497 759 693 790 cresceret
737 750 924 804 undique
969 750 1127 791 fructus
1175 751 1285 791 cleri.
1333 752 1418 791 Nec
1462 760 1521 791 est
1560 751 1815 790 credendum

496 820 613 873 quod
646 821 697 859 ad
729 820 1063 860 satisfaccionem
1085 820 1248 874 tyranni
1282 820 1506 873 requiritur
1535 829 1581 860 ut
1613 821 1681 860 det
1704 820 1815 859 clero

496 889 838 930 dominacionem
871 890 1048 944 civilem,
1084 891 1155 929 sed
1196 899 1365 943 oportet
1403 890 1521 943 quod
1561 889 1816 929 satisfaciens

496 959 659 1012 capitali
683 963 706 985 ->÷
730 960 906 999 domino
939 960 1053 999 iuvet
1081 974 1201 999 suam
1231 959 1460 1011 ecclesiam,
1494 959 1582 999 aliis
1615 968 1661 999 ut
1693 968 1913 1012 egen-181⁶

495 1029 605 1068 tibus
639 1029 909 1082 conferendo,
955 1039 993 1069 et
1038 1029 1506 1083 superhabundantibus
1538 1030 1603 1068 vel
1645 1030 1816 1070 abuten-

496 1099 606 1139 tibus
657 1100 958 1139 subtrahendo.
1034 1100 1099 1139 Sic
1153 1100 1265 1140 enim
1321 1099 1470 1139 dicitur
1527 1100 1815 1139 Nabuchodo-

499 1182 630 1208 nosor
678 1183 722 1208 ex
770 1169 919 1208 maiori
967 1169 1178 1209 evidencia
1222 1184 1346 1223 quam
1398 1178 1589 1209 nostrum
1638 1183 1815 1209 cesarem

500 1239 715 1279 meruisse.

255 1313 437 1345 Obieciion:
558 1309 722 1359 Quinto
762 1309 949 1363 arguitur
987 1324 1060 1362 per
1098 1311 1305 1349 deducens
1345 1311 1396 1349 ad
1431 1310 1630 1349 familiare
1669 1310 1875 1351 incon-15

219 1349 242 1377 5.
266 1349 293 1376 lf
311 1349 470 1384 perpetual

208 1379 668 1453 ειῐὲπυεΐεεῑῶἐνέξεηςνεηίεηε
707 1379 879 1419 scilicet:
921 1379 963 1419 Si
1004 1380 1147 1419 beatus
1188 1380 1385 1420 Silvester
1424 1379 1611 1433 peccavit
1644 1379 1683 1418 in
1717 1379 1817 1419 reci-

244 1453 448 1517 οέἰξξξῇοεξξ
499 1449 655 1502 piendo
691 1450 965 1489 dotacionem
998 1449 1167 1489 ecclesie
1201 1450 1241 1488 in
1275 1459 1541 1503 perpetuum,
1576 1449 1765 1503 sequitur
1797 1463 1819 1488 a

498 1519 585 1571 pari
638 1520 755 1572 quod
812 1520 988 1572 collegia
1032 1529 1172 1559 nostre
1217 1520 1494 1560 universitatis
1544 1519 1819 1559 verisimiliter

499 1599 717 1641 peccarent
755 1589 798 1628 in
836 1589 1078 1642 recipiendo
1114 1589 1362 1643 temporalia
1394 1603 1471 1643 pro
1505 1589 1817 1629 sustentacione

499 1668 699 1711 perpetua
739 1673 975 1712 pauperum
1014 1659 1281 1711 clericorum;
1316 1668 1355 1699 et
1386 1660 1442 1699 ita
1475 1659 1662 1714 sequitur
1700 1659 1817 1712 quod
1834 1680 1876 1701 20

499 1737 585 1768 tam
618 1728 752 1768 clerici
793 1729 956 1768 domini
988 1730 1313 1783 VVyntoniensis
1347 1744 1476 1783 quam
1507 1729 1575 1769 alii
1609 1728 1817 1782 collegiati

500 1808 695 1839 tenentur
734 1813 821 1838 non
859 1799 1109 1852 perpetuari,
1150 1808 1188 1839 et
1232 1813 1305 1852 per
1343 1813 1605 1853 consequens
1644 1812 1818 1838 monere

499 1877 703 1921 patronos
742 1870 793 1908 ad
832 1869 1153 1908 dissolvendum
1185 1869 1400 1923 privilegia
1432 1878 1646 1922 perpetua,
1680 1877 1726 1908 ut
1759 1877 1819 1908 est

500 1940 549 1977 de
594 1938 818 1991 privilegiis
864 1938 1076 1991 perpetuis
1114 1939 1322 1978 concessis
1369 1939 1625 1979 universitati
1676 1947 1818 1978 nostre

500 2023 522 2047 a
544 2022 654 2060 rege,
689 2018 727 2047 et
760 2008 816 2048 sic
840 2009 890 2047 de
923 2008 1112 2048 cantariis
1145 2017 1185 2048 et
1217 2008 1304 2047 aliis
1328 2008 1569 2048 elemosinis
1593 2008 1876 2062 perpetuiS.25

500 2078 749 2129 Revocetur‚
783 2077 931 2131 inquit,
963 2078 1041 2118 ista
1071 2078 1240 2130 heresis,
1274 2092 1371 2118 cum
1403 2078 1659 2131 extingueret
1691 2079 1819 2117 devo-

501 2147 669 2186 cionem
713 2147 877 2201 populi,
924 2148 1175 2188 elemosinas
1224 2157 1446 2202 perpetuas
1480 2148 1741 2199 clericorum,
1781 2156 1820 2187 et

500 2231 573 2270 per
618 2231 881 2270 consequens
927 2219 1088 2258 cederet
1132 2219 1183 2257 ad
1235 2218 1530 2258 detrimentum
1587 2218 1821 2257 maximum

501 2287 755 2340 pauperibus
789 2287 830 2325 in
864 2287 1065 2327 futurum.

272 2368 422 2395 Answer:
561 2356 639 2396 Hic
684 2356 779 2395 dico
824 2356 962 2409 primo
1002 2358 1118 2410 quod
1153 2357 1459 2411 consequencia
1491 2371 1578 2396 non
1618 2356 1873 2409 procedit‚K

213 2404 261 2430 An
284 2409 330 2430 act
357 2412 427 2439 may
452 2404 488 2430 be

211 2439 487 2500 gogagffitvteoniffiilin
505 2440 601 2465 cum
639 2426 773 2464 homo
819 2435 959 2479 potest
1004 2426 1134 2465 facere
1179 2427 1337 2467 nedum
1381 2427 1546 2466 bonum
1578 2427 1627 2465 de
1658 2439 1820 2479 genere,

230 2481 244 2499 e
301 2482 305 2492 ,

324 2508 381 2534 sin.
505 2497 575 2535 sed
609 2496 712 2535 bene
738 2496 951 2535 moraliter
984 2505 1023 2535 et
1055 2506 1195 2536 tamen
1230 2511 1323 2536 cum
1359 2497 1441 2536 hoc
1475 2506 1514 2536 et
1545 2496 1588 2535 in
1619 2496 1701 2535 hoc
1724 2508 1818 2548 pec-

504 2581 593 2606 care
626 2566 852 2618 venialiter,
886 2577 933 2607 ut
965 2567 1040 2607 ista
1064 2581 1156 2620 pars
1180 2568 1305 2608 habet
1343 2568 1476 2607 dicere
1498 2568 1540 2606 in
1564 2564 1820 2606 familiariori

554 2715 579 2743 3.
602 2715 640 2742 B:
671 2715 855 2742 continuum
890 2715 986 2742 deest.
1132 2716 1158 2743 6.
1182 2715 1222 2742 B:
1250 2720 1279 2743 et
1305 2715 1557 2743 assecuracione.
1657 2722 1688 2741 11.
1713 2722 1750 2741 12.
1781 2714 1820 2740 1³:

503 2762 540 2788 ab
562 2762 718 2789 utentibus
739 2762 900 2789 trahendo.
1042 2761 1080 2789 15.
1102 2763 1129 2789 A
1152 2762 1181 2789 in
1205 2769 1319 2796 marg:
1343 2761 1458 2797 Quinta
1478 2761 1573 2788 racio.
1717 2767 1759 2788 22.
1781 2760 1820 2787 B:

504 2812 646 2835 tenentur
666 2809 741 2835 velle
763 2816 836 2836 non.
986 2815 1032 2841 24.
1050 2807 1091 2835 25.
1114 2808 1150 2834 ss:
1175 2809 1272 2835 nostri
1293 2816 1309 2834 a
1330 2816 1411 2843 rege.
1584 2807 1628 2834 26.
1651 2807 1822 2841 extiguerer.

507 2853 533 2879 in
557 2854 648 2881 codd.
793 2853 839 2881 30.
863 2855 888 2881 Α
905 2853 934 2881 in
960 2863 1046 2889 marg
1069 2866 1075 2882 :
1105 2854 1289 2889 Responsio.
