2051 3273
209 192 289 230 230
931 205 1153 238 JOHANNIS
1180 206 1378 238 WYCLIF.
1622 194 1729 250 [CAP.
1752 203 1805 232 xi.

494 310 713 349 hominem
745 310 877 361 magis
912 323 1051 361 capax.
1098 311 1183 349 Nec
1215 310 1379 350 videtur
1411 310 1664 350 racionabile
1697 311 1812 364 quin,
1833 321 1963 356 160⁶ss

497 379 717 432 supposita
739 378 966 431 capacitate
988 378 1031 417 in
1054 379 1266 418 monacho
1284 380 1349 419 vel
1373 393 1630 433 quocunque
1653 380 1813 420 famulo

495 449 604 488 illius
636 448 732 500 loci,
775 448 943 487 habebit
990 447 1173 488 fructum
1225 449 1429 501 privilegii
1472 458 1569 502 post
1612 449 1811 489 delictum

497 518 627 558 eciam
650 517 797 570 pocius
832 531 961 570 quam
982 531 1092 557 unus
1125 526 1361 569 extraneus;
1394 518 1510 558 aliter
1540 518 1651 558 enim
1675 519 1813 558 omnis

496 587 799 627 contumaciter
830 587 886 625 ibi
919 586 1137 639 quiescens
1170 587 1212 626 in
1253 588 1423 628 crimine
1456 596 1502 627 ut
1535 588 1590 627 sic
1623 574 1846 641 indispo-5

497 666 611 696 neret
642 670 683 695 se
716 657 766 696 ad
798 656 1044 696 habendum
1075 656 1342 710 privilegium
1374 658 1676 710 supradictum.

217 731 425 764 Forgiveness
446 730 470 757 is
555 725 645 764 Istis
676 725 890 778 premissis
921 725 1083 765 videtur
1105 725 1207 764 mihi
1233 725 1296 780 (ut
1318 725 1436 781 alias)
1460 728 1590 779 quod,
1614 727 1709 767 licet
1740 739 1858 779 pero

319 774 331 791 S

207 766 482 827 ἰξῗὲᾒᾰεοῑῗῑῑῑῗθ
497 804 631 835 totam
670 794 870 848 Angliam
913 794 1122 848 indulgeri
1168 796 1289 834 debet
1328 795 1575 835 omnimoda
1608 795 1813 847 remissio,

288 842 402 870 mercy,
498 866 548 904 de
582 873 741 917 quanto
764 873 885 904 sonat
917 865 958 903 in
983 864 1316 905 misericordiam
1340 874 1378 905 et
1411 878 1496 904 non
1520 864 1640 916 ultra,
1672 873 1814 904 tamen

497 948 572 987 pro
606 933 700 973 loco
733 934 1102 973 Westmonasterii
1143 934 1292 973 servari
1332 935 1453 974 debet
1490 933 1689 986 generalis
1722 934 1813 973 talis
1833 957 1872 979 10

497 1003 689 1042 remissio
722 1003 875 1042 virtute
898 1003 1116 1055 singularis
1148 1004 1350 1057 privilegii
1384 1003 1451 1056 pie
1485 1003 1670 1043 concessi
1704 1017 1724 1042 a
1752 1016 1813 1042 re-

232 1075 463 1146 aggx·²ilesc?eecdil
496 1073 617 1127 gibus
650 1072 708 1111 illi
741 1074 849 1112 loco.
885 1073 1024 1112 Prima
1056 1087 1148 1125 pars
1189 1082 1303 1126 patet
1340 1087 1388 1113 ex
1421 1075 1499 1113 hoc
1539 1073 1655 1126 quod
1687 1072 1812 1125 privi-

222 1131 466 1207 sligfliiivffsseissft
496 1143 615 1196 legia,
650 1156 747 1181 cum
791 1142 852 1195 (in
898 1152 1105 1194 quantum
1154 1141 1416 1197 huiusmodi)
1452 1151 1602 1182 sonant
1653 1155 1725 1195 per
1770 1156 1812 1181 se

206 1221 237 1243 10
254 1213 674 1263 We⁵¹1³111¹⁵10r2bonum‚
714 1220 810 1250 sunt
842 1211 1149 1251 racionabiliter
1180 1213 1477 1265 amplexanda3
1521 1226 1621 1251 nam
1663 1210 1814 1250 melius

498 1290 605 1320 esset
644 1282 761 1334 quod
790 1290 878 1320 tota
911 1281 1082 1321 ecclesia
1114 1282 1282 1322 haberet
1312 1282 1592 1335 privilegium,
1626 1281 1706 1320 hoc
1739 1290 1813 1332 est,
1835 1294 1871 1327 15

497 1352 633 1404 legem
676 1352 728 1390 ad
772 1351 835 1390 sui
881 1352 1156 1390 commodum
1203 1366 1333 1405 quam
1378 1352 1495 1405 quod
1538 1351 1678 1404 aliqua
1720 1363 1814 1403 pars

498 1420 667 1461 ecclesie
690 1435 713 1460 a
735 1420 952 1474 privilegio
975 1434 1073 1460 vero
1106 1420 1282 1471 deficiat,
1307 1421 1404 1475 quia
1437 1423 1487 1460 de
1518 1429 1636 1460 tanto
1669 1427 1814 1472 peccat

496 1491 560 1529 vel
591 1490 765 1543 punitur
795 1491 844 1529 de
877 1499 1037 1543 quanto
1071 1490 1208 1530 deficit
1242 1505 1263 1529 a
1295 1491 1429 1544 plenis
1459 1489 1684 1543 privilegiis
1717 1490 1812 1529 bea-

497 1570 651 1599 torum.
717 1560 770 1599 Et
816 1569 930 1611 patet
973 1561 1088 1612 quod
1122 1561 1288 1600 nullum
1322 1570 1380 1600 est
1413 1559 1693 1613 privilegium,
1734 1559 1811 1597 nisi

498 1631 548 1668 de
580 1638 740 1683 quanto
764 1639 885 1669 sonat
918 1630 958 1668 in
994 1630 1269 1670 elemosinam
1292 1631 1356 1669 vel
1380 1643 1487 1682 opus
1518 1628 1811 1679 misericordie,
1831 1651 1873 1673 20

499 1699 597 1752 quia
629 1713 712 1737 non
743 1708 803 1738 est
826 1699 1105 1752 privilegium,
1130 1700 1206 1738 nisi
1231 1701 1279 1739 de
1303 1708 1464 1752 quanto
1494 1697 1814 1737 misericorditer

499 1771 621 1808 datur
644 1783 665 1808 a
689 1770 792 1821 Deo,
815 1783 988 1822 vergens
1011 1769 1173 1808 homini
1199 1771 1249 1808 ad
1272 1769 1524 1827 profectum.
1558 1769 1608 1807 Et
1631 1768 1814 1808 secunda

226 1856 279 1890 o-ut
299 1850 334 1878 of
352 1851 460 1885 regard
499 1852 593 1892 pars
638 1848 752 1892 patet
796 1853 844 1878 ex
888 1839 968 1878 hoc
1010 1841 1126 1892 quod
1159 1849 1327 1892 oportet
1359 1838 1678 1879 concessionem
1710 1837 1814 1891 regis

235 1889 283 1913 tor
298 1886 456 1954 ἑῗὲηἶῗμι
498 1909 649 1947 habere
691 1908 915 1961 specialem
948 1908 1175 1948 efficaciam
1208 1909 1261 1948 ibi
1310 1908 1555 1961 diligencius
1593 1907 1815 1947 observan-

497 1978 608 2028 dam,
641 1992 740 2017 nam
773 1978 888 2018 aliter
921 1977 1026 2018 foret
1059 1978 1219 2018 frustra.
1268 1980 1321 2018 Et
1353 1992 1400 2017 ex
1433 1977 1518 2017 istis
1551 1985 1664 2030 patet
1696 1977 1811 2030 quod
1830 1989 1870 2021 25

495 2047 662 2086 nullum
713 2048 980 2101 privilegium
1034 2056 1093 2087 est
1145 2048 1220 2087 iuri
1267 2047 1484 2088 communi
1542 2046 1812 2098 contrarium,

497 2130 595 2156 nam
629 2117 658 2155 si
694 2117 812 2169 foret,
836 2127 936 2156 tunc
971 2127 1075 2157 esset
1108 2127 1252 2157 contra
1275 2117 1481 2157 iusticiam
1505 2125 1543 2156 et
1565 2129 1638 2169 per
1668 2130 1807 2155 conse-

233 2198 282 2225 No
306 2197 452 2232 privilege
498 2200 629 2239 quens
674 2187 738 2225 lex
782 2186 928 2240 iniqua
961 2196 1000 2226 et
1033 2201 1119 2226 non
1152 2187 1432 2239 privilegium.
1497 2187 1619 2226 Unde
1651 2185 1815 2225 videtur

224 2240 306 2302 rigidi-{i
324 2232 359 2294 il?
377 2241 463 2294 0033]-
498 2256 599 2295 mihi
632 2256 809 2295 omnino
842 2256 1074 2308 insipidum
1098 2257 1257 2296 dictum
1281 2257 1551 2310 quorundam
1575 2255 1812 2295 dicencium

265 2309 338 2329 mon
361 2303 428 2329 law.
498 2326 612 2378 quod
645 2339 732 2364 non
766 2335 871 2365 esset
896 2325 920 2352 ‘⁴'-
943 2326 1222 2379 privilegium‚
1252 2327 1329 2364 nisi
1363 2326 1468 2365 foret
1491 2326 1567 2365 iuri
1597 2325 1814 2365 communi
1836 2336 1912 2368 161³

498 2395 767 2435 contrarium.
832 2396 941 2434 Nam
987 2395 1096 2435 licita
1139 2396 1319 2435 variacio
1366 2396 1465 2435 ritus
1510 2409 1586 2448 pro
1630 2395 1725 2434 loco
1776 2403 1816 2434 et

498 2473 690 2517 tempore
724 2479 810 2504 non
841 2474 900 2504 est
929 2465 1187 2504 contrarium
1209 2465 1368 2505 veritati
1394 2476 1431 2505 et
1455 2478 1527 2518 per
1552 2477 1815 2517 consequens

498 2534 600 2572 nulli
636 2534 728 2587 legi.
794 2535 890 2573 Ideo
925 2544 1092 2587 oportet
1125 2535 1432 2588 privilegiantes
1465 2534 1645 2573 omnino
1680 2542 1813 2573 atten-

550 2701 575 2727 7.
604 2695 632 2720 A
652 2694 681 2720 in
704 2701 820 2729 marg:
842 2694 943 2721 Prima
965 2694 1136 2721 conclusio.
1282 2702 1318 2721 12.
1341 2695 1367 2721 A
1388 2694 1445 2728 A,:
1473 2694 1530 2720 hoc
1551 2700 1621 2720 cum
1644 2693 1815 2728 privilegia.

498 2746 537 2771 ις».
575 2740 600 2765 Α
632 2738 659 2766 in
689 2748 802 2774 marga
835 2739 1054 2768 Correlarium.
1216 2748 1259 2767 20.
1292 2741 1337 2767 A:
1373 2744 1495 2766 sonant·
1656 2739 1699 2767 25.
1730 2740 1758 2766 A
1784 2739 1814 2766 in

497 2792 612 2817 mai-gs
635 2784 856 2813 Cori-elarium.
1001 2787 1046 2814 26.
1069 2786 1090 2813 Β
1112 2787 1141 2813 in
1163 2794 1277 2821 marg:
1300 2785 1496 2820 Privilegium
1519 2793 1580 2812 non
1597 2790 1642 2813 est
1657 2785 1816 2813 communi

496 2830 552 2857 iuri
575 2832 779 2858 contrarium.
