2051 3343
214 224 386 283 CAP.111-]
715 238 774 269 DE
801 236 1034 269 ECCLESIA.
1767 225 1783 260 5
1800 237 1809 260 1

63 356 97 389 D
121 355 200 389 135⁵*
212 342 343 382 habiti
388 341 470 380 suis
503 341 763 394 temporibus
783 339 1122 392 correspondent.
1156 338 1279 378 Unde
1304 336 1528 390 Gregorius

213 411 286 452 ubi
319 420 461 463 supra:
501 411 670 458 Quanto
704 411 844 463 magis
875 416 1051 449 terrena
1083 409 1178 460 quis
1210 407 1366 460 diligit,
1411 413 1528 446 tanto

120 481 378 533 135bprivari
400 481 459 519 eis
480 481 776 520 uehemencius
793 478 1066 531 pertimescit.
1097 477 1192 525 Qua
1221 477 1330 516 enim
1346 473 1369 496 ἧς
1391 482 1530 515 mente

212 552 253 590 in
287 551 363 589 lzoc
395 548 553 588 mundo
586 548 750 601 aliquid
774 547 1059 600 possidemus,
1098 560 1180 586 non
1214 545 1420 585 docemur
1448 545 1530 584 nisi

180 632 306 664 5cum
341 620 589 659 amittimus.
638 619 737 659 Sine
769 618 918 658 dolore
952 630 1134 669 namque
1166 616 1377 656 amittitur
1409 614 1528 668 quid-

212 688 314 741 quid
343 690 434 728 sine
467 700 616 728 amore
639 687 907 741 possidetur,
943 700 1021 739 que
1060 700 1159 727 vero
1194 686 1400 725 ardenter
1432 684 1528 724 dili-

210 758 353 811 gimus
386 757 545 806 habita,
577 759 773 811 graviter
799 758 1072 809 suspiramus
1105 757 1262 797 ablata.

270 826 422 866 Tercio
461 826 668 880 colligitur
707 827 823 880 quod
861 827 1142 866 adulterantes
1182 824 1430 877 scripturam
1467 837 1528 861 sa·
1591 829 1775 865 Hypocrites

1593 873 1604 887 w
1630 873 1637 882 ν
1739 873 1749 889 Ἴ

212 910 324 936 cram
356 896 397 935 in
429 896 507 936 ista
531 896 741 936 sentencia
772 905 869 936 sunt
898 896 1099 949 ypocrite,
1133 908 1238 948 quos
1267 893 1531 946 prophetavit
1545 864 1820 935 paqffiySicnsstssueriss

158 989 197 1011 10
211 967 426 1018 apostolus
441 966 669 1006 Timotheo
692 965 934 1019 periculosis
958 964 1219 1017 temporibus
1248 963 1291 1002 in
1316 963 1531 1003 ecclesiam
1569 942 1638 961 own
1660 938 1801 968 suppon.

212 1049 488 1075 successuros.
534 1036 613 1074 Pro
647 1035 763 1075 cuius
804 1034 1088 1075 declaracione
1124 1046 1319 1085 suppono
1359 1032 1530 1084 factum,

211 1105 430 1158 quomodo
458 1104 648 1144 moderni
673 1104 938 1145 ecclesiastici
962 1104 1128 1157 fingunt
1150 1103 1383 1143 secundum
1406 1102 1529 1142 tradi-

212 1174 353 1214 ciones
385 1174 593 1214 humanas
627 1175 741 1227 quod
774 1175 933 1213 nedum
965 1174 1059 1213 licet
1092 1174 1161 1224 eis,
1207 1174 1277 1212 sed
1312 1180 1531 1224 peccarent

211 1243 454 1295 mortaliter,
488 1243 725 1283 omittendo
764 1243 960 1296 prosequi
993 1257 1069 1296 pro
1102 1242 1344 1282 defensione
1388 1241 1530 1280 matris

160 1325 195 1357 15
212 1313 393 1352 ecclesie.
440 1313 545 1352 Illud
578 1313 771 1352 meminit
806 1315 951 1352 beatus
987 1312 1213 1365 Gregorius
1248 1309 1339 1366 (ubi
1371 1309 1529 1364 supra).

210 1382 325 1430 Istis,
358 1382 507 1435 inquit,
540 1383 577 1422 si
595 1382 721 1436 forte
755 1382 948 1422 dicatur:
977 1382 1066 1421 Cur
1099 1382 1179 1421 ista
1212 1382 1347 1435 agitis
1371 1382 1442 1434 qui
1468 1393 1530 1420 se·
1560 1378 1562 1381 ’

211 1452 353 1490 culum
378 1452 646 1504 reliquistis?
678 1453 939 1505 respondent
971 1452 1083 1491 illico
1108 1452 1248 1491 Deum
1273 1464 1315 1490 se
1341 1456 1530 1490 metuere

211 1527 250 1559 et
290 1520 447 1560 idcirco
491 1528 609 1561 tanto
654 1522 792 1562 studio
839 1523 880 1561 in
926 1521 1211 1575 defendendis
1249 1520 1532 1572 patrimoniis

218 1590 377 1630 Christi
399 1591 622 1633 insudare.
647 1591 785 1630 Hodie
809 1599 951 1630 autem
966 1590 1260 1643 superadditur
1282 1590 1400 1643 quod
1424 1591 1534 1629 bona

155 1683 197 1704 20
213 1673 290 1712 pro
323 1673 507 1712 quorum
531 1660 826 1714 acquisicione,
861 1660 1183 1700 conservacione
1207 1669 1246 1699 et
1278 1659 1533 1712 repeticione

214 1737 382 1768 tantum
414 1729 647 1770 insistimus
681 1740 779 1770 sunt
813 1732 923 1769 bona
956 1730 1126 1770 ecclesie
1159 1739 1199 1769 et
1231 1729 1535 1781 patrimonium

214 1797 390 1838 Christi:
424 1799 519 1838 ideo
550 1799 646 1840 licet
679 1814 754 1852 pro
798 1801 909 1839 bono
942 1799 1186 1839 universalis
1231 1798 1399 1838 ecclesie
1433 1812 1532 1838 con-

216 1869 446 1908 servacioni
479 1883 624 1909 eorum
667 1869 868 1909 insistere.
919 1870 998 1909 Iste
1030 1879 1173 1909 autem
1217 1868 1337 1909 fucus
1376 1882 1423 1908 ex
1454 1868 1557 1911 hoc.

213 1937 375 1978 tollitur
406 1939 519 1991 quod
553 1939 782 1978 deserendo
825 1939 915 1991 ipsa
958 1952 1033 1991 pro
1067 1938 1235 1978 Christo
1280 1947 1368 1977 tam
1410 1937 1533 1977 relin-

166 2019 205 2052 25
223 2020 353 2060 quens
386 2021 515 2060 quam
547 2008 718 2048 ecclesia
749 2008 838 2061 ipsa
869 2008 1008 2060 habet,
1053 2017 1099 2048 ut
1139 2008 1238 2047 dicit
1270 2007 1533 2060 Augustinus

213 2090 337 2129 super
356 2077 448 2116 Joh.
480 2077 645 2117 Omelia
668 2078 758 2118 vla.
792 2078 904 2130 Ideo,
928 2087 974 2118 ut
996 2078 1095 2118 dicit
1120 2079 1264 2117 beatus
1289 2076 1530 2129 Gregorius:

213 2146 401 2186 Frustra
431 2147 643 2187 laboravit
676 2147 794 2187 nullo
826 2149 978 2188 timore
1010 2157 1202 2202 cogente,
1237 2156 1277 2186 et
1310 2155 1354 2186 ut
1386 2146 1535 2185 dicitur

211 2215 378 2255 Psalmo
410 2217 532 2269 XIII⁰,
574 2217 616 2256 5:
655 2217 752 2256 Illic
786 2217 1111 2270 trepidaverunt
1143 2218 1312 2266 timore,
1347 2216 1418 2255 ubi
1449 2229 1532 2255 non

270 2359 291 2379 1.
312 2350 375 2379 AB
395 2351 425 2378 in
446 2359 560 2386 marg:
583 2351 761 2387 Gregorius.
835 2360 861 2379 2.
883 2353 928 2380 A:
950 2353 979 2380 in
1000 2357 1129 2380 terrena.
1204 2351 1228 2379 3.
1251 2352 1289 2379 ss:
1315 2351 1432 2379 Contra
1453 2352 1535 2379 enim

212 2402 324 2424 mente.
416 2396 443 2425 8.
464 2398 525 2425 AB
547 2398 577 2425 in
598 2406 709 2434 marg.:
731 2398 841 2426 Tereia
863 2400 1031 2426 conclusio.
1054 2400 1082 2426 A
1103 2399 1132 2426 in
1155 2407 1270 2435 marg:
1294 2398 1409 2426 Contra
1429 2397 1535 2425 defen-

214 2452 298 2471 sores
319 2444 431 2472 iurium
455 2449 483 2471 et
511 2444 744 2472 consuetudinis
766 2445 900 2473 humane
928 2446 1032 2481 gracia
1051 2446 1177 2481 proprie
1196 2445 1329 2473 avaricie
1350 2449 1379 2472 et
1397 2443 1535 2471 victorie.

214 2489 250 2517 15.
272 2490 333 2517 ΑΒ
355 2490 384 2517 in
406 2499 520 2526 marga
543 2491 722 2526 Gregorius.
831 2493 871 2520 16.
894 2493 932 2519 13:
956 2492 1077 2528 dicitur,
1093 2500 1146 2520 cur
1166 2497 1264 2526 certa;
1285 2491 1366 2518 ibid:
1388 2490 1416 2518 in
1438 2490 1534 2518 codd:

212 2535 253 2563 ita
281 2536 380 2571 agitis.
540 2545 583 2564 22.
605 2538 626 2564 B
647 2537 677 2565 in
704 2546 821 2573 marg.:
851 2537 966 2566 Contra
993 2547 1047 2566 eos
1075 2538 1127 2574 qui
1156 2547 1187 2565 se
1215 2538 1320 2565 dicunt
1350 2537 1536 2564 contendere

214 2581 326 2610 debere
348 2591 403 2618 pro
432 2584 622 2619 acquirendo
649 2585 732 2612 bona
752 2585 893 2621 ecclesie,
923 2585 992 2612 dato
1018 2585 1102 2620 quod
1127 2584 1243 2620 presint
1263 2585 1293 2611 in
1314 2582 1446 2611 ecclesia
1466 2582 1534 2609 Dei.

213 2626 256 2654 23.
277 2629 304 2656 A
324 2629 354 2656 in
375 2637 489 2665 marg:
509 2629 591 2657 Nota
609 2629 726 2658 fucum.
834 2631 876 2658 25.
898 2630 920 2657 B
941 2630 971 2658 in
992 2638 1105 2666 marg:
1126 2630 1329 2666 Augustinus.

280 2746 327 2767 10.
357 2746 387 2767 2.
413 2734 568 2768 Timoth.
596 2737 650 2776 III,
682 2749 707 2768 r.
859 2737 911 2770 25.
938 2738 1026 2780 Aug.
1053 2737 1090 2769 In
1116 2736 1195 2769 Joh.
1223 2747 1344 2779 evang.
1371 2742 1452 2767 trac.
1478 2733 1536 2767 VI.

216 2793 307 2835 Opp.
334 2793 388 2834 ΙΙΙ,
415 2804 493 2836 pars
521 2794 559 2836 ΙΙ,
585 2805 662 2837 pag.
692 2794 756 2825 330
783 2804 882 2837 seqq.
993 2794 1044 2827 26,
1072 2796 1219 2838 August.
1247 2798 1373 2826 Annot.
1401 2792 1434 2824 in
1459 2793 1535 2826 Job.

217 2851 309 2893 Opp.
347 2852 402 2891 111,
433 2863 460 2893 1,
487 2863 564 2894 pag.
592 2852 669 2895 675.
698 2853 842 2893 Gregor.
872 2854 893 2883 1.
921 2863 947 2884 c.
976 2863 1049 2894 cap.
1078 2854 1164 2885 XIII.

1376 2908 1396 2925 -Χ-

1351 2920 1376 2951 4
