2051 3273
219 187 299 235 554

232 657 475 697 Bonayentura's

283 700 425 728 opinion.

946 196 1170 228 JOHANNIS
1198 197 1394 229 WYCLIF.
1591 184 1698 242 [CAP.
1716 194 1824 222 xxm.

504 302 632 340 trium
667 302 756 340 eius
789 301 861 353 qui
893 301 1154 341 multitudini
1177 311 1337 354 preest.
1384 302 1502 341 Unde
1533 304 1570 341 si
1600 303 1696 355 quis
1730 316 1825 342 con·
1844 312 1977 347 203‘1B

503 379 756 425 sequeretur
802 372 1096 411 remissionem
1134 385 1247 424 pene
1290 385 1341 411 ac
1392 373 1430 412 si
1480 374 1595 413 alius
1639 387 1726 425 pro
1778 386 1826 413 eo

503 442 783 496 satisfecisset
814 442 871 480 ita
903 441 1015 494 quod
1035 442 1282 495 satisfaccio
1313 442 1491 481 alterius
1522 443 1602 482 sibi
1624 456 1708 496 per
1731 456 1825 483 eum

502 514 577 568 qui
601 519 743 566 potest
774 512 1080 563 distribuatur;
1131 512 1189 551 sic
1223 513 1273 551 de
1311 512 1592 565 indulgenciis
1634 522 1697 553 est
1731 527 1824 553 cen-

506 583 702 623 sendum.

1843 592 1859 625 5

564 653 685 705 Item,
710 653 860 692 doctor
887 653 1188 693 Bonaventura
1212 666 1340 706 super
1364 653 1511 692 eadem
1536 653 1826 705 distinccione‚
1842 663 1867 696 3
1894 663 1924 697 G

507 724 732 777 questione
784 723 985 775 secunda,
1040 723 1181 776 primo
1234 724 1436 776 reprobat
1480 723 1729 776 opinionem
1776 724 1826 763 de

505 793 783 847 indulgenciis
823 794 1034 833 dicentem
1069 793 1185 846 quod
1220 801 1386 833 tantum
1422 793 1564 832 valent
1597 793 1649 832 ad
1684 793 1825 833 forum

506 864 680 905 ecclesie
720 864 941 904 militantis
981 864 1038 902 sic
1078 863 1194 916 quod
1239 876 1324 903 non
1371 863 1423 902 ad
1470 861 1610 902 forum
1651 864 1826 904 ecclesie

506 934 825 988 triumphantis.
861 934 918 984 Si,
942 933 1095 987 inquit,
1121 934 1322 986 prelatus
1345 934 1519 973 relaxat
1540 941 1579 973 et
1600 933 1719 974 Deus
1743 948 1826 974 non

507 1006 690 1056 relaxat,
743 1011 842 1044 tunc
892 1011 953 1044 est
992 1005 1144 1057 pocius
1188 1004 1378 1058 decepcio
1411 1017 1539 1058 quam
1594 1005 1826 1056 relaxacio,

500 1076 652 1129 pocius
691 1074 923 1114 crudelitas
962 1087 1089 1128 quam
1123 1074 1276 1127 pietas.
1332 1075 1385 1114 Et
1423 1082 1541 1127 patet
1580 1073 1697 1127 quod
1742 1087 1825 1113 non

508 1145 618 1186 foret
651 1144 917 1198 dispensacio
951 1145 1025 1184 sed
1058 1143 1245 1185 rebellio.
1287 1144 1386 1184 Ideo
1430 1144 1481 1182 ad
1515 1143 1826 1184 excludendum

508 1217 560 1256 ab
607 1216 783 1255 ecclesia
818 1214 978 1255 Christi
1019 1214 1227 1254 fallaciam
1263 1214 1364 1254 dicit
1409 1215 1524 1268 quod
1557 1214 1828 1267 indulgencia

507 1287 565 1325 sic
599 1295 742 1339 potest
775 1285 888 1325 fieri:
928 1285 1191 1335 Obtinemus,
1225 1285 1377 1338 inquit,
1413 1285 1567 1324 bonum
1598 1298 1652 1324 ex
1675 1285 1831 1338 triplici

508 1357 672 1406 merito,
709 1356 867 1396 scilicet
904 1369 957 1395 ex
990 1356 1139 1395 merito
1164 1355 1360 1408 proprio,
1404 1367 1457 1394 ex
1497 1355 1646 1394 merito
1680 1355 1828 1407 capitis

508 1434 546 1467 et
577 1441 631 1467 ex
654 1427 804 1466 merito
837 1426 1121 1466 ecclesiastice
1150 1425 1336 1465 unitatis.
1371 1424 1427 1464 Et
1448 1424 1829 1477 correspondenter

507 1498 563 1537 ad
595 1496 708 1537 istud
740 1497 898 1550 triplex
931 1496 1129 1535 meritum
1154 1495 1309 1535 bonum
1342 1494 1557 1534 obtinendi
1578 1501 1639 1534 est
1671 1495 1829 1547 triplex

509 1568 707 1607 meritum
730 1580 756 1606 a
779 1567 893 1606 malo
918 1565 1141 1615 liberandi,
1173 1566 1331 1605 scilicet
1359 1565 1557 1604 meritum
1582 1565 1828 1618 proprium,

510 1645 554 1677 ut
568 1644 676 1691 puta
693 1636 731 1686 ²⁸,
753 1637 949 1676 meritum
967 1636 1253 1684 contricionis,
1273 1649 1354 1689 quo
1370 1647 1588 1674 meremur
1606 1634 1785 1674 liberari
1803 1649 1828 1674 a

501 1721 617 1761 pena
640 1714 785 1746 eterna
809 1713 849 1746 et
868 1706 1026 1745 ascribi
1047 1705 1103 1744 ad
1131 1705 1294 1759 gaudia
1325 1706 1604 1757 sempiterna,
1637 1705 1698 1744 sic
1720 1704 1831 1758 quod

508 1778 584 1817 hec
615 1777 698 1816 duo
729 1782 831 1816 sunt
852 1775 997 1825 simul,
1035 1776 1145 1815 sicut
1167 1776 1208 1814 in
1232 1775 1403 1829 angelis
1425 1775 1577 1828 gracia
1611 1781 1651 1814 et
1671 1775 1826 1828 gloria.

569 1846 763 1886 Secundo
787 1846 907 1885 modo
932 1846 1128 1885 meritum
1157 1845 1314 1885 Christi
1336 1852 1592 1898 cooperatur
1615 1845 1656 1884 in
1679 1858 1828 1885 sacra-

511 1918 661 1957 mentis
707 1924 745 1956 et
779 1922 990 1969 potestate
1028 1916 1226 1965 clavium,
1275 1922 1313 1955 et
1353 1928 1435 1967 per
1480 1916 1557 1954 hoc
1600 1915 1831 1954 remittitur

503 2002 612 2041 pars
638 2001 764 2040 pene.
799 1986 854 2025 Et
882 1987 1011 2026 tercio
1035 1985 1157 2025 modo
1174 1986 1234 2039 fit
1266 1985 1462 2024 meritum
1486 1984 1543 2023 ad
1558 1983 1828 2037 fugiendum

510 2058 671 2096 malum
696 2071 749 2097 ex
771 2057 812 2096 vi
835 2056 1009 2096 unitatis
1043 2056 1333 2095 ecclesiastice.
1368 2055 1424 2094 Et
1444 2053 1830 2107 correspondenter

494 2129 551 2182 fit
575 2128 736 2180 triplex
761 2140 874 2179 pene
897 2126 1169 2174 condonacio,
1204 2132 1250 2164 ut
1274 2125 1335 2164 sic
1358 2131 1509 2164 currat
1537 2123 1830 2163 misericordia

511 2211 606 2237 cum
652 2197 831 2237 iusticia.
886 2196 942 2235 Et
985 2196 1026 2235 in
1073 2195 1258 2247 qualibet
1301 2195 1377 2234 tali
1415 2193 1731 2234 condonacione
1770 2201 1832 2234 est

511 2267 788 2308 commutacio
812 2266 990 2306 maioris
1014 2266 1054 2305 in
1079 2266 1234 2314 minus,
1260 2264 1370 2304 una'e
1384 2278 1500 2318 pena
1524 2271 1669 2304 eterna
1684 2264 1830 2317 primo

565 2417 594 2445 6.
623 2416 644 2443 Β
665 2417 696 2444 in
717 2423 833 2451 marg-2
862 2415 942 2442 Nota
968 2414 1128 2450 quomodo
1155 2413 1308 2449 percipias
1333 2412 1441 2440 teriam
1469 2412 1533 2447 (sic)
1558 2412 1829 2447 indulgenciarum

511 2464 683 2491 secundum
695 2463 830 2491 fautores
844 2469 960 2489 earum.
983 2461 1141 2489 Numerus
1157 2460 1371 2488 distinccionis
1384 2460 1469 2487 deest
1481 2460 1511 2487 in
1524 2459 1614 2487 codd.
1700 2458 1739 2487 15.
1754 2459 1829 2486 Ain

511 2518 624 2544 marg:
647 2509 768 2537 Bonum
784 2509 962 2537 obtinemus
983 2516 1018 2535 ex
1035 2508 1144 2535 merito
1165 2508 1304 2543 propr1'0,
1327 2515 1363 2534 ex
1384 2506 1494 2534 merito
1515 2506 1637 2541 capitis,
1665 2514 1700 2533 ex
1720 2505 1829 2533 merito

510 2556 637 2583 ecclesie
653 2555 789 2582 unitatis.
900 2563 938 2590 ¹7·
960 2556 988 2582 A
1004 2555 1034 2581 in
1057 2562 1173 2588 marg.:
1196 2553 1413 2582 Bonaventura
1430 2553 1466 2580 de
1486 2552 1694 2588 indulgenciis
1713 2552 1829 2587 (Below

510 2603 580 2631 203d
598 2603 730 2630 without
751 2602 839 2630 mark
858 2601 893 2629 of
910 2601 1088 2635 reference).

577 2721 625 2742 ιο.
653 2710 728 2742 Lib.
756 2710 812 2742 IV.
840 2709 1105 2741 Sentenciarum
1127 2708 1204 2741 dist.
1222 2708 1293 2749 XX,
1320 2718 1399 2750 pars
1418 2708 1457 2748 II,
1484 2714 1543 2740 art.
1563 2708 1586 2748 I,
1613 2707 1771 2750 quaestio
1791 2707 1829 2739 II.

515 2769 715 2801 Conclusio,
765 2768 879 2800 Sancti
913 2769 1180 2799 Bonaventurae
1213 2767 1304 2810 Opp.
1338 2773 1422 2798 torn.
1457 2766 1513 2807 IV,
1551 2776 1628 2809 pag.
1664 2764 1729 2798 556
1759 2764 1830 2809 (ed.

516 2828 601 2859 Ven.
634 2824 744 2871 1754).

1847 954 1886 976 10

1849 1294 1884 1326 15

1846 1646 1929 1685 204³

1846 1995 1885 2026 25
