2051 3273
187 220 268 258 214
907 213 1129 246 JOHANNts
1156 213 1349 244 WYCLIF.
1622 197 1730 255 [CAP.
1751 208 1788 236 x.

475 321 691 371 municati,
737 329 1114 373 quantumcunque
1155 316 1340 356 defensio
1374 317 1492 356 cadat
1530 315 1707 369 fugitivo
1739 317 1791 355 ad
1812 325 1941 361 15806-

476 393 711 443 dampnum
733 390 871 428 anime
904 397 942 427 et
968 386 1170 426 iniuriatis
1193 386 1245 425 ad
1268 386 1580 437 detrimentum,
1607 398 1682 425 nec
1705 399 1790 425 non

476 462 527 500 ad
559 459 921 513 perturbacionem
952 457 1066 510 regni
1099 465 1223 509 atque
1256 455 1436 495 ecclesie.

188 542 283 577 Asin
310 540 359 567 the
384 539 461 566 sab-
534 530 601 568 Ad
633 528 808 568 tercium
831 526 980 566 dicitur
1012 526 1127 579 quod
1159 534 1246 564 tan]
1269 525 1543 565 sabbatizacio
1576 539 1651 578 pro
1680 535 1831 568 ann03
1851 535 1888 568 Η

189 575 463 646 baghcgalinyleoarbgve
479 599 659 652 septimo
707 611 834 651 quam
881 596 1070 636 remissio
1109 609 1185 648 pro
1225 608 1336 634 anno
1374 595 1530 635 iubileo
1564 594 1642 635 fuit
1672 596 1824 637 valde5

189 644 463 716 ιῖἶῖιῗῖῗιιῗῗῖιῗῖιιέτιε
478 667 740 708 racionabilis
773 680 848 719 pro
884 675 1073 718 tempore
1106 657 1198 714 suo,
1245 677 1357 704 nunc
1396 673 1537 704 autem
1576 678 1652 717 pro
1685 673 1790 704 tem-

247 718 276 740 Οἱ
299 713 336 740 O‘
358 712 407 747 T.,
478 751 580 791 pore
602 737 703 789 legis
726 736 861 789 gracie
883 736 1056 788 quando
1081 734 1260 773 colimus
1283 734 1560 785 octonarium,
1592 734 1791 773 debemus

478 807 628 846 habere
674 819 865 845 amorem
910 804 1174 844 fertiliorem:
1227 803 1333 843 sicut
1374 803 1488 842 enim
1534 803 1792 857 septenarius

480 890 680 916 numerus
725 874 969 927 virginitatis
1010 874 1132 914 habet
1161 874 1301 913 solum
1336 873 1541 912 unitatem
1570 886 1645 926 pro
1678 882 1792 926 parte

479 947 678 1000 aliquota,
696 945 935 985 octonarius
953 953 1094 984 autern
1113 944 1236 983 habet
1258 956 1407 994 unum,
1427 943 1512 982 duo
1536 952 1575 982 et
1593 951 1793 996 quattuor
1812 965 1851 985 10

480 1030 561 1069 que
600 1024 761 1068 septem
794 1014 1069 1065 constituunt,
1103 1013 1158 1052 sic
1191 1021 1326 1066 patres
1366 1012 1513 1051 veteris
1556 1012 1793 1051 testamenti

482 1095 597 1124 crant
634 1085 676 1123 in
717 1084 881 1123 caritate
919 1084 1014 1136 plus
1049 1083 1204 1122 steriles
1243 1096 1373 1136 quam
1412 1091 1548 1135 patres
1587 1082 1663 1121 sub
1702 1082 1793 1133 lege

480 1155 613 1208 gracie
647 1154 717 1207 qui
750 1154 896 1193 colunt
929 1167 976 1192 ex
1016 1154 1179 1206 integro
1214 1152 1517 1205 septenarium,
1557 1151 1630 1205 qui
1661 1151 1795 1204 signat

482 1225 591 1264 unici
625 1224 700 1263 Dei
749 1224 911 1263 cultum
955 1232 994 1262 et
1031 1231 1166 1276 preter
1203 1222 1284 1261 hoc
1323 1222 1527 1261 unionem
1565 1221 1718 1261 Christi
1757 1230 1796 1260 et

483 1293 654 1333 ecclesie
688 1306 769 1346 que
802 1302 863 1332 est
906 1292 1042 1332 unitas
1075 1291 1310 1345 septenario
1343 1291 1608 1344 superaddita
1640 1291 1683 1329 in
1716 1304 1792 1330 nu-
1815 1300 1851 1333 15

484 1376 648 1402 merum
681 1362 877 1415 priorem,
926 1363 1164 1401 redundans
1205 1362 1347 1414 quoad
1391 1370 1526 1414 partes
1573 1360 1794 1414 aliquotas.

483 1433 536 1471 Et
569 1432 624 1471 sic
658 1433 859 1471 debemus
892 1446 968 1471 nos
1000 1441 1192 1484 tempore
1233 1430 1334 1483 legis
1367 1430 1501 1484 gracie
1533 1430 1684 1469 habere
1716 1429 1794 1468 dif-

484 1501 683 1541 fusiorem
716 1515 904 1540 amorem
937 1510 975 1540 et
1013 1500 1265 1553 ampliorem
1304 1499 1627 1550 continenciam,
1666 1513 1797 1552 quam

482 1571 720 1611 habuerunt
751 1580 887 1623 patres
920 1570 1067 1610 veteris
1101 1569 1352 1620 testamenti,
1401 1569 1499 1623 quia
1531 1569 1687 1608 nedum
1719 1568 1793 1608 ha-

486 1642 633 1680 bemus
686 1641 954 1692 contribules,
1014 1640 1085 1679 sed
1138 1639 1281 1679 fratres
1332 1653 1555 1692 germanos
1607 1639 1794 1692 singulos
1814 1659 1855 1681 20

485 1710 746 1761 christianos,
792 1724 889 1749 cum
933 1723 1081 1749 omnes
1124 1709 1210 1748 nati
1254 1722 1401 1748 sumus
1441 1708 1707 1761 spiritualiter
1747 1708 1796 1747 de

487 1780 637 1819 codem
670 1789 785 1832 patre
818 1779 987 1819 Christo
1021 1788 1061 1819 et
1094 1779 1239 1818 eadem
1272 1787 1402 1817 matre
1435 1777 1617 1819 ecclesia.

244 1875 302 1894 our
323 1868 426 1904 operm
545 1850 597 1888 Et
642 1863 745 1902 rogo
790 1848 1041 1888 innitentem
1080 1848 1144 1887 isti
1193 1848 1402 1887 evidencie
1447 1856 1605 1898 notare,
1661 1846 1831 1900 primo1

244 1902 424 1937 ⁰⁵pec¹³¹¹5³
488 1919 710 1972 quomodo
749 1933 826 1958 nos
860 1919 1095 1958 sacerdotes
1129 1917 1282 1957 Christi
1316 1917 1517 1956 debemus
1549 1930 1637 1956 esse
1669 1917 1800 1971 magis

488 1989 774 2028 misericordes
834 1997 872 2027 et
929 1987 1061 2041 magis
1125 1987 1308 2041 religiosi
1375 2000 1505 2040 quam
1568 1987 1800 2026 sacerdotes
1820 1996 1857 2029 25

487 2058 633 2098 veteris
655 2058 907 2097 testamenti.
941 2059 1069 2097 Notet
1101 2057 1286 2096 secundo
1309 2056 1540 2109 quomodo
1569 2069 1654 2095 non
1686 2056 1840 2100 licuit2

488 2128 771 2167 sacerdotibus
823 2127 1034 2167 Aaronitis
1095 2126 1304 2180 acquirere
1362 2125 1438 2165 sibi
1496 2125 1680 2165 redditus
1738 2127 1801 2166 vel

488 2199 670 2238 seculare
719 2198 971 2248 dominium,
1005 2198 1076 2236 sed
1108 2197 1150 2235 in
1183 2205 1344 2249 partem
1378 2195 1553 2235 dominii
1584 2195 1720 2235 forent
1752 2197 1800 2235 de

488 2268 687 2320 porcione
720 2267 796 2306 sibi
829 2267 1003 2306 limitata
1035 2281 1058 2305 a
1091 2266 1266 2305 domino
1306 2266 1534 2305 contentati
1580 2263 1646 2319 (ut
1691 2274 1803 2318 patet

488 2337 716 2377 Ezechielis
774 2337 941 2387 XLIV0,
1008 2334 1097 2390 28)3
1160 2335 1236 2374 alie
1295 2346 1438 2375 autem
1489 2335 1619 2375 tribus
1667 2335 1800 2388 impe-
1819 2346 1861 2377 30

488 2416 643 2447 trantes
676 2406 967 2459 possessiones
1000 2420 1022 2445 a
1055 2405 1137 2444 suis
1172 2405 1475 2451 contribulibus
1516 2419 1604 2444 non
1636 2405 1802 2444 exhere-

200 2491 252 2518 but
272 2491 292 2518 it
314 2491 337 2518 is
360 2497 412 2519 not
428 2500 472 2518 bo.
489 2478 631 2516 darent
664 2490 734 2516 eos
767 2485 987 2528 perpetuo,
1026 2476 1097 2514 sed
1131 2475 1172 2513 in
1205 2488 1317 2514 anno
1350 2475 1505 2514 iubileo
1543 2474 1805 2514 restituerent

488 2546 721 2586 diutissime
759 2545 995 2598 impetrata.
1050 2545 1102 2584 Et
1134 2553 1252 2584 notet
1298 2544 1424 2584 tercio
1465 2558 1537 2597 per
1574 2544 1845 2597 iuxtaposi-3

539 2704 568 2728 4.
598 2694 626 2721 A
646 2693 675 2720 in
701 2700 817 2727 marg.:
850 2692 992 2728 Qualiter
1022 2692 1233 2720 sabbatizacio
1262 2700 1318 2727 pro
1349 2699 1429 2719 anno
1450 2691 1582 2726 septimo
1610 2696 1637 2719 et
1664 2691 1806 2719 remissio

487 2748 543 2775 pro
559 2748 638 2767 anno
656 2740 769 2767 iubileo
791 2739 848 2766 fuit
869 2738 968 2766 valida
990 2743 1141 2776 tempore,
1153 2747 1208 2768 suo
1225 2743 1252 2766 et
1274 2747 1335 2766 non
1350 2739 1422 2766 iam.
1564 2738 1605 2765 18.
1626 2738 1806 2767 continuum

488 2788 517 2813 in
539 2786 628 2813 codd.
772 2793 818 2812 20.
841 2787 884 2813 A:
912 2785 1116 2812 contribulos.
1261 2784 1302 2812 23.
1333 2785 1360 2812 A
1388 2785 1417 2812 in
1449 2792 1565 2819 marga
1596 2783 1698 2812 Status
1722 2784 1804 2811 cleri.

486 2833 567 2862 Nota
587 2835 653 2861 tria.
677 2834 708 2860 Β.
729 2833 758 2860 in
776 2840 872 2867 marg.
896 2840 976 2859 man.
999 2833 1068 2859 alt.:
1091 2831 1171 2860 Nota
1193 2840 1249 2867 pro
1271 2831 1494 2859 sacerdotibus.
