2051 3273
214 228 261 266 4¹
277 228 296 253 2
941 223 1166 255 JOHANle
1192 223 1385 255 WYCLIF.
1591 206 1697 265 [CAP.
1720 219 1817 247 xvu.

501 328 709 367 stolorum
733 328 907 367 concilia
931 337 1155 368 tenuerunt
1178 327 1420 380 primatum,
1458 336 1496 366 et
1519 336 1615 379 post
1638 338 1817 380 quatuor
1838 336 1914 371 185cl
1930 337 1965 371 P

502 397 678 437 concilia
700 397 957 450 principalia,
991 398 1041 436 de
1074 396 1226 450 quibus
1264 397 1380 436 XVIa
1413 396 1504 436 dist.
1535 395 1754 444 Omnibus,
1779 406 1817 436 et

502 476 684 520 quatuor
728 467 896 506 fuerunt
939 466 1193 518 sollempnes
1237 465 1372 505 sinodi
1432 463 1494 520 (ut
1545 474 1658 518 patet
1707 466 1816 508 XVI.

503 537 594 576 dist.
634 535 871 588 Omnibus).
921 536 1132 576 Omnibus
1176 545 1318 575 tamen
1363 535 1449 574 istis
1481 535 1561 574 hoc
1600 535 1817 587 imperfec-

504 606 633 646 cionis
667 605 743 646 fuit
776 607 892 659 quod
923 605 1217 658 unusquisque
1255 614 1476 658 tamquam
1519 604 1685 658 ignarus
1718 615 1851 648 con-5

503 676 681 715 sulendo
724 676 901 729 quesivit
944 676 994 715 ab
1028 675 1122 714 alio.
1168 676 1265 714 Non
1305 675 1361 714 sic
1393 683 1535 713 autem
1567 674 1609 713 in
1642 674 1819 713 concilio

504 745 688 784 increato
721 759 796 785 nec
829 745 871 784 in
905 744 1084 784 concilio
1118 745 1231 797 quod
1267 743 1456 783 Christus
1490 757 1587 783 cum
1618 743 1819 796 apostolis

504 815 744 866 celebravit3
783 815 870 868 ipse
905 815 1018 855 enim
1056 814 1309 854 omnisciens
1365 827 1450 853 non
1495 813 1705 853 consuluit
1749 827 1819 853 eos

503 885 543 923 in
577 884 654 923 sibi
685 885 892 937 ambiguis
933 885 1004 924 sed
1042 898 1115 938 per
1152 897 1194 923 se
1233 883 1428 923 diffinivit
1467 892 1505 922 et
1551 882 1821 922 auctorizavit

505 954 607 1007 quid
640 954 745 993 foret
778 954 948 994 ecclesie
981 953 1241 1005 faciendum3
1273 954 1389 1006 quod
1421 967 1528 1007 pape
1560 966 1645 992 non
1680 961 1820 1006 potest
1840 973 1878 995 10

505 1032 755 1076 competere.
795 1024 892 1063 ldeo
927 1023 1102 1063 concilia
1140 1023 1347 1076 posterius
1388 1022 1691 1075 solempuizata
1732 1036 1821 1061 non

506 1103 685 1146 possunt
729 1093 806 1132 nisi
846 1093 1047 1146 equivoce
1094 1093 1173 1132 dici
1207 1093 1385 1132 concilia
1416 1093 1481 1132 vel
1512 1092 1720 1146 generalia
1750 1101 1822 1132 aut

507 1164 682 1214 decreta,
716 1163 822 1202 inter
842 1162 911 1202 illa
943 1172 1082 1202 tamen
1116 1171 1298 1216 quatuor
1331 1162 1508 1202 concilia
1530 1162 1822 1214 apostolorum

506 1232 810 1272 racionabiliter
840 1232 995 1272 habent
1027 1231 1381 1285 preeminenciam
1405 1231 1430 1259 ss
1453 1231 1676 1285 dignitatis,
1843 1240 1921 1274 186⁰

566 1303 646 1342 Sed
683 1302 899 1342 videamus
947 1302 1000 1341 fel
1045 1302 1323 1341 commixtum
1370 1315 1468 1341 cum
1507 1301 1641 1341 mellis
1683 1302 1874 1352 dulce-Q

510 1372 619 1411 dine.
656 1372 700 1411 In
732 1381 867 1412 morte
903 1370 1075 1425 (inquit)
1112 1371 1264 1412 Christi
1298 1372 1406 1424 cepit
1449 1385 1535 1410 esse
1574 1371 1758 1422 ecclesia,
1803 1385 1826 1410 a

509 1455 592 1494 qua
633 1450 769 1481 morte
815 1450 1072 1481 sacramenta
1110 1450 1382 1494 sumpserunt
1427 1440 1666 1480 efficaciam.
1711 1441 1828 1480 Patet

219 1520 420 1549 Thisistrue
441 1521 494 1548 but
509 1525 556 1550 ex
594 1511 713 1550 dictis
752 1511 793 1549 in
833 1511 967 1564 prima
1001 1511 1273 1564 responsione
1306 1520 1345 1550 et
1379 1511 1561 1550 secunda
1606 1511 1825 1564 quomodo

220 1559 271 1584 the
292 1563 378 1583 error
392 1556 447 1582 lies
463 1555 491 1583 in

239 1590 475 1653 assffirtbnhgurtggt
509 1593 619 1619 error
669 1579 743 1619 iste
800 1581 960 1620 nedum
1018 1581 1180 1620 tolleret
1233 1581 1441 1620 honorem
1492 1590 1631 1620 sancte
1684 1579 1826 1619 matris

223 1661 483 1723 dpaetssagfafflffigt
510 1649 678 1688 ecclesie
703 1664 750 1689 ex
773 1664 847 1689 sua
871 1650 1116 1703 antiquitate
1140 1650 1312 1690 fundata
1338 1651 1380 1689 in
1402 1649 1483 1689 fide
1507 1650 1721 1702 scripture,
1755 1651 1826 1689 sed
1843 1671 1884 1692 20

488 1715 648 1758 'innuit
688 1719 1067 1773 interempcionem
1102 1720 1237 1759 meriti
1272 1720 1413 1760 matris
1458 1728 1596 1759 nostre
1641 1728 1679 1758 et
1722 1718 1828 1758 tollit

511 1787 638 1828 fidem
673 1798 839 1842 patrum
870 1790 1018 1829 veteris
1046 1790 1280 1830 testamenti
1310 1789 1611 1829 dehonorando
1643 1797 1830 1828 sanctam

511 1868 690 1898 matrem
734 1859 961 1899 ecclesiam.
1008 1861 1108 1899 Item
1153 1859 1370 1899 manifeste
1420 1859 1636 1912 responsio
1689 1859 1828 1898 obviat

513 1928 588 1967 sibi
631 1928 722 1981 ipsi,
763 1929 858 1982 quia
891 1939 986 1969 ante
1018 1938 1197 1969 mortem
1232 1929 1386 1969 Christi
1425 1929 1502 1968 fuit
1533 1929 1588 1968 ita
1620 1929 1737 1982 quod
1769 1937 1830 1968 est

513 1998 760 2041 multitudo.
792 1999 989 2039 omnium
1032 1999 1355 2039 christianorum
1400 1998 1651 2038 habencium
1684 2012 1732 2038 ex
1763 1997 1825 2036 in·
1844 2009 1884 2041 25

513 2079 630 2122 tegro
663 2078 818 2108 rectam
859 2078 897 2109 et
930 2070 1105 2108 eandem
1150 2069 1274 2108 fidem
1309 2083 1381 2122 per
1414 2068 1627 2109 Christum
1660 2077 1699 2108 et
1731 2081 1829 2107 suos

515 2139 728 2191 apostolos
761 2139 1071 2192 promulgatam
1118 2149 1156 2178 et
1187 2153 1209 2177 a
1243 2138 1392 2178 sanctis
1425 2138 1611 2191 patribus
1654 2138 1697 2177 in
1729 2151 1828 2177 con-

515 2207 617 2247 ciliis
630 2208 891 2261 generalibus
907 2208 1167 2259 declaratam,
1182 2217 1225 2247 ut
1243 2209 1471 2247 declaratur
1485 2207 1527 2246 in
1542 2207 1828 2260 responsione.

255 2285 323 2313 The
344 2285 468 2313 Church
515 2278 614 2317 Ideo
659 2287 754 2317 ante
786 2287 967 2317 mortem
1001 2277 1156 2318 Christi
1201 2277 1279 2317 fuit
1310 2278 1365 2316 ita
1405 2278 1520 2330 quod
1553 2286 1612 2316 est
1645 2276 1827 2316 ecclesia.

254 2326 369 2348 cannot
388 2321 466 2347 have

253 2356 354 2418 btehartgg
374 2355 475 2426 idrilytgoe
516 2349 611 2387 Non
658 2347 769 2386 enim
813 2348 966 2400 incepit
1010 2347 1179 2386 ecclesia
1217 2347 1258 2385 in
1292 2347 1443 2398 triduo,
1478 2346 1648 2399 quando
1680 2345 1829 2385 dicitur
1844 2358 1887 2391 30

572 2527 596 2546 2.
628 2519 650 2546 B
684 2520 714 2547 in
748 2527 867 2554 marg:
899 2520 1041 2554 Quatuor
1075 2519 1205 2546 consilia
1238 2518 1452 2553 apostolorum
1486 2521 1513 2544 et
1546 2521 1680 2552 quatuor
1708 2516 1831 2544 fuerunt

519 2566 696 2600 solempnes
732 2565 845 2602 sinodi,
880 2570 914 2593 ut
956 2570 1034 2600 patet
1076 2565 1158 2593 XVI.
1199 2565 1269 2592 dist.
1312 2564 1478 2591 Omnibus.
1620 2571 1645 2590 2.
1688 2562 1727 2589 B:
1762 2561 1830 2590 XV.

520 2620 562 2639 10.
600 2612 640 2639 B:
673 2617 772 2647 potest
811 2613 905 2639 deest.
1020 2611 1057 2639 15,
1090 2613 1118 2640 A
1144 2613 1173 2639 in
1208 2620 1324 2646 marga
1359 2610 1475 2638 Contra
1508 2611 1566 2637 hoc
1604 2610 1686 2646 quod
1720 2609 1832 2637 dicitur

519 2659 601 2694 quod
635 2658 762 2686 ecclesia
794 2659 907 2694 incepit
938 2664 1007 2694 post
1027 2663 1158 2687 mortem
1179 2657 1306 2686 Christi.
1437 2665 1478 2693 19.
1499 2657 1538 2684 B:
1561 2657 1709 2684 honorem
1736 2655 1829 2683 deest.

519 2713 565 2732 20.
586 2712 625 2732 21.
646 2705 675 2733 A
694 2706 749 2740 A22
771 2706 823 2733 sed
846 2705 994 2733 innuitur.

584 2847 612 2869 2.
635 2836 717 2867 Dist.
743 2836 804 2867 XV
830 2836 883 2866 vel
903 2835 992 2866 XVI.
1012 2834 1185 2866 Omnibus
1204 2845 1275 2867 non
1296 2841 1395 2866 extat.
1415 2834 1468 2867 Cf.
1486 2844 1541 2877 pp.
1563 2831 1637 2872 388,
1657 2832 1724 2864 and
1753 2832 1828 2876 398.
