2051 3273
194 234 269 273 158

206 356 308 384 Three
335 360 442 391 postu-

213 393 306 419 lates:
329 400 350 418 1.
372 390 439 417 The

204 427 323 462 quidity
342 425 377 452 of
396 426 445 453 the

187 461 312 489 Cnurch
348 469 381 487 as
420 460 462 487 al-

188 495 463 532 readyexplained.

210 2389 235 2408 2.
256 2379 337 2408 That
357 2389 402 2407 wc
430 2380 484 2407 ab·

234 2416 298 2452 jure
319 2416 355 2442 all
376 2415 466 2442 false-

305 2451 395 2478 hood.

898 240 1121 273 JOHANNIS
1147 239 1344 273 WYCLIF.
1579 224 1685 283 [CAP.
1707 234 1787 263 V111.

476 347 566 398 ista,
600 345 737 399 primo
771 346 1053 398 supponendo
1086 344 1162 384 tria
1194 357 1267 396 per
1300 343 1504 383 ordinem.
1537 343 1693 395 Primo,
1726 343 1824 384 in-1
1847 353 1882 385 A

479 430 620 469 quam,
666 429 713 454 ex
746 414 993 467 supradictis
1037 422 1304 467 supponatur
1351 412 1537 465 predicta
1582 412 1892 454 Sentenclal50⁰

479 486 528 524 de
572 484 775 538 quiditate
822 493 963 523 sancte
1006 482 1151 522 matris
1184 481 1366 533 ecclesie,
1406 495 1481 521 nec
1514 490 1575 521 est
1606 481 1676 520 illa
1707 481 1792 520 abi-

479 555 625 595 cienda
657 568 679 593 a
712 553 866 593 Christi
891 553 1075 604 ecclesia,
1104 566 1202 592 cum
1233 565 1309 591 nec
1343 551 1546 604 contingit
1579 550 1794 590 ecclesiam

479 623 731 677 speculative
754 636 829 662 nec
852 622 1030 675 practice
1053 616 1280 675 quicquam
1305 634 1556 674 cognoscere
1578 633 1653 660 nec
1671 619 1792 660 meri·
1812 629 1828 662 5

479 694 583 733 torie
631 692 767 732 debite
812 692 1059 743 conversari,
1105 691 1138 731 si
1181 691 1232 730 sit
1276 691 1453 731 omnino
1507 690 1701 730 destituta
1745 689 1795 728 ab

481 763 569 802 eius
616 762 783 802 noticia.
847 763 957 801 Nam
996 761 1110 801 iuxta
1149 761 1258 801 dicta
1298 758 1386 802 XVi
1427 775 1516 813 cap.
1574 760 1797 812 theologus

484 832 590 871 foret
622 831 746 871 nimis
779 831 932 871 inscius
964 831 1183 870 racionum
1221 830 1422 884 scripture
1455 838 1493 869 et
1529 828 1625 869 fidei
1657 829 1797 868 ortho-

482 902 588 941 doxe
632 901 704 955 qui
737 902 913 942 omnino
945 901 1153 954 ignoraret
1190 901 1440 954 quiditatem
1481 908 1620 940 sancte
1652 898 1796 938 matris

483 971 665 1011 ecclesie.
712 972 797 1011 Nec
830 970 976 1011 dubito
1019 970 1121 1024 quin
1155 971 1269 1010 deest
1301 969 1543 1020 decretistis,
1576 968 1730 1021 legistis
1760 976 1857 1010 etio

483 1040 748 1094 philosophis
782 1040 994 1081 fructuosa
1026 1040 1262 1093 speculacio
1295 1039 1366 1093 qui
1400 1038 1577 1079 omnino
1606 1038 1799 1092 ignorant

484 1110 587 1163 quid
639 1110 690 1150 sit
744 1119 887 1150 sancta
936 1118 1069 1149 mater
1113 1109 1295 1149 ecclesia.
1341 1110 1450 1148 Nam
1495 1122 1642 1148 omnes
1687 1107 1798 1160 leges

485 1181 670 1219 humane
701 1188 798 1219 sunt
824 1179 1002 1219 finaliter
1024 1181 1074 1219 ad
1099 1179 1414 1219 defendendum
1435 1178 1645 1218 iusticiam
1678 1176 1802 1217 huius

485 1249 626 1289 matris
672 1259 712 1289 et
755 1250 1023 1302 purgandum
1068 1263 1160 1288 eam
1200 1249 1250 1288 ab
1296 1247 1502 1287 erroribus
1535 1247 1687 1300 quibus
1726 1260 1801 1299 pro

486 1328 675 1372 tempore
713 1319 778 1358 vie
820 1319 1155 1372 temptacionum
1189 1317 1503 1358 adversitatibus
1552 1316 1801 1369 implicatur.
1823 1325 1859 1358 15

488 1388 599 1428 Cum
643 1403 740 1442 ergo
784 1388 878 1428 finis
915 1388 1084 1441 inponit
1115 1388 1343 1427 maximam
1381 1387 1669 1427 necessitatem
1702 1399 1802 1438 ope-

487 1459 612 1510 ribus,
646 1472 693 1498 ex
726 1459 780 1497 ΙΙΟ
804 1458 1068 1497 Phisicorum
1102 1457 1374 1497 manifestum
1412 1466 1472 1496 est
1495 1457 1609 1510 quod
1638 1463 1805 1507 oportet

490 1542 638 1568 omnes
671 1529 863 1568 doctores
897 1527 1174 1580 speculativos
1197 1536 1375 1567 statuere
1405 1536 1583 1566 matrem
1616 1532 1805 1563 nostram

488 1608 534 1638 ut
547 1599 735 1651 regulam
751 1599 800 1637 ad
823 1606 1047 1637 tractatum
1063 1596 1384 1650 speculabilium
1402 1595 1746 1645 mensurandum,
1766 1602 1805 1633 et

489 1683 562 1722 per
583 1669 695 1708 idem
717 1682 844 1708 nemo
860 1667 1039 1707 intendit
1060 1666 1174 1720 praxi
1198 1666 1410 1716 laudabili,
1434 1665 1511 1705 nisi
1534 1665 1574 1704 in
1598 1672 1806 1718 quantum
1822 1683 1863 1705 20

490 1740 676 1779 tenderet
698 1739 749 1778 ad
770 1738 979 1777 honorem
1006 1738 1072 1777 vel
1095 1737 1375 1777 commodum
1397 1736 1521 1776 huius
1544 1734 1706 1786 matri33
1730 1745 1805 1772 nec

491 1809 668 1849 dubium
701 1808 803 1862 quin
826 1821 952 1847 nemo
974 1807 1058 1847 viat
1083 1806 1294 1846 meritorie
1317 1807 1550 1846 secundum
1574 1802 1806 1856 beneplaci-

492 1889 585 1920 tum
608 1878 752 1932 sponsi
776 1877 960 1929 ecclesie,
975 1877 1056 1924 nisi·
1073 1878 1123 1917 de
1140 1885 1299 1930 quanto
1323 1885 1518 1929 operatur
1532 1876 1584 1915 ad
1599 1875 1808 1914 honorem

494 1958 533 1989 et
556 1949 836 1989 commodum
858 1961 1011 2001 sponse
1034 1961 1119 1987 sue.
1154 1947 1208 1986 Et
1227 1946 1324 1986 hinc
1347 1945 1575 1999 precipitur
1595 1944 1637 1983 in
1670 1943 1807 1997 primo

494 2019 693 2059 mandato
727 2018 907 2058 secunde
945 2017 1086 2057 tabule
1124 2017 1240 2070 quod
1272 2015 1405 2055 fidelis
1437 2015 1616 2054 honoret
1646 2022 1809 2067 patrem
1825 2022 1864 2055 25

497 2098 536 2129 et
567 2098 757 2141 matrem,
795 2088 910 2142 quod
941 2087 1114 2126 indubie
1146 2084 1428 2139 principaliter
1471 2083 1715 2137 intelligitur
1759 2084 1809 2122 de

497 2159 665 2199 Christo
684 2167 723 2198 et
740 2171 815 2197 sua
839 2157 1020 2197 ecclesia.
1047 2157 1133 2195 Nec
1155 2155 1335 2194 honorat
1358 2168 1450 2194 eam
1471 2154 1537 2193 vel
1559 2152 1692 2205 diligit
1709 2151 1808 2191 fide-

496 2229 586 2269 liter
610 2242 737 2282 quam
760 2241 847 2267 non
868 2226 1015 2266 noscit.
1040 2226 1137 2265 Ideo
1160 2238 1325 2264 necesse
1353 2232 1425 2276 est,
1449 2232 1495 2263 ut
1517 2222 1654 2262 omnis
1678 2221 1810 2261 fidelis

499 2299 566 2338 det
598 2311 769 2351 operam
802 2297 853 2336 ad
877 2295 1221 2349 cognoscendum
1245 2293 1444 2333 direccius
1466 2301 1646 2332 matrem
1677 2305 1809 2330 suam.

557 2367 751 2407 Secundo
786 2365 1041 2419 supponitur
1073 2364 1190 2418 quod
1222 2363 1473 2416 procedatur
1504 2362 1547 2401 in
1584 2361 1666 2401 isto
1705 2369 1850 2402 trac-2

499 2445 587 2477 tatu
621 2437 709 2476 sine
753 2436 996 2490 duplicitate
1041 2433 1259 2474 mendacii.
1308 2434 1419 2472 Nam
1450 2431 1720 2471 mendacium
1752 2438 1813 2470 est

500 2506 659 2559 precisa
691 2506 851 2546 cautela
882 2519 955 2559 per
987 2518 1116 2559 quam
1148 2503 1340 2543 diabolus
1372 2501 1509 2541 illudit
1540 2501 1746 2552 fidelibus,
1769 2508 1815 2539 ut

553 2639 573 2658 1.
594 2631 616 2658 B
638 2631 668 2658 in
689 2638 786 2666 marg.
808 2638 889 2658 man.
912 2629 981 2657 alt.:
1002 2628 1180 2656 Posteriora
1200 2628 1285 2663 prius
1307 2628 1389 2657 dicit.
1410 2628 1439 2655 A
1458 2627 1488 2654 in
1504 2634 1618 2661 marg:
1639 2625 1718 2653 Tres
1740 2632 1814 2659 sup—

501 2677 683 2712 positiones,
705 2677 823 2711 (Below
843 2676 903 2705 150e
928 2676 1059 2704 without
1079 2676 1166 2703 mark
1186 2674 1220 2703 of
1236 2675 1417 2710 reference.)
1543 2680 1580 2702 12.
1599 2673 1627 2700 A
1648 2672 1677 2699 in
1698 2678 1812 2705 marg.:

500 2723 608 2751 Racio:
630 2722 814 2751 Necessaria
829 2727 874 2750 est
889 2723 1004 2750 noticia
1020 2722 1056 2750 de
1072 2726 1177 2750 sancta
1192 2727 1288 2750 matre
1310 2720 1450 2749 ecclesia.

569 2806 616 2840 Μ’).
645 2807 695 2839 Cf.
723 2808 827 2839 Arist.
872 2805 1031 2852 Φυσικῆς
1065 2804 1266 2852 ἀκροάσεως
1301 2807 1337 2838 Β.
1366 2815 1394 2836 2.
1439 2804 1531 2846 Opp.
1563 2808 1646 2834 tom.
1680 2801 1703 2843 Ι,
1743 2811 1815 2844 194·

507 2866 664 2910 25.—29.
693 2867 742 2897 Cs.
773 2877 877 2908 supra
904 2878 980 2910 pag.
1005 2877 1030 2898 1.
