2051 3343
153 239 206 292 78
891 247 1114 279 JOHANNIS
1142 247 1333 279 WYCLIF.
1581 232 1689 290 [CAP.
1712 241 1764 268 IV.

441 352 506 391 vel
528 352 644 404 quod
676 364 866 404 unquam
899 349 1022 389 fuerit
1055 365 1146 403 pars
1179 352 1333 389 domus
1366 349 1624 399 huiusmodi,
1659 348 1756 401 quia
1778 358 1906 401 139213'

443 421 498 461 sic
545 421 729 474 quelibet
772 421 925 459 domus
978 420 1200 459 materialis
1254 419 1359 458 foret
1413 419 1537 457 nimis
1591 431 1756 471 magna,

441 490 597 529 habens
635 490 677 528 in
718 489 1083 541 composicionem
1115 489 1178 528 sui
1212 503 1361 528 omnes
1394 488 1626 527 materiales
1659 487 1755 526 sub-

442 559 617 599 stancias
661 573 741 612 que
786 568 883 597 sunt
927 558 967 596 in
1014 559 1208 611 potencia
1241 558 1327 597 fieri
1361 558 1448 596 eius
1480 566 1630 610 parteS.
1688 556 1754 596 Sic

441 629 603 668 videtur
635 629 753 681 quod
786 629 940 667 domus
964 628 1112 667 mundi
1136 628 1327 667 excidens
1351 629 1401 666 de
1424 641 1561 666 massa
1582 625 1790 668 humani5

441 698 600 751 generis
633 698 842 750 quosdam
880 698 931 736 ad
971 697 1113 750 ignem
1151 706 1418 750 perpetuum,
1463 696 1674 749 quosdam
1712 704 1757 734 ut

442 768 522 806 sint
553 775 694 819 postes
727 767 791 805 vel
823 766 900 805 alie
933 775 1070 819 partes
1103 775 1304 819 perpetue
1339 766 1380 804 in
1414 767 1544 804 domo
1578 764 1755 815 domini,

442 850 516 875 nec
550 836 756 875 ordinavit
789 849 863 874 nec
895 835 1086 875 futurum
1115 845 1214 886 erat,
1249 844 1295 875 ut
1325 834 1598 875 comburendi
1623 834 1758 873 forent

441 919 535 958 pars
560 906 743 957 ecclesie,
776 914 1154 959 quantumcunque
1178 905 1297 958 politi
1317 905 1470 944 fuerint
1502 905 1553 943 ad
1576 913 1757 956 tempus,

442 976 512 1014 sed
535 974 711 1014 finaliter
732 975 996 1027 reprobandi.
1030 975 1163 1014 Aliter
1195 975 1308 1014 enim
1340 974 1531 1013 diabolus
1554 982 1592 1012 et
1615 973 1759 1013 omnia
1778 992 1817 1013 10

443 1045 632 1083 membra
665 1044 753 1084 eius
787 1044 925 1083 forent
956 1058 1051 1097 pars
1085 1045 1239 1084 domus
1272 1043 1447 1083 domini.
1774 1051 1811 1083 Gr

155 1125 427 1172 Butinniatsqnse
501 1115 553 1153 Et
586 1114 617 1152 si
651 1113 811 1153 dicatur
843 1114 961 1166 quod
985 1113 1174 1153 Christus
1206 1113 1331 1152 habet
1363 1126 1439 1165 pro
1474 1120 1582 1151 statu
1605 1112 1757 1152 viacio-

154 1161 428 1233 oiiigsmiissinssiiffclt
443 1184 505 1222 nis
539 1184 772 1222 secundum
812 1192 1050 1235 presentem
1089 1182 1298 1222 iusticiam
1337 1182 1555 1236 tugurium
1593 1182 1760 1221 estivale

153 1234 563 1293 ousproposmon'cuius
605 1266 752 1292 omnes
793 1253 894 1292 tales
927 1262 1024 1292 sunt
1056 1261 1207 1305 parteS,
1240 1261 1381 1292 tamen
1415 1266 1512 1291 cum
1544 1266 1620 1304 pro
1653 1260 1758 1291 tem-

445 1338 546 1376 pore
590 1323 704 1376 ipsos
742 1321 958 1373 inhabitat,
1004 1322 1108 1361 nihil
1152 1322 1371 1375 proposito
1420 1330 1563 1360 nostro
1605 1322 1654 1360 de
1686 1321 1817 1361 illo15

444 1392 628 1444 tugurio,
669 1393 767 1446 quia
805 1392 1008 1431 limitatur
1041 1391 1163 1431 nobis
1196 1405 1333 1431 sermo
1368 1392 1418 1430 de
1451 1400 1591 1430 sancta
1629 1399 1760 1430 matre

445 1462 630 1514 ecclesia,
679 1475 834 1515 sponsa
879 1461 1046 1511 Christi,
1094 1475 1223 1514 quam
1268 1460 1475 1500 ordinavit
1514 1469 1761 1513 perpetuam

445 1532 646 1584 reginam,
692 1530 926 1570 eternaliter
971 1544 1115 1570 seeum
1163 1544 1419 1581 mansuram,
1465 1529 1553 1568 sine
1597 1530 1762 1570 macula

444 1602 509 1641 vel
540 1615 655 1654 ruga,
690 1610 735 1641 ut
767 1601 955 1654 loquitur
993 1601 1212 1654 apostolus
1254 1600 1445 1654 Ephesiis
1478 1601 1550 1651 VO,
1587 1600 1652 1649 25,
1689 1608 1760 1652 27:

452 1673 659 1722 Christus,
682 1671 832 1724 inquit,
855 1670 1036 1710 tradidit
1066 1672 1337 1722 semetipsum
1364 1683 1451 1722 pro
1485 1670 1678 1718 ecclesia,
1716 1675 1762 1707 ut
1782 1685 1822 1706 20

446 1743 536 1793 ipse
568 1742 650 1781 sibi
684 1742 901 1780 exhiheret
934 1741 1158 1780 ecclesiam
1180 1741 1437 1794 gloriosam,
1474 1752 1558 1778 non
1601 1739 1759 1778 haben-

445 1819 525 1851 tem
560 1812 774 1850 maculam
810 1824 945 1863 neque
981 1822 1154 1863 rugam.
1195 1811 1247 1849 Et
1288 1811 1337 1848 de
1369 1810 1439 1848 illa
1471 1809 1569 1848 dicit
1601 1817 1766 1848 sanctus

446 1882 650 1931 Thomas,
684 1882 745 1920 De
779 1880 963 1930 Christo,
1005 1879 1277 1918 conclusione
1308 1879 1436 1927 Villa,
1471 1878 1646 1917 articulo
1680 1878 1765 1929 1110,

445 1952 562 2004 quod
582 1952 652 1990 ille
677 1957 737 1990 est
759 1950 934 1988 ultimus
953 1949 1065 2001 finis
1089 1949 1146 1988 aa'
1167 1962 1290 2001 quem
1317 1948 1582 2000 producitur
1614 1953 1766 1987 sancta

446 2027 585 2060 mater
617 2021 796 2060 ecclesia
813 2032 898 2071 per
913 2020 1165 2071 passionem
1195 2018 1455 2070 Clzristipro
1477 2024 1589 2057 Statu
1606 2017 1766 2069 patrie,
1785 2021 1822 2053 25

447 2105 526 2130 non
562 2097 701 2130 autem
730 2103 816 2141 pro
848 2096 960 2129 statu
995 2090 1080 2139 vie3
1114 2090 1155 2128 in
1192 2102 1273 2141 qao
1306 2089 1343 2128 si
1375 2088 1629 2135 dixerimus,
1666 2088 1767 2140 quia

439 2166 622 2212 peccata
655 2173 739 2198 non
767 2159 984 2210 habemus,
1021 2171 1097 2198 nos
1120 2159 1234 2210 ipsos
1256 2158 1525 2206 seducimus;
1548 2163 1589 2196 et
1611 2158 1769 2197 veritas

446 2231 489 2269 in
524 2230 642 2269 nobis
675 2243 757 2268 non
792 2235 853 2268 est
905 2227 969 2281 (ut
1012 2228 1161 2267 dicitur
1194 2228 1228 2266 Ia
1259 2227 1459 2266 ,Iohannis
1499 2227 1534 2265 10
1568 2240 1672 2279 cap.,
1708 2225 1763 2279 8).

446 2300 568 2339 Unde
617 2298 747 2337 miror
794 2312 880 2351 quo
926 2298 1072 2350 spiritu
1117 2311 1194 2336 nos
1244 2297 1313 2350 qui
1360 2311 1506 2336 sumus
1538 2295 1767 2348 pregravati

447 2370 611 2408 macula
643 2368 830 2407 mortalis
864 2368 1021 2420 peccati
1055 2376 1094 2406 et
1125 2381 1228 2419 ruga
1249 2365 1448 2406 vessnialis
1481 2366 1765 2419 presumimus
1788 2376 1865 2422 139¹³

448 2439 535 2477 sine
568 2438 830 2479 revelacione
863 2437 1029 2489 speciali
1064 2437 1250 2476 frontose
1272 2450 1451 2475 asserere
1482 2436 1599 2489 quod
1621 2449 1768 2474 sumus

450 2508 638 2547 membra
684 2508 792 2546 illius
839 2507 1020 2546 ecclesie.
1057 2508 1108 2546 Et
1140 2506 1172 2544 si
1207 2507 1367 2545 dicatur
1411 2507 1527 2559 quod
1564 2505 1641 2544 ista
1681 2519 1768 2544 non

451 2586 548 2616 sunt
579 2578 702 2616 verba
737 2577 825 2615 sine
857 2576 1037 2627 racione,
1093 2576 1280 2628 arguitur
1327 2590 1373 2615 ex
1413 2575 1626 2628 principiis
1674 2574 1769 2613 fidei

508 2686 546 2705 ιε,
570 2679 595 2704 Α
618 2678 645 2704 iu
669 2686 783 2713 marg:
807 2677 923 2704 Fieeio.
998 2678 1039 2705 33,
1062 2678 1089 2704 Α
1110 2677 1139 2704 in
1161 2684 1275 2710 marga
1296 2675 1328 2703 S.
1351 2674 1502 2702 Thomas.
1579 2676 1625 2704 26.
1648 2676 1687 2703 B:
1710 2683 1769 2702 non

449 2730 507 2751 aut.
600 2723 644 2751 30.
668 2724 784 2751 Codd.:
807 2725 917 2751 venali.
1026 2723 1065 2751 31.
1088 2724 1127 2751 13:
1150 2727 1300 2751 asserunt.

514 2807 561 2839 15.
590 2808 639 2839 Cf.
667 2807 827 2839 Thomae
869 2808 960 2850 Opp.
987 2815 1071 2839 tom.
1101 2808 1140 2848 V,
1178 2808 1228 2847 51,
1266 2806 1317 2838 52.
1464 2806 1516 2837 25.
1545 2805 1768 2842 §.Thomas2

454 2865 551 2896 Unde
579 2865 644 2896 hoc
672 2867 733 2897 erit
758 2865 793 2897 in
821 2872 910 2897 statu
938 2867 1080 2908 patriae,
1107 2876 1177 2897 non
1204 2872 1319 2897 autem
1348 2866 1380 2896 in
1408 2870 1497 2895 statu
1524 2865 1609 2896 viae.
