2051 3343
267 240 354 268 CAP.
370 230 438 289 Ν]
772 246 830 277 DE
858 247 1090 278 ECCLESIA.
1806 253 1853 292 7Ι

111 359 144 391 Β
173 357 385 402 138⁰gene,
413 357 719 401 persequentes
744 350 915 398 Iudeos,
956 352 1101 402 quinto
1143 354 1363 391 conversis
1399 353 1570 405 quibus-

263 418 361 456 dam
393 419 592 471 gentibus
624 419 681 458 ad
702 419 914 459 Christum
948 428 1238 460 surrexerunt
1262 421 1426 474 perfidi
1447 420 1573 462 Iudei

259 501 433 540 genere,
449 489 652 528 martires
668 497 972 541 persequentes
992 490 1260 538 christianos,
1284 497 1323 530 et
1337 498 1437 544 post
1458 493 1573 543 ipsos

259 564 379 597 sexto
411 566 700 598 surrexerunt
729 559 905 598 heretici
935 559 1107 611 quidam
1140 561 1322 612 gentiles
1354 562 1397 600 in
1425 561 1570 600 eodem

227 634 430 680 §genere,
460 629 664 668 martires
689 635 1020 680 persequentes;
1035 630 1211 681 septimo
1235 632 1573 670 insurrexerunt

260 697 446 748 heretici,
462 698 683 737 ecclesiam
702 705 1025 750 persequentes,
1050 706 1204 739 octavo
1225 700 1408 753 gentiles
1430 700 1573 752 quoad

260 766 469 805 modicum
505 767 692 813 uniendi,
736 768 807 819 qui
839 768 934 807 licet
964 772 1052 809 sint
1083 770 1378 808 nominetenus
1411 770 1570 817 clerici,

257 843 397 875 tamen
430 843 527 876 sunt
560 836 761 889 discipuli
788 837 1051 878 Anticlzristi.
1086 838 1202 878 Sicut
1233 852 1330 892 ergo
1363 852 1409 878 ex
1434 839 1570 878 omni-

259 906 334 945 bus
366 906 452 945 istis
484 905 531 945 fit
568 919 651 945 una
681 907 899 959 generacio
933 908 1073 960 quoad
1105 921 1258 959 mores,
1302 908 1358 947 sic
1391 916 1451 947 est
1483 921 1568 947 una
1605 919 1664 946 and
1686 926 1720 958 so
1742 918 1781 945 do
1803 918 1840 946 au

207 992 245 1013 10
259 975 476 1028 generacio
509 976 732 1027 iustorum,
766 977 992 1016 succedens
1027 990 1125 1016 cum
1148 977 1225 1017 ista
1253 990 1383 1030 quam
1405 987 1572 1032 oportet
1604 954 1652 982 the
1674 953 1842 988 nghteous.

258 1046 542 1098 prosperando
575 1046 811 1098 procedere.
846 1047 898 1085 Et
929 1046 1004 1086 iste
1037 1047 1117 1086 due
1148 1047 1442 1100 generaciones
1475 1058 1573 1089 sunt

259 1117 339 1155 due
371 1113 553 1154 civitates
588 1116 767 1154 secunde
800 1115 968 1155 ecclesie
997 1116 1061 1155 vel
1094 1116 1179 1156 duo
1204 1130 1392 1169 corpora,
1417 1117 1571 1159 Christi

261 1193 299 1224 et
321 1184 585 1235 Antichristi;
619 1199 699 1238 que
721 1185 997 1238 Augustinus,
1033 1185 1259 1239 Gregorius
1293 1195 1331 1225 et
1354 1186 1420 1225 alii
1444 1188 1573 1228 sancti

260 1268 307 1294 ex
346 1254 427 1293 fide
467 1254 667 1307 scripture
705 1264 871 1307 ponunt
905 1255 1178 1295 concorditer.
1212 1257 1298 1296 Nec
1331 1256 1448 1296 aliter
1478 1271 1573 1296 vere

206 1326 242 1359 15
260 1324 513 1377 exprimetur
545 1338 689 1363 sensus
712 1324 881 1377 spiritus
905 1325 1034 1364 sancti
1057 1325 1107 1364 de
1130 1326 1405 1377 generacione
1426 1326 1572 1366 huius-

259 1394 377 1433 modi
418 1407 493 1432 nec
534 1395 583 1433 de
623 1394 848 1433 duracione
881 1394 1082 1433 ordinum
1114 1395 1179 1434 vel
1212 1395 1377 1435 alterius
1411 1409 1572 1436 succes-

260 1463 350 1502 sim.
397 1464 518 1503 Unde
557 1463 720 1503 videtur
765 1464 889 1503 nimis
922 1472 1166 1516 suspectum
1198 1465 1374 1506 verbum
1405 1467 1571 1506 moder-

259 1546 413 1571 norum
445 1533 577 1572 dicere
610 1534 725 1586 quod
766 1533 863 1573 dicti
896 1533 1024 1573 sancti
1058 1543 1172 1573 erant
1204 1535 1334 1587 ignari
1366 1535 1502 1588 logice
1535 1545 1574 1576 et

258 1611 477 1655 sequentes
509 1603 757 1656 scripturam
790 1603 1026 1642 inciderunt
1058 1603 1100 1642 in
1132 1603 1295 1644 hereses
1316 1604 1571 1660 manifestas.

162 1684 192 1716 0
219 1684 244 1716 3
316 1671 653 1712 Tercioobicitur
670 1673 830 1725 perhoc
846 1674 974 1726 quod,
990 1674 1095 1712 sicut
1109 1673 1375 1714 institucione
1388 1675 1575 1715 humana
1611 1695 1635 1722 3,
1656 1693 1834 1729 Objecrion:

258 1741 529 1794 preficiuntur
545 1755 673 1796 reges,
690 1743 850 1782 domini
870 1742 1070 1782 seculares
1089 1752 1128 1782 et
1145 1743 1212 1782 alii
1229 1743 1415 1783 officiarii
1432 1746 1573 1798 quoad
1610 1729 1840 1799 ἓῖἐῖζζῐξὲᾞξ

258 1811 460 1862 seculum,
482 1811 538 1851 sic
564 1821 603 1851 et
625 1812 757 1851 clerici
774 1812 1087 1852 constituuntur
1101 1813 1370 1853 ordinacione
1385 1813 1572 1854 humana
1587 1799 1861 1861 Ηῗξρῑῗὲἷῖῗῐῐςῖἷς

257 1889 393 1933 partes
416 1881 598 1921 ecclesie.
633 1882 813 1934 Oportet
836 1896 933 1935 ergo
956 1896 1120 1921 sumere
1143 1883 1357 1922 ecclesiam
1379 1883 1420 1922 in
1444 1883 1570 1937 signi-
1586 1868 1621 1896 of
1646 1869 1697 1896 the
1726 1867 1859 1896 Church.

258 1949 455 1990 ficacione
487 1951 658 2004 vulgari,
699 1952 968 1991 concedendo
1008 1952 1123 2004 quod
1163 1952 1470 2004 predestinatus
1504 1967 1571 1992 ex-

203 2031 241 2064 25
258 2021 592 2060 communicatus
633 2021 679 2061 fit
720 2035 806 2060 non
853 2022 1093 2061 membrum
1141 2021 1323 2073 ecclesie,
1370 2022 1571 2074 prescitos

257 2099 399 2129 autem
420 2090 462 2129 in
484 2091 619 2144 gracia
641 2100 702 2130 est
715 2105 862 2130 verum
884 2091 1124 2130 membrum
1143 2091 1325 2142 ecclesie,
1340 2091 1439 2144 quia
1457 2091 1573 2131 aliter

258 2173 383 2199 nemo
412 2169 639 2200 assumeret
664 2161 738 2199 sibi
769 2174 922 2200 nomen
954 2160 1214 2200 ecclesiastici
1243 2173 1317 2199 nec
1346 2161 1572 2214 quisquam

164 2238 243 2272 138>b
259 2230 438 2268 crederet
470 2244 547 2269 suo
580 2230 799 2283 proposito
831 2230 873 2268 in
906 2239 1115 2283 quantum
1146 2229 1405 2271 huiusmodi.
1440 2227 1463 2251 ²³⁵

315 2299 394 2338 Hic
426 2299 574 2338 dicitur
609 2298 673 2355 (ut
705 2302 845 2353 supra)
877 2301 992 2353 quod
1026 2300 1195 2339 ecclesia
1239 2299 1388 2338 dicitur
1430 2299 1567 2351 dupli·
1646 2321 1796 2349 Answer:

202 2368 367 2419 3ociter,
412 2369 562 2408 scilicet
607 2384 700 2409 vere
744 2379 783 2409 et
825 2378 1027 2422 pretense.
1077 2371 1196 2420 Vere,
1236 2370 1352 2422 quod
1384 2377 1443 2408 est
1474 2355 1858 2425 verexffifflusssstsssstgff

1582 2427 1633 2453 the
1652 2430 1718 2453 true
1733 2425 1793 2453 and
1807 2426 1858 2454 the

1647 2468 1662 2487 a
1689 2465 1796 2495 parent

1682 2495 1787 2523 hurch.

256 2450 405 2490 corpus
440 2438 593 2479 Christi
626 2448 665 2479 et
697 2453 850 2492 sponsa
883 2440 989 2491 eius;
1023 2447 1225 2491 pretense,
1259 2439 1376 2492 quod
1406 2437 1566 2478 viantes

255 2515 453 2559 reputant
497 2521 650 2561 corpus
696 2508 862 2561 Christi,
906 2509 1001 2548 licet
1045 2508 1098 2547 sit
1137 2509 1336 2561 sinagoga
1379 2508 1564 2550 sathane.

312 2641 388 2670 &ss:
419 2650 529 2677 genere
558 2642 698 2669 martires
731 2643 825 2670 deest.
944 2651 972 2676 4.
994 2642 1034 2670 B:
1061 2642 1186 2670 heretici
1214 2643 1308 2670 deest.
1428 2645 1455 2672 6.
1477 2652 1507 2680 7.
1529 2644 1568 2671 B:

257 2689 358 2724 quoad
387 2688 525 2715 modum.
702 2688 728 2716 8.
751 2690 794 2715 A:
828 2697 897 2716 cum
928 2693 1007 2717 sunt.
1189 2697 1228 2724 17.
1257 2690 1354 2724 AAI:
1388 2690 1567 2717 verborum.

254 2736 296 2763 23.
316 2735 361 2762 A:
383 2743 547 2762 summere.
657 2735 697 2762 25.
720 2735 758 2762 B:
781 2735 820 2762 sit
840 2743 913 2763 non.
1023 2742 1069 2771 29.
1091 2734 1112 2762 B
1134 2736 1164 2762 in
1184 2743 1301 2769 marg.:
1321 2735 1508 2772 Responsio.
1528 2736 1569 2763 ib.

256 2803 374 2838 Duplex
395 2804 430 2831 de
451 2804 588 2831 ecclesia.
662 2804 706 2832 30.
722 2806 750 2832 A
764 2805 794 2832 in
816 2813 930 2840 marga
952 2803 1088 2832 Ecclesia
1102 2804 1155 2831 ζ
1175 2789 1248 2808 vera
1366 2803 1569 2839 (Above138b

1131 2830 1156 2839 χ
1176 2832 1320 2863 pretensa

256 2872 385 2901 without
403 2874 490 2901 mark
510 2873 545 2901 of
561 2873 738 2908 reference).
