2051 3273
192 256 281 286 CAP-
303 244 402 303 XVI-J
695 259 755 292 DE
782 258 1016 291 ECCLESIA.
1704 242 1782 282 383

37 375 66 408 Τ
97 363 283 407 1822cleri
328 362 386 402 sic
430 362 594 414 meruit,
640 371 732 402 tum
765 362 862 416 quia
907 361 1155 415 magnitudo
1189 360 1417 400 elemosine
1450 374 1497 399 ex

190 431 306 472 dictis
338 445 424 472 non
456 432 589 472 taliter
620 441 898 483 mensuratur,
932 440 1024 471 tum
1067 430 1199 470 eciam
1243 429 1341 482 quia
1384 429 1498 469 iuxta

189 501 444 541 adversarios
476 515 562 542 non
595 501 672 541 fuit
704 501 781 541 nisi
805 501 930 541 nimis
954 500 1092 541 stricta
1115 498 1326 539 restitucio
1359 498 1496 538 alieni.

190 571 270 611 Sed
302 572 694 625 quomodocunque
726 571 778 611 sit
816 572 866 610 de
898 570 997 622 istis,
1043 569 1264 609 verisimile
1309 577 1369 608 est
1401 568 1498 621 quia

157 640 315 685 5Cesar
346 649 509 682 cecatus
541 641 730 680 tumebat
763 640 968 694 superbia,
1014 649 1053 679 et
1085 639 1140 679 sic
1184 648 1271 678 tam
1304 637 1496 678 elemosi-

189 719 334 750 nantes
365 724 494 764 quam
533 710 793 750 elemosinati
837 718 1011 763 peccant
1054 708 1348 759 communiter,
1393 707 1499 747 sicut

189 779 364 833 quilibet
401 780 536 820 viator
579 780 712 820 sciens
756 780 821 819 vel
866 779 1135 833 probabiliter
1179 778 1346 818 credens
1384 778 1499 831 quod

95 849 330 903 182¹³religio
352 849 459 889 ssvel
492 850 760 890 conversacio
806 849 884 889 alia
918 849 993 889 sibi
1038 848 1210 888 faciliter
1241 847 1499 901 adquiribilis

189 928 294 958 esset
332 919 407 958 sibi
452 919 614 972 melior,
649 929 687 959 et
734 929 872 959 tamen
929 918 1104 972 quiescit
1146 918 1311 971 torpide
1342 917 1382 956 in
1416 917 1500 956 Vita

134 1010 173 1032 10
189 1002 316 1042 quam
347 997 511 1042 reputat
543 989 620 1028 sibi
642 989 782 1029 minus
805 989 1065 1029 meritoriam
1092 989 1157 1027 vel
1179 988 1319 1027 minus
1352 986 1500 1026 utilem

188 1068 326 1098 sancte
348 1059 469 1100 matri
492 1059 676 1111 ecclesie,
710 1069 754 1099 ut
785 1059 842 1099 sic
874 1069 1037 1112 peccat3
1071 1067 1109 1098 et
1131 1059 1183 1097 ad
1211 1057 1498 1097 arbitrandum

187 1128 268 1168 hoc
298 1129 522 1183 requiritur
552 1128 705 1168 mentis
738 1128 952 1182 purgacio,
986 1137 1116 1168 status
1149 1137 1188 1168 et
1226 1127 1498 1167 circumstan-

188 1198 345 1238 ciarum
367 1199 565 1239 discrecio
598 1200 669 1238 sed
702 1198 879 1238 omnino
910 1198 1110 1252 scripture
1133 1204 1248 1238 sacre·
1268 1197 1498 1237 consulcio.

189 1267 409 1321 Contingit
440 1269 553 1308 enim
585 1270 699 1323 quod
730 1282 800 1309 rex
831 1269 895 1308 vel
938 1268 1042 1308 alius
1087 1267 1214 1308 seculi
1258 1268 1634 1321 potentatusAKins
1652 1277 1723 1304 may
1736 1277 1786 1297 see

1543 1304 1606 1331 that
1626 1305 1647 1331 it
1667 1304 1693 1330 is
1715 1304 1759 1331 his

134 1338 329 1383 15videns
362 1339 636 1378 obstinaciam
669 1339 763 1379 cleri
797 1348 836 1379 et
867 1338 1015 1391 populi
1047 1347 1213 1378 tantum
1250 1337 1499 1377 invalescere
1531 1339 1605 1374 duty
1627 1344 1657 1366 10
1684 1338 1768 1373 reign

186 1407 228 1447 in
252 1417 497 1462 contemptu
521 1409 671 1448 Christi
707 1418 745 1449 et
778 1422 851 1448 sue
886 1409 1055 1449 ecclesie
1087 1409 1203 1462 quod
1223 1407 1328 1447 foret
1351 1407 1426 1447 sibi
1451 1421 1498 1446 ex
1525 1374 1768 1478 raigffssgiiijffoto

187 1478 257 1517 tali
291 1478 589 1531 supposicione
622 1479 860 1518 meritorius
894 1478 1126 1518 conversari
1159 1477 1408 1529 seculariter,
1453 1486 1499 1516 ut

187 1561 261 1600 per
292 1548 480 1600 gladium
503 1549 650 1589 datum
683 1549 758 1588 sibi
783 1563 805 1588 a
827 1550 917 1588 Deo
952 1548 1168 1588 coherceat
1200 1556 1395 1601 potenter
1426 1548 1497 1587 ad-

188 1617 391 1657 versarios
422 1618 524 1670 legis
557 1618 727 1670 Christi,
762 1632 890 1672 quam
923 1618 1029 1658 foret
1061 1618 1138 1657 sibi
1170 1618 1299 1658 i-stum
1343 1626 1499 1657 statum

132 1708 173 1730 20
189 1688 374 1727 deserere
406 1697 444 1728 et
475 1689 602 1729 vitam
637 1688 1006 1742 exproprietariam
1038 1687 1171 1728 clerici
1203 1689 1269 1728 vel
1300 1687 1499 1727 heremite

189 1771 411 1798 assumere.
474 1759 568 1799 Vita
599 1768 739 1798 tamen
772 1758 1011 1799 communis
1055 1758 1391 1811 exproprietaria,
1424 1771 1499 1797 nec

189 1826 230 1866 in
269 1841 421 1881 magna
452 1836 713 1868 terrenorum
745 1828 964 1868 affluencia
996 1841 1071 1867 nec
1103 1827 1143 1866 in
1169 1841 1319 1881 magna
1352 1841 1500 1867 eorum

189 1897 386 1949 carencia,
432 1897 593 1938 videtur
631 1898 913 1938 communiter
955 1897 1167 1938 illustratis
1212 1898 1407 1950 securior,
1455 1907 1501 1938 ut

188 1967 310 2007 docet
342 1968 549 2007 Solomon
582 1969 702 2009 Prov.
734 1969 888 2020 XXXO,
923 1968 960 2021 8,
993 1968 1081 2007 aliis
1114 1977 1255 2008 autem
1288 1968 1500 2008 illustratis

134 2046 173 2080 25
192 2037 449 2077 eminencius
482 2048 542 2078 est
574 2038 656 2077 vita
688 2038 818 2078 arcior
850 2039 914 2078 vel
957 2038 1000 2077 in
1034 2052 1129 2078 cura
1174 2038 1315 2089 alcior,
1363 2038 1500 2077 debite

192 2106 429 2160 proficienti
461 2107 709 2160 perfeccior3
758 2109 875 2161 quod
909 2108 940 2146 si
973 2117 1144 2161 propter
1176 2107 1405 2161 ypocrisim
1436 2108 1501 2147 vel

190 2177 419 2230 primatum
442 2186 573 2218 status
597 2177 688 2217 talis
711 2178 933 2231 appetitur,
967 2178 1107 2217 nullus
1131 2187 1191 2217 est
1212 2177 1498 2230 periculosior,

190 2246 288 2299 quia
331 2247 547 2300 Sapiencie
590 2248 679 2298 Vla,
714 2248 751 2299 6,
784 2246 951 2287 dicitur:
1005 2248 1261 2287 Dz'strictum
1294 2247 1498 2287 iudicium

190 2316 267 2355 hiis
300 2317 372 2369 qui
396 2323 578 2369 presunt
595 2316 701 2369 fiet;
732 2331 754 2356 a
786 2317 937 2357 talibus
971 2317 1083 2356 enim
1115 2317 1353 2356 archiservis
1387 2318 1499 2356 Deus

135 2395 176 2427 30
192 2385 371 2439 requiret
404 2386 587 2425 striccius
621 2395 874 2440 compotum
906 2386 1048 2426 talenti
1079 2386 1216 2426 traditi
1249 2395 1288 2426 et
1319 2386 1501 2426 fructum

192 2455 422 2508 ministerii,
467 2466 506 2496 et
549 2466 662 2509 patet
717 2457 766 2496 de
822 2456 1070 2509 primatibus
1114 2457 1331 2509 utriusque
1374 2456 1500 2509 partis

192 2525 373 2578 ecclesie,
409 2526 514 2565 sicut
546 2525 716 2565 inferius
749 2527 992 2565 ostendetur
1024 2527 1074 2565 de
1105 2525 1284 2578 regibus,

96 2605 131 2637 V
158 2607 174 2637 1
249 2596 369 2636 Unde
411 2595 574 2634 videtur
620 2595 725 2634 mihi
757 2596 869 2648 quod
903 2609 971 2634 rex
1002 2595 1153 2649 Anglie
1185 2595 1402 2635 annuatim
1436 2596 1500 2634 vel

192 2679 264 2717 per
286 2665 396 2704 vices
421 2678 626 2717 congruas
661 2664 810 2704 faceret
833 2664 1050 2718 diligenter
1074 2674 1113 2704 et
1135 2665 1315 2717 perfecte
1345 2665 1498 2718 inquiri

244 2790 269 2818 5.
302 2790 330 2817 A
359 2789 389 2816 in
419 2796 534 2823 marg:
565 2788 742 2816 Conclusio.
888 2797 927 2816 10.
960 2789 999 2815 13:
1032 2789 1078 2816 vel
1109 2789 1212 2816 minus
1246 2789 1351 2816 utilem
1404 2791 1499 2817 deest.

192 2836 237 2863 28.
274 2835 483 2863 Durissimum
517 2836 665 2863 iudicium
703 2835 733 2863 in
771 2836 822 2862 lib.
856 2835 928 2870 Sap.
1083 2834 1123 2863 31.
1157 2835 1273 2864 Codd.:
1304 2841 1336 2862 ut
1363 2841 1431 2870 post
1464 2836 1499 2863 de

194 2883 384 2917 primatibus.
531 2881 572 2909 33.
594 2884 621 2909 A
643 2884 662 2909 Β
685 2883 714 2909 in
736 2891 849 2917 marg-2
870 2882 951 2910 Nota
971 2883 1136 2910 consilium
