2051 3273
218 226 307 254 CAP.
336 214 404 272 ix]
730 228 789 258 DE
817 228 1049 259 ECCLESJA.
1736 215 1808 253 185

59 347 92 378 Β
121 344 383 387 154’2propter
422 334 645 385 pecuniam
679 343 717 371 et
757 346 898 371 casum
932 331 1237 384 particularem,
1283 330 1322 367 in
1373 330 1523 368 minori

212 414 325 457 parte
359 404 490 442 eciam
539 403 592 441 ob
632 401 844 441 defectum
877 401 937 440 sui
973 401 1303 453 contingentem,
1338 401 1525 439 statuerit

212 473 532 525 exempcionem
549 472 675 511 talem
702 482 743 510 ut
765 473 901 524 legem
923 480 1183 523 perpetuam.
1209 470 1318 508 Nam
1334 469 1525 508 diabolus

212 554 250 583 et
293 543 480 582 membra
535 556 609 581 sua
640 542 879 580 seducendo
925 541 1135 593 populum
1179 540 1229 578 ab
1259 539 1525 578 observancia

180 626 195 656 5
212 613 312 665 legis
329 612 482 652 Christi
505 611 697 650 videntur
712 611 907 650 inducere
931 610 1247 663 exempcionem
1266 609 1525 662 huiusmodi,

214 697 265 721 ne
299 682 468 721 inferior
511 681 670 720 fruatur
714 681 909 734 suffragio
950 681 1011 720 sui
1051 681 1266 733 prepositi,
1313 689 1357 720 ut
1389 681 1526 721 innuit

212 751 475 804 Augustinus
506 750 612 789 libro
646 752 832 790 secundo
866 751 925 789 De
961 750 1131 791 Ordine.

168 833 197 865 G
270 822 321 859 Et
354 829 561 873 quantum
593 821 644 859 ad
676 820 754 859 alia
799 820 978 872 insignia
1010 821 1238 873 perquisita
1271 822 1319 859 de
1352 829 1523 873 portan—

216 892 269 929 do
302 891 485 941 mitram,
510 904 676 929 crucem
709 899 746 929 et
780 890 978 929 baculum
1011 904 1057 928 ac
1091 890 1325 929 ordinando
1356 891 1526 930 clericos
1559 891 1805 954 J'gssssiifffgersslifslc

160 982 196 1003 ιο
212 960 419 999 extensius
463 961 527 999 vel
571 960 771 1011 striccius,
818 974 916 999 cum
961 960 1049 998 aliis
1102 960 1258 999 vocatis
1304 937 1819 1024 privilegiis012313‘5531'1521‘321

210 1030 296 1069 istis
341 1030 560 1080 similibus,
608 1044 704 1069 cum
747 1039 790 1070 ut
830 1030 1064 1083 plurimum
1096 1030 1264 1082 sapiunt
1302 1030 1456 1069 fastum
1489 1040 1528 1069 et
1638 1033 1727 1059 devii.

210 1114 296 1139 non
336 1100 628 1151 commodum,
662 1109 759 1139 sunt
791 1114 887 1152 sepe
921 1113 1007 1138 non
1040 1099 1252 1152 privilegia
1283 1101 1353 1138 sed
1382 1099 1525 1138 diabo—

210 1170 288 1209 lica
339 1183 489 1222 sagena
541 1170 693 1223 quibus
746 1169 879 1222 pisces
932 1178 1119 1208 natantes
1165 1170 1205 1208 in
1250 1169 1353 1208 mari
1405 1169 1529 1209 huius

213 1239 339 1279 seculi
385 1239 626 1291 capiuntur,
679 1248 717 1278 et
761 1239 816 1278 sic
862 1239 1089 1278 dicendum
1126 1239 1289 1279 videtur
1322 1240 1370 1278 de
1402 1240 1528 1292 privi-

158 1309 327 1362 15legiis
359 1309 529 1348 terrenis
563 1309 799 1349 seculariter
830 1309 1076 1361 impetratis.
1116 1310 1235 1350 Unde
1267 1310 1530 1362 Augustinus

211 1379 252 1417 in
284 1379 389 1418 libro
422 1380 483 1418 De
516 1382 664 1432 Agone
698 1379 952 1430 Christiano,
986 1393 1073 1431 cap.
1100 1380 1173 1419 IV:
1204 1379 1370 1419 Gaudet
1398 1381 1530 1431 piscis

212 1448 382 1502 quando
427 1450 601 1487 hamum
636 1463 719 1488 non
752 1449 898 1489 videns
931 1462 1069 1489 escam
1106 1450 1296 1502 devorat,
1336 1449 1412 1488 sed
1436 1451 1529 1501 pis-

213 1527 334 1559 cator
385 1533 480 1558 cum
534 1533 629 1559 eum
683 1521 861 1571 ceperit,
913 1526 1171 1571 torquentur
1222 1521 1312 1559 eius
1362 1519 1530 1559 viscera

209 1592 365 1643 primo,
399 1589 550 1629 deinde
581 1591 633 1630 ab
666 1590 781 1628 omni
813 1589 953 1629 leticia
985 1603 1064 1629 sua
1092 1602 1173 1642 per
1205 1591 1342 1641 ipsam
1389 1604 1529 1630 escam

158 1661 263 1701 20de
307 1674 391 1713 qua
437 1661 589 1700 letatus
633 1667 693 1700 est
723 1660 912 1700 trahitur
944 1660 1002 1699 ad
1034 1661 1418 1699 consumacionem.
1465 1661 1531 1700 Sic

215 1740 312 1770 sunt
363 1743 510 1769 omnes
563 1730 635 1783 qui
688 1731 736 1769 de
790 1730 910 1769 bonis
955 1730 1256 1782 temporalibus
1303 1730 1444 1770 beatos
1489 1745 1531 1769 se

214 1810 364 1853 putant
408 1801 518 1839 unde
555 1801 673 1840 bonis
706 1800 833 1839 nichil
865 1810 988 1840 nocet
1020 1800 1178 1839 ablacio
1218 1800 1531 1853 temporalium,

215 1885 312 1910 cum
355 1871 443 1923 ipsa
488 1884 574 1909 non
623 1870 813 1923 diligunt.
860 1871 981 1910 Unde
1026 1870 1131 1909 inter
1164 1883 1310 1909 omnes
1352 1871 1531 1909 cautelas

216 1940 368 1979 diaboli
417 1941 631 1979 mundana
663 1939 971 1992 preeminencia
1004 1949 1063 1979 est
1096 1940 1231 1992 prima
1262 1954 1413 1992 sagena
1446 1939 1530 1978 dia-

162 2018 201 2049 εξ)
217 2011 323 2062 b01i3
369 2011 418 2049 de
463 2010 532 2049 illa
580 2010 691 2049 enim
723 2010 860 2063 primo
895 2009 1114 2062 temptavit
1147 2009 1376 2051 Christum.
1423 2011 1532 2049 Nam

214 2079 386 2119 Matthei
426 2080 513 2131 IV0,
555 2080 591 2131 8,
633 2094 671 2132 9,
721 2080 870 2119 dicitur
914 2080 1030 2133 quod
1063 2080 1244 2120 ostendit
1275 2080 1355 2120 sibi
1388 2081 1532 2119 omnia

216 2164 352 2204 regna
377 2151 528 2190 mundi
551 2150 717 2192 dicens:
744 2151 841 2189 Hec
865 2151 1009 2189 omnia
1042 2149 1115 2190 tibi
1147 2149 1271 2201 dabo,
1304 2151 1341 2189 si
1373 2150 1532 2190 cadens

217 2219 473 2260 adoraveris
510 2234 589 2260 me.
634 2221 687 2259 Et
717 2234 858 2259 revera
889 2229 1059 2273 propter
1091 2219 1230 2259 minus
1268 2220 1533 2272 privilegium

219 2291 442 2330 adoramus
465 2290 604 2342 sepius
628 2291 817 2329 membra
839 2304 925 2341 sua,
943 2304 1041 2329 cum
1062 2298 1203 2328 tamen
1222 2289 1470 2341 profitemur
1492 2289 1534 2328 in

132 2361 431 2413 154⁰baptismo
475 2361 589 2413 quod
605 2359 996 2399 ssabrenunciamus
1042 2359 1212 2398 sathane
1256 2368 1295 2398 et
1336 2359 1533 2399 omnibus

220 2430 390 2482 pompis
414 2429 513 2469 eius.
534 2430 648 2469 Talis
664 2430 803 2483 itaque
819 2429 952 2468 finalis
968 2428 1326 2482 preponderancia
1341 2429 1534 2468 secularis

222 2499 422 2551 privilegii
456 2508 516 2539 est
548 2500 715 2552 signum
747 2499 961 2539 infallibile
994 2498 1172 2538 membri
1205 2498 1372 2549 diaboli,
1408 2507 1445 2537 et
1479 2498 1535 2538 sie

274 2646 311 2674 15.
342 2648 370 2674 A
399 2647 430 2674 in
459 2654 575 2682 marg:
608 2647 810 2681 Augustinus.
955 2647 995 2674 16.
1027 2646 1064 2674 de
1094 2654 1209 2681 agone3
1239 2647 1267 2673 A
1292 2646 1363 2674 hab.
1385 2654 1534 2674 rasuram.

224 2694 264 2721 18.
286 2695 325 2728 A1
348 2702 427 2722 corr.
448 2693 540 2721 vult.:
562 2698 693 2729 torquet.
836 2701 875 2720 21.
896 2693 969 2720 Ain
993 2701 1107 2727 marg:
1129 2692 1285 2720 Mundana
1307 2692 1536 2727 preeminencia

223 2746 267 2768 est
287 2749 400 2776 sagena
422 2740 545 2768 diaboli.
689 2740 732 2767 32.
755 2741 781 2766 A
801 2741 856 2774 Al:
881 2740 1057 2767 Membrum
1079 2739 1204 2766 diaboli.

281 2858 312 2889 7.
339 2857 412 2889 cap.
430 2847 540 2879 XVIII
555 2846 594 2890 (?)
617 2847 686 2878 vid.
711 2847 802 2890 opp.
822 2847 845 2888 Ι7
866 2846 929 2889 329
949 2856 1048 2889 seqq.
1195 2845 1242 2877 16.
1266 2846 1432 2888 Opp.V1‚
1462 2845 1536 2886 245.
