2051 3273
205 215 403 273 CAP.V111.]
717 228 776 259 DE
803 227 1035 259 ECCLESIA.
1736 212 1807 251 153

69 342 315 378 D151bneos
368 341 406 371 et
459 331 566 371 dicta
618 340 857 370 sanctorum
911 332 1134 370 doctorum
1185 344 1261 383 pro
1313 330 1389 368 ista
1432 342 1523 368 sen-
1540 334 1810 405 doclr'isscfiffssup.

215 402 348 441 tencia
381 401 619 440 coloranda.
644 401 724 440 Sed
754 400 847 454 quis
881 401 1061 439 crederet
1082 399 1151 439 tali
1175 395 1308 439 scole?
1349 400 1400 438 Et
1432 398 1524 437 dico
1539 405 1810 467 Ροΐῐῖιεὲῑξῐζοξῖᾶῐεο

215 471 451 511 mendaciis
482 470 820 523 allegacionznn,
861 470 959 523 quia
997 470 1223 521 allegatum
1270 477 1330 507 est
1381 477 1525 507 contra
1592 447 1610 474 q
1670 456 1678 466 ί
1758 461 1764 465 ’

215 555 282 580 me
314 540 473 579 dictum
495 540 734 592 Augustini,
767 553 892 592 super
916 539 988 578 illo
1011 539 1166 578 Psalmi
1198 535 1260 589 Vi,
1293 547 1337 591 7:
1368 538 1524 578 Perdes

181 620 360 652 Somnes
382 611 453 662 qui
473 610 675 661 loquutur
692 609 973 657 mendacium,
997 609 1073 648 sub
1089 608 1164 647 hac
1188 608 1341 647 forma:
1365 608 1522 657 Multa,

212 679 362 732 inquit,
398 679 598 719 videntur
634 691 719 730 pro
766 679 904 718 salute
953 686 1027 717 aut
1069 678 1289 717 conzniodo
1341 677 1524 716 alicuius

213 762 294 788 non
330 749 518 797 malicia,
561 749 636 789 sea'
680 749 940 801 benignitate
982 749 1229 788 mendacia:
1273 748 1398 801 quale
1430 747 1526 800 fuit

214 819 388 858 illarum
423 819 694 858 obstetricum
729 820 771 858 in
801 818 954 857 Exodo
987 831 1065 870 que
1100 817 1323 857 Pharaoni
1350 816 1522 870 falsum

214 889 596 939 renunciaverunt,
639 895 683 927 ut
713 888 903 942 infantes
921 887 1122 940 filiorum
1157 887 1301 927 Israel
1332 900 1417 926 non
1453 900 1523 925 ne-

160 978 198 999 10
214 965 432 1005 carentur,
466 959 540 997 sed
572 959 704 997 eciam
730 959 810 997 ista
843 971 925 997 non
959 960 999 997 in
1024 971 1085 1005 re,
1118 957 1191 997 sed
1222 958 1264 996 in
1298 956 1395 996 dolo
1431 957 1523 995 Iau—

212 1027 384 1067 dantur.
434 1028 487 1066 Et
531 1028 596 1066 hic
640 1037 788 1067 notant
820 1028 1044 1080 allegantes
1076 1028 1183 1067 hanc
1216 1027 1394 1066 forman]
1434 1040 1522 1064 ver-

213 1097 363 1135 borum
409 1098 629 1150 quomodo
676 1097 826 1150 aliquis
870 1106 930 1137 est
979 1097 1074 1150 pius
1119 1097 1241 1136 dolus
1292 1110 1378 1149 quo
1430 1095 1524 1135 licet

211 1166 332 1205 nobis
363 1167 605 1219 proximum
637 1167 887 1207 menciendo
921 1167 1120 1219 decipere.
1156 1167 1236 1206 Sed
1260 1180 1336 1219 ego
1366 1165 1523 1218 respexi

211 1236 368 1275 multos
412 1236 539 1276 libros
582 1236 809 1289 Augustini
856 1237 897 1275 in
942 1237 1095 1290 quibus
1134 1236 1233 1276 dicit
1264 1236 1524 1276 concorditer

158 1314 194 1346 15
211 1308 325 1359 quod
368 1306 443 1345 iste
476 1307 715 1346 obstetrices
760 1308 799 1346 in
846 1307 925 1346 isto
969 1307 1191 1346 mendacio
1232 1315 1521 1359 peccaverunt,

209 1375 305 1415 licet
347 1386 566 1428 peccatum
606 1376 727 1416 fuerit
759 1377 932 1416 Hebreis
973 1376 1227 1429 proficuum,
1273 1377 1384 1416 unde
1425 1390 1521 1416 cum

211 1445 376 1485 nullum
424 1447 587 1486 bonum
627 1447 677 1486 sit
716 1446 1079 1497 irremuneratum,
1114 1447 1227 1486 Deus
1262 1461 1336 1499 pro
1370 1446 1523 1499 pietate

210 1528 338 1568 quam
390 1515 620 1555 habuerant
676 1516 770 1556 fecit
821 1530 888 1555 eas
939 1516 1074 1555 taliter
1125 1517 1330 1569 premiari.
1400 1517 1522 1556 Unde

209 1584 406 1637 Magister
439 1585 721 1626 Historiarum
753 1600 877 1638 super
909 1586 1043 1625 Exodi
1089 1600 1177 1639 cap.
1213 1587 1286 1626 ΙΙΙΟ
1319 1588 1434 1639 quod
1467 1586 1523 1625 sic

155 1654 375 1707 mincipit:
421 1655 488 1694 De
520 1655 664 1695 indole
696 1656 984 1707 obstetricum,
1036 1656 1092 1695 sic
1135 1656 1341 1709 quuitur:
1410 1657 1523 1705 Quia

210 1724 619 1773 timueruntDeum,
644 1725 852 1778 edificavit
877 1727 964 1765 illis
985 1725 1145 1776 domos,
1170 1726 1213 1765 id
1235 1733 1311 1774 est,
1336 1727 1523 1777 Iocuple-

212 1794 313 1833 tavit
344 1807 434 1843 eas,
480 1808 574 1833 cunz
609 1802 748 1835 essent
773 1808 1009 1848 pauperes,
1056 1797 1122 1834 vel
1140 1795 1406 1849 fecundavit
1435 1809 1520 1845 eas,

212 1876 305 1902 cunz
340 1871 481 1903 essent
511 1865 689 1904 steriles.
733 1867 996 1917 Augustinus
1029 1879 1126 1904 vero
1152 1865 1250 1905 dicit
1282 1865 1521 1905 obstetrices

211 1933 426 1972 venialiter
447 1947 652 1986 peccasse,
688 1934 914 1987 Gregorius
946 1948 1043 1974 vero
1073 1935 1236 1975 videtur
1265 1935 1370 1974 velle
1408 1936 1523 1988 quod

157 2009 196 2041 25
213 2002 460 2053 mortaliter3
484 2003 581 2042 dicit
613 2004 725 2042 enim
749 2005 864 2056 quod
891 2017 1053 2045 merces
1076 2006 1350 2059 benignitatis
1372 2018 1521 2045 earum

212 2085 296 2111 non
340 2073 481 2124 potuit
531 2074 571 2111 in
625 2080 772 2113 eterna
804 2075 888 2113 vita
920 2075 1115 2124 retribui,
1160 2075 1238 2115 sed
1272 2088 1357 2127 pro
1397 2076 1523 2126 culpa

213 2141 427 2181 mendacii
460 2143 500 2180 in
539 2149 755 2182 terrenam
781 2145 1175 2196 compensacionenz
1207 2145 1422 2185 declinata
1447 2152 1521 2184 est.

263 2331 292 2356 4.
308 2323 377 2350 Ain
399 2324 730 2359 marg.:Augustinus.
747 2324 836 2352 Nota.
857 2325 914 2352 Pro
935 2326 1099 2353 mendacio
1119 2325 1312 2354 obstin-icum
1327 2327 1357 2354 in
1369 2326 1476 2354 Exodo
1496 2332 1525 2355 et

212 2373 327 2396 contra.
350 2369 370 2395 Β
391 2369 420 2397 in
444 2378 538 2405 marg.
561 2379 642 2398 man.
665 2372 733 2399 alt.:
756 2371 799 2398 De
820 2372 1022 2400 obstetricum
1043 2372 1216 2400 mendacio.
1327 2381 1354 2408 9.
1380 2373 1413 2400 In
1432 2373 1522 2400 codd.

211 2423 272 2442 non
286 2416 378 2444 deest.
398 2416 525 2444 Correxi
547 2425 583 2444 ex
600 2419 680 2452 Aug.
702 2419 734 2445 In
756 2418 866 2454 psalm.
886 2421 920 2446 V.
943 2419 1025 2454 Opp.
1047 2419 1099 2456 IV⁷
1121 2428 1149 2455 p.
1178 2419 1218 2447 18.
1357 2428 1399 2447 10.
1419 2419 1524 2447 Verba

210 2461 378 2496 Augustini
394 2463 411 2490 l.
429 2471 472 2489 αι
493 2462 554 2491 Sed
572 2464 669 2491 eciam
685 2464 742 2491 ista
757 2473 816 2492 non
833 2473 876 2502 re,
897 2465 951 2493 sed
965 2466 1069 2493 indole
1084 2466 1258 2494 laudantur.
1367 2474 1409 2500 ις).
1424 2465 1522 2493 Exodi

211 2515 278 2543 cap.
300 2515 364 2544 seq.
386 2509 494 2536 lacuna
520 2510 548 2536 in
577 2510 686 2544 codd.;
718 2511 823 2538 addidi
851 2520 866 2538 e
894 2512 963 2540 hist.
994 2513 1067 2540 scol.
1094 2513 1174 2540 Petri
1204 2513 1405 2541 comestoris.
1444 2514 1522 2540 Ain

211 2561 325 2588 marg.:
352 2554 499 2590 Magister
519 2556 725 2583 historiarum.
867 2566 912 2585 20.
934 2559 995 2594 Ap.
1017 2559 1139 2586 Petrum
1162 2559 1252 2587 Corn.
1281 2567 1340 2586 non
1363 2559 1399 2586 de
1419 2559 1523 2586 indole

211 2599 264 2626 sed
286 2599 322 2627 de
342 2601 412 2628 dolo
434 2601 526 2635 leges.

275 2717 322 2750 18.
351 2718 438 2750 Vide
458 2720 547 2751 Petri
568 2721 720 2752 Comest.
739 2720 817 2752 hist.
846 2722 921 2754 libri
940 2723 1050 2754 Exodi
1070 2733 1142 2766 cap.
1163 2723 1216 2755 III.
1237 2723 1313 2762 (Ed.
1332 2724 1521 2765 Argentina

215 2774 311 2816 1515,
327 2776 386 2807 fol.
402 2787 432 2817 e,
454 2777 497 2819 3.)
515 2778 564 2809 De
579 2778 682 2809 Petro
701 2779 800 2810 Com.
817 2780 868 2814 Cf.
887 2781 1045 2823 VVyclis's
1061 2781 1331 2819 P01.·W0rks11,
1350 2792 1426 2823 pag.
1442 2782 1520 2822 454.

213 2844 263 2874 24.
292 2834 472 2866 Moralium
502 2836 557 2867 lib.
577 2837 695 2876 XVIII,
722 2847 795 2879 cap.
816 2838 867 2876 III,
889 2838 978 2880 Opp.
999 2845 1082 2870 tom.
1102 2840 1125 2878 I,
1152 2850 1227 2881 pag.
1250 2839 1323 2881 559.

1345 2896 1406 2928 11³⁶
