2051 3273
255 222 342 250 cai).
360 213 454 269 vnn]
761 226 821 257 DE
847 225 1067 256 ECCLESIA

104 342 140 374 G
160 329 444 381 ¹51‹1legiatam
489 331 718 381 approbare
763 329 978 368 mendacia
1011 328 1213 369 diffideret
1245 332 1360 382 quod
1393 331 1561 370 ecclesia

252 398 319 437 illa
361 398 562 450 recipiens
608 412 656 436 ex
698 398 820 437 titulo
854 398 1081 437 elemosine
1114 413 1136 437 a
1169 399 1341 437 seculari
1375 399 1560 451 principe

253 470 361 508 bona
394 468 636 507 huiusmodi
670 468 746 507 sub
781 467 1027 507 condicione
1059 469 1175 521 quod
1207 469 1409 520 rependat
1442 469 1558 521 spiri-

250 539 360 577 tuale
384 537 642 590 suffragium,
665 537 912 576 mentiretur
934 537 976 575 in
999 537 1284 576 defraudando
1305 552 1328 576 a
1351 538 1559 590 promisso

218 606 459 659 §suffragia
493 607 590 645 Ideo
624 607 701 645 ista
724 606 869 659 opinio
894 606 998 645 foret
1017 606 1197 659 pessima
1219 608 1270 646 ad
1292 609 1402 646 bona
1432 608 1559 647 eccle-

250 676 306 715 sie
338 675 514 715 fideliter
556 677 883 728 procurandum.
918 677 969 715 Et
1002 678 1147 715 eadem
1180 686 1240 716 est
1279 677 1560 716 consideracio

250 746 299 784 de
332 745 465 785 causis
499 745 699 796 civilibus,
732 746 848 798 quod
879 745 1122 798 inpossibile
1155 755 1216 785 est
1252 755 1298 785 ut
1346 746 1561 785 mendacia

249 815 338 853 illas
382 815 445 854 vel
493 814 790 854 contenciones
830 815 988 867 aliquas
1031 815 1212 867 legitime
1250 824 1560 868 promoverent.

252 884 576 923 Consideremus
626 897 722 936 ergo
775 886 890 937 quod
935 884 1124 923 Christus
1175 885 1411 924 incurrebat
1461 894 1562 937 aput

199 977 236 997 10
251 955 498 1002 sacerdotes,
552 953 764 1005 phariseos
817 963 856 992 et
907 954 1056 992 scribas
1102 954 1397 1006 apparenciam
1441 954 1559 993 diffa-

250 1023 466 1073 macionis‚
510 1023 690 1062 maxime
736 1037 782 1062 ex
820 1023 900 1062 hoc
934 1025 1049 1076 quod
1082 1024 1315 1076 detegendo
1348 1023 1561 1063 veritatem

250 1102 288 1131 et
331 1093 594 1145 reprobando
639 1106 785 1131 eorum
832 1092 935 1131 vicia
976 1093 1167 1145 purgavit
1198 1093 1413 1132 ecclesiam
1446 1102 1485 1132 et
1517 1102 1561 1132 ut

249 1163 304 1201 sic
337 1162 530 1215 aquisivit
552 1162 628 1200 sibi
651 1175 806 1201 nomen
840 1163 957 1215 quod
985 1172 1045 1201 est
1073 1175 1198 1214 super
1229 1176 1356 1201 omne
1389 1176 1559 1214 nomen,

248 1246 446 1285 superans
479 1232 710 1285 quamlibet
743 1232 898 1270 famam
930 1232 1089 1271 mundi.
1143 1232 1209 1272 Sic
1242 1246 1318 1271 nos
1352 1232 1560 1271 christiani

196 1315 230 1346 15
248 1302 448 1341 debemus
480 1311 617 1341 tenere
649 1301 863 1340 veritatem
897 1310 935 1340 et
967 1301 1180 1354 privilegia
1211 1302 1379 1341 ecclesie
1407 1301 1559 1341 Christi

247 1371 465 1411 defendere
493 1381 700 1424 quantum
728 1370 958 1410 sufficimus
981 1385 1056 1410 nec
1085 1384 1224 1410 curare
1247 1371 1295 1409 de
1326 1371 1434 1424 fama
1467 1371 1558 1421 alia,

248 1442 323 1480 nisi
357 1443 406 1480 de
439 1451 596 1494 quanto
629 1440 805 1479 adicitur
837 1455 885 1479 ex
916 1440 1078 1480 virtute.

196 1525 233 1557 Η
306 1512 387 1551 Sed
438 1510 564 1550 tercio
618 1510 854 1549 notandum
907 1523 982 1562 pro
1037 1510 1222 1548 ulteriori
1274 1510 1558 1549 declar-acione

248 1581 565 1633 privilegiorum
609 1579 775 1618 ecclesie
822 1580 937 1631 quod
984 1579 1249 1631 privilegium
1290 1590 1349 1618 est
1401 1581 1558 1631 privata

192 1673 232 1694 20
248 1650 324 1700 lex,
371 1663 566 1689 concessa
598 1664 620 1688 a
653 1648 839 1701 principe
871 1650 923 1687 ad
956 1649 1232 1687 commodum
1281 1649 1450 1688 ecclesie
1494 1650 1558 1689 vel

248 1734 435 1773 persone.
472 1720 592 1759 Unde
625 1717 676 1773 (si
710 1732 795 1757 non
819 1718 956 1770 fallor)
991 1718 1128 1757 omnis
1162 1718 1273 1757 bona
1295 1719 1359 1757 lex
1392 1728 1555 1772 tempo-

245 1789 339 1828 ralis
386 1789 450 1827 vel
497 1789 740 1828 humanitus
785 1788 1007 1827 adinventa
1050 1801 1124 1840 pro
1170 1787 1344 1827 utilitate
1388 1788 1557 1827 ecclesie

245 1858 382 1898 vocari
426 1867 564 1911 potest
607 1857 870 1910 privilegium
917 1857 1098 1907 ecclesie,
1144 1871 1242 1896 cum
1284 1858 1422 1896 omnis
1466 1858 1556 1896 talis

245 1929 309 1967 lex
353 1928 403 1967 sit
453 1928 611 1981 privata
662 1928 801 1981 quoad
849 1936 1015 1979 tempus
1064 1936 1102 1965 et
1153 1927 1376 1979 populum.
1435 1928 1556 1966 Unde

191 2009 229 2041 25
246 1998 361 2050 quod
407 1998 551 2049 legiste
594 2007 745 2036 vocant
788 1997 884 2035 talia
922 1996 1011 2036 iura
1042 1996 1287 2036 communia
1318 2011 1403 2036 non
1438 1997 1556 2035 obest

245 2067 345 2119 quin
390 2067 472 2106 sint
518 2067 687 2119 privata,
736 2067 833 2119 quia
873 2067 915 2105 in
960 2066 1263 2106 communitate
1306 2067 1448 2119 legum
1494 2076 1554 2105 est

245 2138 340 2175 dare
384 2137 592 2189 quotlibet
634 2137 799 2189 gradus,
839 2145 877 2175 et
915 2136 978 2175 lex
1011 2136 1169 2188 privata
1199 2145 1337 2189 potest
1377 2149 1553 2175 crescere

244 2206 285 2244 in
320 2206 621 2245 communitate
660 2207 800 2259 quoad
838 2215 1019 2258 tempus,
1063 2206 1208 2244 locum
1246 2214 1285 2245 et
1314 2219 1552 2258 personam.

246 2277 329 2315 Lex
361 2285 501 2315 autem
535 2275 711 2315 caritatis
743 2290 872 2328 quam
905 2275 1042 2314 omnis
1074 2275 1206 2314 homo
1239 2276 1361 2314 debet
1392 2289 1556 2327 semper

190 2357 230 2388 30
246 2355 284 2384 et
328 2345 482 2398 ubique
526 2355 663 2384 tenere
702 2354 762 2383 est
798 2345 862 2383 ius
902 2344 1302 2384 communissimun]
1341 2344 1447 2383 sicut
1478 2344 1554 2383 alie

243 2415 354 2467 leges
401 2414 708 2453 condicionales
742 2428 844 2466 quas
876 2414 966 2466 ipsa
1002 2414 1204 2466 implicat.
1258 2414 1383 2452 Addo
1423 2413 1553 2452 eciam

246 2483 562 2523 distinccionem
586 2482 754 2522 ecclesie
778 2485 839 2522 vel
865 2497 1054 2535 persone,
1088 2483 1185 2536 quia
1207 2483 1239 2521 si
1262 2492 1427 2522 tantum
1450 2493 1554 2522 esset

246 2568 329 2592 una
373 2563 555 2592 creatura
587 2552 802 2592 racionalis
846 2553 1117 2606 privilegiata,
1161 2562 1261 2592 tunc
1303 2566 1388 2592 non
1426 2553 1551 2605 privi-

245 2623 464 2675 legiaretur
497 2621 678 2662 ecclesia.
712 2621 981 2674 privilegium
1013 2636 1110 2675 ergo
1135 2631 1195 2661 est
1216 2622 1403 2674 specialis
1425 2622 1551 2661 licen-

299 2745 338 2773 18.
372 2747 411 2780 Al
443 2745 504 2773 Sed
535 2746 671 2773 ulterius.
816 2753 858 2779 ις).
890 2747 918 2772 Α
949 2745 979 2772 in
1009 2754 1122 2781 marg:
1161 2745 1243 2781 Quid
1271 2750 1315 2773 est
1336 2746 1550 2781 privilegium?

246 2798 288 2818 22.
311 2793 349 2818 A.
375 2791 404 2817 in
423 2799 539 2825 marg:
568 2792 679 2819 Omnis
705 2792 753 2818 lex
773 2792 948 2818 humanitus
977 2791 1142 2818 adinventa
1167 2791 1248 2818 utilis
1274 2796 1318 2818 est
1345 2791 1548 2826 privilegium.

247 2837 288 2864 25.
310 2839 366 2871 Ar:
388 2837 470 2872 quod
490 2837 604 2865 ini-iste.
747 2837 788 2864 32.
812 2837 980 2864 distinctim
1001 2838 1031 2864 in
1052 2837 1143 2865 codd.

1768 218 1842 270 167

1600 893 1704 921 Christ
1725 895 1823 928 spoke

1599 929 1681 955 truth
1700 929 1828 955 without

1593 963 1701 997 regard
1727 968 1758 990 to
1784 963 1830 990 his

1619 998 1804 1033 reputation.

1583 1519 1630 1545 All
1652 1519 1726 1545 laws
1748 1523 1835 1546 made

1584 1553 1633 1580 for
1654 1555 1703 1580 the
1726 1554 1837 1581 benetit

1585 1588 1619 1615 of
1636 1588 1685 1615 the
1707 1588 1831 1616 Church

1590 1631 1660 1658 may
1680 1623 1716 1650 be
1737 1624 1833 1650 called

1596 1658 1771 1693 privileges,
1793 1667 1826 1686 as

1585 1692 1676 1727 being
1696 1693 1724 1719 in
1746 1701 1833 1720 some

1585 1727 1695 1762 degree
1716 1727 1831 1762 private

1667 1762 1751 1789 laws.

1581 2295 1649 2322 The
1671 2296 1824 2324 universal

1586 2330 1645 2358 law
1665 2332 1689 2357 is
1708 2331 1773 2358 that
1794 2331 1829 2359 of

1644 2366 1771 2402 chal-ily.
