2051 3273
182 222 367 280 CAP.X11.]
704 232 763 264 DE
789 231 1023 265 ECCLEsm.
1697 222 1745 260 25
1753 235 1776 273 9

31 351 63 383 F
92 348 169 383 165¹³
184 339 282 392 fuga
324 339 400 378 alia
459 337 547 377 tolli
590 337 712 376 debet
756 344 961 376 statutum
1002 343 1074 374 aut
1116 334 1382 388 privilegium
1427 335 1491 374 vel
1538 344 1696 405 {ts-'tatum
1716 351 1751 371 or

183 408 396 461 suspendi,
441 420 515 446 nec
549 406 661 444 fallat
699 405 852 445 inscios
885 404 1126 457 ignor-ancia
1157 403 1267 442 illius
1311 403 1490 442 veritatis
1522 386 1763 474 ριηιέξεῗὲιέἷέγ

181 491 310 530 quam
332 476 556 516 Anselmus
584 475 762 514 declarat
782 474 933 527 primo,
961 474 1047 513 Cur
1068 474 1171 513 deus
1193 473 1492 524 lzomo‚XXI‘',
1548 455 1661 482 suspen
1688 455 1703 474 e
1730 468 1733 473 ’

184 548 300 599 quod
346 559 421 585 nec
465 553 637 597 propter
668 544 947 583 salvacionem
981 543 1117 583 tocius
1151 543 1300 582 mundi
1331 543 1397 581 vel
1428 542 1492 580 in-

147 614 410 665 5finitorum,
455 614 487 653 si
535 613 700 664 fuerint,
749 627 835 652 non
869 613 990 652 debet
1023 612 1231 652 committi
1274 620 1492 664 peccatum

180 685 353 738 aliquod
385 684 515 723 eciam
547 683 719 734 veniale,
754 682 850 735 quia
882 690 982 721 tunc
1015 691 1235 733 peccatum
1269 689 1375 720 esset
1406 694 1490 719 non

180 762 410 805 peccatum,
456 766 551 791 cum
597 766 681 791 non
729 752 780 790 sit
823 751 1019 803 possibile
1052 761 1097 791 ut
1129 752 1222 804 quis
1263 760 1405 804 peccet
1450 751 1492 790 in

180 832 384 875 quantum
432 822 615 868 facit-ut
662 821 795 871 debet,
830 820 927 873 quia
959 829 1059 859 tunc
1092 821 1214 859 debet
1245 835 1415 873 peccare
1454 829 1493 859 et

179 892 313 944 prima
367 891 529 930 iusticia
583 890 709 942 exigit
768 899 813 928 ut
871 889 928 928 sic
983 898 1139 942 peccet.
1203 890 1284 929 Sed
1352 904 1493 930 revera

128 961 342 1003 10iusticia
374 961 632 1013 dispensaret
654 960 695 997 in
720 972 816 998 casu
845 958 1106 1009 huiusmodi,
1140 968 1187 998 ut
1218 974 1304 999 non
1336 969 1490 1013 peccet.

180 1030 361 1083 Oportet
393 1044 490 1083 ergo
524 1029 736 1082 privilegia
783 1028 1024 1067 huiusmodi
1064 1029 1215 1068 habere
1248 1029 1492 1081 interpretes

178 1101 231 1138 ad
275 1100 594 1138 discernendum
628 1097 922 1137 condicionem
955 1112 1036 1151 que
1075 1099 1196 1137 debet
1240 1098 1491 1151 subintelligi

178 1169 220 1208 in
251 1169 320 1208 tali
353 1168 582 1220 privilegio,
605 1176 651 1206 ut
673 1168 704 1206 si
732 1167 824 1220 quis
860 1167 1085 1219 proditorie
1115 1167 1311 1206 occiderit
1337 1181 1490 1220 regem,

178 1238 342 1277 notorie
390 1237 562 1276 molitus
596 1236 718 1275 fuerit
750 1237 864 1288 regni
897 1237 1203 1288 prodicionem,
1243 1237 1308 1275 vel
1341 1250 1489 1288 corpo-

128 1318 163 1349 15
178 1307 314 1346 raliter
344 1317 415 1346 aut
448 1307 713 1360 spiritualiter
745 1307 1079 1358 superinduxerit
1109 1306 1235 1345 simul
1264 1307 1328 1345 vel
1352 1307 1490 1358 paula-

179 1377 260 1415 tive
305 1378 630 1429 depopulatores
677 1376 803 1429 regni,
849 1376 1057 1428 refugium
1102 1376 1271 1415 ecclesie
1310 1390 1395 1414 non
1440 1377 1491 1414 ad

179 1446 310 1484 illum.

130 1527 166 1559 Gr
237 1516 356 1554 Unde
379 1516 655 1554 recoleremus
672 1524 875 1554 statutum
891 1515 1122 1554 nefandum
1142 1515 1326 1553 Danielis
1343 1515 1435 1565 VI0‚
1452 1518 1779 1589 7‚¹q{{3ssg]ead<gflj;je

181 1584 250 1622 ubi
273 1584 422 1644 dicitur
451 1594 631 1637 satrapas
661 1586 921 1625 consuluisse
951 1585 1091 1636 Dario,
1126 1594 1171 1624 ut
1204 1585 1493 1637 extinguerent
1583 1587 1704 1614 narius.

125 1654 409 1709 *rgpranielem⁷
431 1655 545 1708 quod
565 1655 703 1694 omnis
724 1656 796 1707 qui
811 1656 1021 1706 peciverit
1038 1655 1490 1706 aliquampeticionem

180 1736 209 1761 a,
238 1736 498 1776 quocunque.
532 1724 623 1763 Deo
656 1731 696 1762 et
727 1725 893 1763 homine
939 1737 1071 1776 usque
1104 1724 1160 1762 ad
1192 1725 1372 1777 triginta
1404 1724 1493 1763 dies

181 1794 264 1832 nisi
309 1807 334 1832 α
380 1807 481 1846 rege
513 1794 653 1832 Dario
698 1795 892 1832 mittatur
936 1799 978 1833 in
1023 1795 1165 1832 lacum
1200 1795 1388 1841 leonum,
1421 1793 1490 1830 sed

180 1872 409 1916 postquam
441 1873 704 1914 compertum
738 1872 797 1901 est
820 1863 1036 1902 Danielem
1069 1863 1198 1901 tribus
1231 1862 1491 1914 temporibus

180 1931 330 1979 lude
360 1932 547 1978 adorare
591 1932 825 1971 Dominum
878 1946 1019 1971 versus
1061 1933 1302 1983 Jerusalem,
1341 1932 1490 1970 sinistri

125 2010 422 2053 25lnterpretes
470 2014 609 2053 regern
657 2002 917 2051 seduxerant,
972 2010 1017 2040 ut
1057 2001 1204 2040 Daniel
1259 2001 1301 2039 in
1353 2002 1491 2040 lacum

180 2071 352 2110 leonum
396 2071 648 2120 mitteretur;
693 2072 764 2109 sed
809 2070 1003 2123 iniquum
1048 2071 1252 2110 iudicium
1302 2071 1493 2123 probavit

181 2149 353 2186 eventus
377 2140 577 2179 miraculi.
605 2141 658 2179 Et
680 2140 844 2179 utinam
867 2149 1028 2192 satrape
1045 2139 1175 2178 nostri
1191 2154 1277 2178 non
1293 2141 1492 2178 seducant

182 2208 388 2261 principes
422 2223 469 2247 ex
502 2209 645 2248 insana
669 2209 1017 2261 interpretacione
1049 2209 1200 2248 decreti
1235 2209 1346 2261 regii.
1382 2210 1489 2248 Nam

181 2277 245 2315 vel
267 2287 327 2316 est
351 2279 639 2331 quodcunque
663 2279 745 2317 tale
770 2280 984 2317 decretum
1012 2279 1217 2329 illicitum,
1240 2279 1304 2317 vel
1327 2286 1492 2330 oportet

126 2348 296 2399 30quod
340 2348 476 2386 solum
512 2348 765 2400 intelligatur
807 2348 846 2386 in
893 2348 985 2399 ipso
1031 2349 1145 2400 quod
1192 2348 1347 2387 nullius
1386 2348 1492 2399 sapit

235 2539 260 2567 3.
281 2541 308 2566 A
329 2539 356 2566 in
379 2548 492 2574 marg:
520 2540 698 2566 Anselmus.
731 2540 891 2574 Privilcgia
912 2540 1087 2576 principum
1112 2545 1181 2567 sunt
1203 2541 1370 2575 prudenter
1399 2541 1490 2567 inter-

183 2585 330 2621 pretanda
363 2586 481 2618 (Above
505 2585 568 2612 16:3¹²
601 2586 730 2612 without
754 2587 838 2612 mark
860 2586 895 2613 os
915 2588 1097 2620 reference).
1241 2585 1264 2612 3.
1299 2586 1399 2621 primo
1425 2587 1491 2613 scil.

183 2633 272 2659 libro.
396 2632 423 2658 8.
445 2631 484 2658 13:
507 2639 562 2658 nec
577 2632 677 2658 debet.
804 2633 830 2656 «ΝΜ
852 2632 891 2658 B:
914 2640 972 2659 non
996 2633 1093 2659 debet,
1220 2633 1267 2659 20.
1290 2633 1327 2658 ss:
1350 2633 1491 2666 probant.

184 2677 229 2706 28.
250 2677 288 2704 B:
310 2677 439 2704 insania.

244 2831 274 2862 3.
299 2831 452 2862 Anselmi
481 2831 572 2874 Opp.
599 2841 676 2873 pag.
703 2830 848 2871 84—83.

1268 2894 1328 2931 17*
