2051 3343
187 224 262 263 126
904 228 1127 262 JOHANNIS
1153 227 1349 260 WYCLIF.
1600 212 1707 271 [CAP.
1722 220 1775 248 v1.

181 346 451 412 ffeffiffiqbgssthessp
527 337 579 375 Et
612 343 725 388 patet
756 335 872 387 quod
905 334 1096 373 Christus
1130 345 1294 384 semper
1333 340 1392 370 est
1431 338 1556 382 caput
1595 329 1776 370 ecclesie.
1797 336 1927 379 146⁸K

181 421 270 459 death
293 424 402 455 patron
423 406 591 446 ofUnde
643 418 719 458 ego
773 404 896 443 credo
949 404 1079 456 quod,
1136 401 1378 455 quicunque
1416 399 1636 452 episcopus
1686 412 1779 438 vere

227 454 400 517 hghiiffgiii)
469 475 649 528 presidet
680 473 722 512 in
754 472 989 525 particulari
1023 471 1206 521 ecclesia,
1240 478 1426 509 remanet
1464 477 1561 522 post
1598 477 1780 509 mortem

469 558 590 584 suam
622 551 747 596 caput
786 542 852 581 vel
889 550 1091 595 patronus
1130 540 1317 580 eiusdem
1356 539 1535 579 ecclesie.
1577 538 1780 587 Quamvis

471 614 583 654 enim
616 612 818 652 moriatur
849 611 891 650 in
925 624 1113 664 corpore,
1146 618 1343 663 procurat
1375 617 1514 648 tamen
1554 608 1597 647 in
1636 608 1814 661 spiritu5

472 697 549 736 pro
582 682 758 722 subditis
792 681 923 721 eciam
963 679 1194 720 fervencius
1233 692 1361 733 quam
1405 679 1446 717 in
1489 678 1568 730 via,
1607 686 1646 718 et
1689 686 1784 731 post

471 753 583 791 diem
614 751 755 791 iudicii
787 750 955 790 habebit
987 750 1201 804 quandam
1233 748 1587 802 preeminenciam
1619 756 1657 787 et
1689 748 1783 787 illu-

472 821 770 871 minacionem,
817 821 923 859 sicut
961 820 1003 859 in
1043 819 1198 872 angelis
1237 818 1361 871 longe
1400 818 1569 857 alterius
1608 817 1785 857 racionis

473 905 601 945 quam
632 890 894 944 prepositura
924 889 1151 930 viancium.
1185 889 1282 929 Ideo
1314 902 1525 941 rogamus,
1549 896 1596 928 ut
1618 895 1785 927 sanctos

473 962 694 1014 episcopos
728 974 892 1014 semper
927 960 1157 1000 habeamus
1189 967 1390 1012 patronos
1416 958 1457 996 in
1483 957 1590 997 celis.
1625 957 1706 997 Sed
1727 956 1785 996 illi
1806 973 1844 996 10

474 1044 561 1070 nou
593 1031 905 1070 contendebant
937 1030 1041 1070 circa
1063 1029 1280 1083 primatuS,
1310 1029 1590 1068 adulterantes
1611 1026 1786 1080 scriptu-

475 1115 564 1140 ram
607 1114 779 1152 sacram,
823 1109 869 1140 ut
915 1100 1100 1153 populus
1145 1099 1394 1152 astringatur
1438 1098 1480 1137 in
1522 1097 1588 1136 via
1625 1098 1788 1137 credere

477 1173 590 1225 quod
624 1172 704 1225 ipsi
737 1181 834 1212 sunt
867 1170 1001 1223 capita
1035 1178 1175 1210 sancte
1208 1168 1350 1209 matris
1383 1167 1565 1208 ecclesie.

223 1257 250 1282 A
273 1254 435 1288 difficulty:
534 1242 724 1281 Secunda
757 1240 978 1280 difficultas
1009 1240 1144 1293 logica
1177 1248 1248 1290 est,
1282 1248 1426 1279 utrum
1448 1238 1570 1277 debet
1602 1236 1786 1287 concedi,

186 1291 337 1318 Whether
357 1290 461 1316 before

185 1326 235 1387 {ige
264 1323 459 1387 {zeargiaxivcgg
476 1311 616 1365 posito
635 1312 751 1365 quod
774 1325 960 1350 essemus
982 1319 1077 1350 ante
1092 1308 1443 1359 incarnacionem,
1477 1307 1592 1361 quod
1610 1306 1786 1345 verbum
1801 1319 1826 1344 a

220 1369 235 1387 C
308 1368 341 1387 ΟΓ
396 1368 410 1384 N
447 1379 458 1384 c

185 1392 461 1457 Βῑὲξηέῃεξιθξιηᾏέΐῑ
476 1390 535 1421 est
567 1381 699 1420 homo
734 1380 925 1420 Christus
963 1381 1093 1420 Jesus.
1134 1379 1187 1418 Et
1224 1378 1388 1418 videtur
1424 1378 1540 1431 quod
1579 1376 1648 1427 sic,
1688 1389 1787 1416 nam

188 1465 307 1503 helwas
333 1472 367 1490 so
390 1464 460 1490 both
478 1452 711 1490 secundum
755 1459 911 1490 rectam
954 1448 1269 1503 philosophiam
1308 1457 1346 1488 et
1384 1447 1568 1499 logicam
1607 1454 1793 1486 creatura

224 1498 422 1570 ῙΞὲῗμΗιῗῖῑέιῗξ.
478 1521 636 1561 nedum
673 1521 797 1561 habet
838 1519 1105 1559 existenciam
1142 1518 1183 1557 in
1229 1532 1306 1558 suo
1347 1517 1543 1572 singulari
1591 1517 1663 1556 sed
1705 1524 1794 1556 tam

480 1604 568 1630 esse
598 1590 745 1644 ydeale
775 1590 819 1629 in
850 1589 976 1629 verbo
1010 1602 1139 1643 quam
1180 1602 1267 1627 esse
1305 1587 1540 1641 potenciale
1578 1586 1621 1625 in
1660 1585 1793 1626 causis

481 1660 687 1701 secundis.
722 1659 835 1700 Cum
857 1672 954 1713 ergo
977 1667 1072 1698 ante
1094 1657 1432 1698 incarnacionem
1464 1656 1542 1697 fuit
1562 1656 1632 1696 illa
1653 1664 1794 1695 sancta
1810 1669 1852 1691 20

480 1744 617 1770 massa
676 1729 899 1770 materialis
964 1728 1007 1768 in
1072 1729 1272 1782 patribus,
1331 1741 1460 1781 quam
1515 1725 1795 1780 postmodum

481 1800 708 1853 assumpsit
737 1801 787 1839 de
808 1799 980 1852 virgine,
1005 1807 1044 1838 et
1066 1798 1236 1851 spiritus
1268 1797 1415 1838 habuit
1436 1811 1525 1837 esse
1546 1796 1588 1835 in
1608 1796 1794 1836 humana

482 1870 631 1924 specie,
668 1870 832 1910 videtur
863 1870 978 1923 quod
1011 1877 1126 1909 totus
1160 1867 1351 1908 Christus
1384 1867 1528 1907 habuit
1549 1865 1792 1907 humanitus

207 1953 445 1982 confirmation:
483 1954 570 1981 esse
602 1939 849 1993 potenciale,
883 1947 922 1979 et
962 1938 1018 1979 sic
1058 1952 1156 1980 esse.
1204 1937 1490 1978 Confirmatur
1527 1936 1712 1976 secundo
1745 1939 1831 1975 exb

223 1990 256 2016 ln
278 1989 327 2016 the
348 1990 432 2015 three

195 2011 562 2086 gagfiifflehgwshoc
595 2010 710 2064 quod
749 2009 940 2049 sacerdos
979 2007 1204 2048 conficiens
1245 2008 1287 2046 in
1325 2016 1469 2047 sancto
1513 2006 1653 2046 triduo
1699 2018 1793 2045 vere
1812 2008 1851 2042 25

195 2093 467 2131 afterwardsunit-
484 2079 705 2121 conficeret
737 2092 889 2132 corpus
923 2077 1091 2129 Christi,
1131 2077 1238 2117 sicut
1277 2077 1424 2117 dicunt
1461 2077 1654 2116 doctores
1694 2088 1793 2115 con-

239 2128 275 2155 ed
297 2136 359 2154 was
382 2128 439 2154 '¹¹⁵'
485 2150 676 2201 corditer,
708 2149 751 2188 in
782 2157 949 2188 tantum
981 2148 1096 2202 quod
1126 2147 1208 2187 hoc
1241 2146 1346 2187 foret
1363 2155 1463 2187 tunc
1495 2159 1643 2186 verum
1675 2144 1796 2184 “hoc

486 2230 559 2261 est
591 2233 772 2273 corpus
805 2217 1019 2259 Christi''
1053 2215 1118 2272 (ut
1132 2217 1298 2257 recitavi
1320 2216 1362 2256 in
1386 2224 1562 2256 tractatu
1584 2215 1645 2254 De
1660 2215 1796 2254 Incar-

486 2288 700 2345 nacione);
740 2302 866 2343 quare
900 2301 999 2341 ergo
1033 2301 1119 2327 non
1152 2286 1258 2326 foret
1289 2300 1437 2327 verum
1475 2295 1570 2326 ante
1607 2285 1795 2325 incarna-

488 2361 653 2400 cionem
698 2359 814 2413 quod
845 2359 1020 2398 verbum
1059 2365 1119 2397 est
1159 2356 1362 2409 Christus,
1403 2370 1500 2396 cum
1536 2364 1637 2396 tunc
1675 2354 1855 2394 habet30

488 2445 639 2484 corpus
672 2429 787 2483 quod
819 2437 914 2481 post
946 2428 1038 2467 unit
1070 2426 1160 2478 sibi,
1195 2426 1301 2467 sicut
1334 2435 1394 2466 est
1426 2427 1475 2465 de
1515 2438 1690 2479 corpore
1721 2436 1798 2463 suo

488 2514 564 2554 pro
598 2496 763 2540 triduo?

542 2679 562 2698 1.
583 2672 612 2699 A
631 2671 661 2699 in
682 2679 795 2707 marga
817 2669 994 2698 Conclusio.
1120 2677 1151 2704 4.
1173 2670 1219 2696 A:
1242 2673 1286 2696 est
1307 2669 1350 2703 (in
1366 2667 1420 2695 red
1440 2667 1502 2702 ink)
1524 2674 1612 2694 suam
1632 2670 1677 2693 est
1697 2669 1800 2701 caput.

489 2725 517 2754 7.
538 2717 581 2744 B:
604 2718 760 2755 quandam
781 2717 966 2753 primiciam.
1056 2723 1099 2750 14.
1120 2715 1193 2743 Ain
1205 2723 1318 2750 marga
1340 2714 1485 2743 Secunda
1502 2713 1671 2741 difficultas.
1691 2711 1802 2739 Utrum

488 2765 617 2792 verbum
645 2769 691 2792 est
709 2764 805 2791 homo
827 2763 968 2791 Christus
987 2762 1076 2790 Jesus
1106 2766 1175 2790 ante
1195 2761 1457 2789 incarnacionem.
1479 2759 1500 2787 Β
1531 2759 1561 2787 in
1591 2766 1688 2794 marg.
1718 2765 1801 2785 man.

490 2819 569 2838 rec.:
591 2812 670 2838 Ante
691 2809 942 2837 incarnacionem
969 2809 1098 2836 verbum
1120 2813 1165 2837 est
1185 2809 1279 2836 homo
1297 2807 1438 2835 Christus
1457 2806 1557 2834 Jesus.
1700 2812 1740 2832 21.
1762 2804 1801 2831 B:

491 2856 595 2884 missa.
737 2857 779 2885 32.
801 2856 822 2883 B
848 2856 878 2883 in
900 2864 994 2891 marg.
1018 2863 1100 2883 rnan.
1121 2863 1199 2883 rec.:
1219 2855 1252 2882 In
1272 2854 1386 2882 triduo.
