2051 3343
194 217 205 240 1
224 203 269 241 ¹6
911 210 1135 242 JOHANNIS
1162 210 1357 242 WYCLIF.
1609 194 1714 252 [CAP.
1729 202 1780 230 v1.

1019 451 1140 492 CAP.
1173 452 1242 492 VI.

198 601 219 621 Ι,
238 591 297 620 We
316 592 395 619 have
414 597 445 621 to
534 568 616 608 Sed
647 567 783 607 adhuc
806 567 983 607 instatur
1004 566 1182 607 finaliter
1210 567 1458 607 deducendo
1481 567 1533 606 ad
1556 565 1788 606 conformia
1809 577 1884 616 144⁰
1905 575 1939 607 A

187 627 461 691 ἓοοὲῑζξθζὴῖῖωῗζῗζ
476 637 821 678 inconveniencia
853 639 904 676 ad
927 637 1066 691 qualia
1088 637 1307 677 adversarii
1331 638 1608 677 deducuntur.
1644 637 1786 676 Primo
1805 646 1819 676 1

187 699 309 768 agssffi's‘}
323 697 460 771 ξξᾚξθξά,
476 707 588 747 enim
619 707 783 747 videtur
815 708 931 760 quod
949 707 1122 747 ecclesia
1141 715 1362 760 tamquam
1376 716 1618 747 monstrum
1639 707 1788 747 habeat

246 775 398 795 versames
474 777 589 817 mille
622 777 768 830 capita,
793 786 833 816 et
864 776 921 817 sic
954 777 1004 816 de
1027 776 1115 815 aliis
1148 776 1348 817 membris
1371 786 1640 817 monstruose
1663 776 1786 817 fabri·
1804 783 1820 815 5

475 847 587 899 catis,
622 855 661 886 et
693 847 749 886 sic
782 846 888 887 foret
918 846 1045 886 simul
1075 846 1193 900 virgo
1233 855 1273 887 et
1310 846 1627 900 corruptissima
1664 861 1786 901 syna-

184 929 247 969 mat
266 929 315 957 the
336 928 458 957 Church
474 931 581 971 goga
613 924 653 956 et
685 916 839 957 Christi
873 916 1057 956 ecclesia.
1083 916 1162 956 Hic
1195 916 1344 956 dicitur
1368 914 1433 972 (ut
1456 914 1570 973 sepe)
1595 917 1786 971 negando

184 969 455 1033 liffviiiggntsiiiid-
473 994 761 1039 assumptum3
795 1000 895 1026 nam
926 1000 1013 1025 non
1037 985 1242 1040 sequitur:
1277 986 1356 1026 Ista
1380 987 1513 1039 capita
1535 995 1634 1027 sunt
1654 987 1786 1039 istius,

185 1033 457 1108 Sissgtiieiiedsissassd
473 1057 803 1096 demonstrando
836 1065 1023 1096 sanctam
1061 1065 1239 1096 matrem
1277 1056 1507 1108 ecclesiam,
1547 1071 1645 1111 ergo
1691 1066 1787 1097 sunt

201 1104 439 1175 evgiffisstassydmi-
473 1126 609 1179 capita
648 1126 778 1177 istius,
814 1139 889 1166 nec
936 1126 1141 1180 sequitur:
1188 1126 1269 1166 Ista
1301 1135 1400 1166 sunt
1432 1126 1567 1179 capita
1609 1126 1787 1167 istorum
1808 1144 1846 1165 ιο

185 1173 455 1236 Cls'gr‘isgiisebiiffssh.
473 1196 545 1251 qui
578 1206 675 1238 sunt
706 1196 784 1236 ista
817 1196 1001 1248 ecclesia,
1036 1210 1133 1250 ergo
1167 1205 1263 1236 sunt
1287 1196 1421 1249 capita
1452 1196 1578 1236 huius
1602 1196 1786 1249 ecclesie,

472 1267 571 1321 quia
602 1276 699 1307 sunt
732 1267 866 1320 capita
887 1266 1065 1307 istorum
1089 1266 1346 1320 singillatim.
1381 1267 1434 1306 Et
1455 1275 1598 1306 tamen
1621 1267 1788 1306 nullum

473 1351 621 1377 eorum
655 1346 715 1377 est
761 1346 886 1390 caput
927 1336 1118 1376 istorum.
1165 1337 1232 1376 Ad
1278 1336 1359 1376 hoc
1406 1350 1505 1389 ergo
1550 1337 1666 1389 quod
1708 1336 1828 1378 sinta

473 1407 607 1461 capita
631 1407 813 1459 ecclesie,
837 1415 1004 1460 oportet
1036 1407 1151 1460 quod
1184 1406 1353 1446 ecclesia
1385 1406 1536 1446 habeat
1556 1405 1625 1444 illa
1646 1405 1790 1445 onmia

473 1487 513 1518 et
545 1477 710 1531 singula
755 1485 976 1530 tamquam
1024 1476 1111 1516 eius
1156 1476 1302 1529 capita.
1349 1476 1462 1516 Cum
1505 1476 1618 1516 enim
1665 1484 1844 1530 caput15

472 1547 587 1587 iuxta
619 1547 892 1587 Aristotelem
931 1546 1091 1586 dicatur
1122 1547 1173 1586 ad
1218 1546 1388 1599 aliquid,
1436 1555 1549 1599 patet
1592 1546 1790 1599 sophistis

472 1618 590 1671 quod
612 1631 698 1657 non
718 1617 926 1670 sequitur:
950 1617 1045 1655 Hoc
1068 1624 1207 1669 caput,
1230 1615 1297 1656 hic
1319 1625 1436 1669 pater
1455 1617 1520 1656 vel
1542 1616 1622 1657 hoc
1654 1631 1788 1656 mem-

472 1688 596 1728 brum
628 1695 689 1727 est
719 1686 980 1738 huiusmodi,
1015 1699 1112 1739 ergo
1146 1695 1206 1725 est
1240 1695 1379 1739 caput,
1414 1695 1532 1739 pater
1554 1687 1621 1726 vel
1653 1700 1786 1726 mem-

200 1765 268 1794 The
290 1767 439 1804 difficulty
471 1758 594 1797 brum
616 1756 739 1809 illius,
773 1770 849 1797 nec
867 1756 1072 1810 sequitur:
1098 1757 1190 1796 Hoc
1214 1764 1274 1795 est
1296 1764 1422 1809 caput
1451 1757 1638 1796 naturale
1662 1756 1824 1797 huiusb

217 1807 301 1865 iessig
315 1803 415 1865 &5³33
471 1826 690 1880 capitanei,
725 1826 935 1867 existentis
971 1834 1096 1879 caput
1129 1827 1221 1865 date
1254 1826 1437 1877 ecclesie,
1477 1839 1575 1880 ergo
1613 1826 1695 1866 hoc
1728 1835 1788 1867 est
1805 1844 1845 1866 20

201 1877 434 1969 Ξυῖινεῖιῗῗτῗεξρ
472 1905 598 1950 caput
629 1896 739 1936 illius
781 1897 963 1937 ecclesie.
1009 1897 1106 1935 Non
1143 1895 1257 1935 enim
1294 1904 1460 1948 oportet
1496 1896 1788 1950 equivocando

183 1950 313 2038 ξιῗυῗὲιῗ
328 1948 457 2004 wcitlioiit
471 1966 514 2005 in
548 1966 694 2019 capite,
728 1967 761 2008 si
794 1967 877 2007 hoc
909 1967 960 2006 sit
993 1975 1118 2019 caput
1153 1965 1312 2019 capitis,
1345 1975 1446 2006 tunc
1468 1966 1549 2006 hoc
1583 1975 1644 2007 est
1665 1976 1790 2019 caput

183 2013 456 2075 oiliffethcehiilrffld.
472 2036 761 2091 cuiuscunque
795 2036 963 2090 capitati
994 2037 1045 2076 ab
1075 2036 1147 2075 illo
1181 2035 1326 2089 capite,
1350 2045 1389 2075 et
1416 2036 1791 2090 correspondenter

472 2107 523 2146 de
580 2107 669 2146 aliis
713 2106 925 2147 membris.
971 2107 1169 2155 Quelibet
1221 2106 1334 2145 enim
1378 2120 1472 2159 pars
1523 2105 1827 2160 predestinatio

473 2186 612 2229 potest
650 2177 729 2217 dici
762 2192 856 2231 pars
900 2177 1087 2230 corporis
1120 2176 1303 2228 ecclesie,
1336 2177 1502 2216 nullum
1545 2185 1685 2216 tamen
1730 2184 1791 2215 est
1807 2184 1846 2217 25

474 2247 715 2287 membrum
749 2247 917 2287 ecclesie
950 2246 1029 2285 nisi
1063 2260 1240 2299 persona
1264 2246 1556 2299 predestinata,
1590 2254 1629 2285 et
1651 2245 1789 2285 omnis

474 2317 565 2356 talis
617 2325 677 2357 est
730 2318 973 2357 membrum
1026 2316 1195 2356 ecclesie
1252 2315 1359 2356 sicut
1413 2314 1790 2369 proporcionaliter

474 2386 699 2426 dicendum
733 2396 794 2427 est
824 2387 866 2426 in
898 2387 1088 2426 humano
1128 2399 1314 2439 corpore.
1348 2386 1402 2425 Et
1434 2394 1547 2439 patet
1585 2385 1701 2439 quod
1737 2385 1790 2424 ad

473 2456 673 2496 noticiam
705 2456 814 2496 illius
838 2456 1008 2496 materie
1032 2457 1081 2495 de
1115 2464 1256 2495 sancta
1276 2464 1407 2496 matre
1431 2454 1600 2495 ecclesia
1631 2455 1789 2494 nedum

473 2534 641 2578 oportet
672 2525 774 2565 scire
805 2525 1067 2578 theologiam
1099 2534 1139 2566 et
1160 2525 1249 2565 iura
1264 2525 1478 2578 canonica,
1512 2525 1585 2564 sed
1607 2523 1785 2564 omnino
1801 2534 1844 2568 30

471 2595 666 2649 logicam,
703 2595 907 2649 phisicam
939 2604 979 2636 et
1017 2595 1196 2636 ethicam
1228 2609 1309 2650 que
1343 2609 1489 2635 omnes
1522 2593 1787 2635 subserviunt

524 2741 550 2771 3.
571 2744 598 2770 A
618 2742 648 2771 in
668 2751 785 2778 marga
829 2744 932 2772 Prima
961 2744 1110 2772 obieccio.
1271 2751 1297 2779 7.
1325 2743 1354 2771 A
1380 2743 1409 2770 in
1441 2750 1557 2777 marg.:
1601 2742 1787 2778 Responsio.

473 2796 511 2816 12.
532 2790 726 2824 singillatim:
746 2791 788 2819 ita
808 2792 877 2818 cod.
898 2792 927 2819 A
948 2796 975 2819 et
995 2791 1029 2818 Β.
1049 2793 1104 2826 A2:
1135 2790 1302 2826 sigillatim.
1438 2790 1479 2817 16.
1501 2789 1545 2817 B:
1565 2789 1602 2817 de
1628 2787 1787 2824 sophistis.

474 2844 512 2870 17-
536 2836 575 2863 18.
600 2837 636 2863 13:
659 2837 833 2865 membrum
855 2842 900 2864 est
922 2838 1022 2864 liuius.
1142 2836 1187 2864 28.
1208 2838 1236 2864 A
1257 2837 1285 2864 in
1309 2844 1422 2872 marg.:
1462 2835 1682 2863 Correlarium.
