2051 3273
230 267 318 295 CAP.
336 256 430 313 vin]
738 271 795 301 DE
824 269 1058 301 ECCLEfflA.
1749 273 1818 312 Ι71

77 383 300 421 M152btzcr
351 378 471 414 iuxta
531 375 810 426 apostolicum
855 382 1132 427 preceptum:
1183 376 1305 414 Alter
1358 377 1541 414 alterum

229 445 480 485 existimans
519 446 803 496 superiorem.
849 445 901 484 Et
944 445 1020 484 hec
1051 444 1162 483 racio
1199 443 1263 498 (ut
1294 453 1453 484 tactum
1486 454 1546 484 est

228 514 452 568 superius)⁷
502 527 628 567 quare
671 515 860 553 membra
905 514 1074 553 ecclesie
1118 523 1157 554 et
1194 515 1345 567 gradus
1390 514 1544 567 quibus

228 584 340 623 Deus
372 584 484 636 ipsos
517 582 649 636 diligit
681 593 778 623 sunt
810 584 929 623 nobis
961 584 1216 623 abscondita.

188 668 213 699 d
287 654 451 701 Quarto
496 653 734 692 notandum
781 654 896 706 quod
947 653 1138 693 Christus
1176 653 1321 693 videns
1360 654 1544 693 alienum
1580 662 1822 690 Chrisrsu-eat-

228 723 421 775 spiritum
466 723 508 761 in
553 723 747 762 cordibus
792 723 937 775 templi
982 723 1060 773 sui,
1100 737 1186 762 non
1220 737 1336 763 more
1369 725 1543 777 conqui-
1573 697 1818 766 dissicLirinie‘ssiiiiss-

227 793 415 832 rencium
461 801 591 832 castra
624 806 697 831 sua
732 793 975 845 corporalia,
1017 793 1194 846 disrupit
1232 807 1377 833 muros
1410 794 1544 845 castri,
1645 768 1753 794 bmon.

229 864 298 902 sed
337 862 504 901 hostem
542 862 701 914 expulit
739 862 922 901 alliciens
955 876 1026 902 eos
1057 864 1109 901 ad
1141 863 1425 902 humilitatem
1462 878 1545 916 qua

227 933 394 985 ipsimet
422 940 619 985 superent
652 941 880 986 tyrannum
912 933 985 985 qui
1016 946 1087 972 eos
1110 933 1287 985 turpiter
1318 933 1541 986 superavit.

177 1015 213 1046 N
285 1003 476 1047 Potestis,
509 1001 657 1055 inquit,
691 1002 831 1041 hibere
865 1003 1040 1042 calicem
1075 1016 1197 1055 quem
1231 1016 1311 1056 ego
1334 1003 1544 1042 bibiturus

227 1072 357 1111 sum?
388 1072 448 1110 Ex
471 1085 554 1124 qua
576 1071 909 1123 interrogacione
932 1072 1143 1111 mulcente
1166 1072 1380 1123 docemur,
1405 1072 1543 1125 primo

228 1143 344 1194 quod
396 1151 563 1194 oportet
614 1142 833 1181 victoriam
877 1156 965 1181 esse
1013 1142 1307 1192 voluntariam,
1353 1143 1385 1181 si
1424 1143 1546 1183 debet

226 1226 313 1251 esse
358 1211 584 1262 meritoria,
628 1211 723 1249 ideo
765 1212 901 1264 querit
933 1211 1124 1251 Christus
1163 1213 1214 1251 ab
1253 1212 1310 1251 eis
1343 1213 1544 1263 modeste,

226 1282 258 1320 si
291 1291 468 1334 possunt
500 1281 582 1334 pati
616 1281 851 1320 voluntarie
884 1282 1012 1321 instar
1044 1282 1120 1321 sui.
1155 1282 1349 1321 Secundo
1390 1283 1543 1321 docen-

173 1362 294 1394 15tur
337 1352 458 1392 ceteri
491 1352 671 1404 apostoli
707 1365 793 1390 non
826 1352 1030 1405 indignari
1064 1362 1208 1392 contra
1242 1353 1350 1391 duos
1384 1352 1539 1403 fratres,

227 1436 324 1462 cum
354 1422 553 1461 dominus
576 1436 737 1474 eorum,
772 1432 916 1462 contra
949 1436 1077 1476 quem
1109 1422 1393 1475 principaliter
1424 1436 1542 1461 usur-

227 1501 322 1544 pata
355 1492 432 1531 fuit
463 1491 625 1543 iniuria,
659 1501 746 1531 tam
770 1493 924 1531 urbane
949 1493 1103 1544 optulit
1135 1493 1191 1531 eis
1221 1492 1333 1531 idem
1355 1492 1546 1531 medium

227 1575 312 1615 quo
358 1562 446 1614 ipse
485 1561 636 1601 meruit
669 1562 929 1615 dignitatem.
975 1562 1126 1602 Tercio
1160 1563 1364 1601 docentur
1396 1576 1544 1601 omnes

227 1631 435 1671 christiani
469 1633 585 1684 quod
618 1632 703 1684 pati
735 1642 907 1684 propter
939 1632 1148 1671 iusticiam
1180 1632 1231 1672 sit
1263 1632 1546 1671 necessarium

169 1720 210 1741 20
229 1701 397 1740 cuilibet
443 1701 599 1740 volenti
646 1701 831 1740 beatifice
865 1702 1072 1754 premiari,
1119 1715 1217 1741 cum
1250 1702 1449 1741 dominus
1482 1701 1543 1740 in-

225 1770 345 1809 cessit
392 1784 464 1823 per
503 1784 724 1810 summum
756 1771 933 1822 gradum
965 1771 1075 1809 illius
1108 1771 1256 1822 medii3
1296 1771 1390 1811 ideo
1423 1781 1545 1811 vocat

226 1839 417 1880 Christus
449 1840 529 1879 hoc
563 1839 825 1893 singulariter
857 1855 983 1880 suum
1016 1840 1199 1879 calicem.

188 1927 209 1951 e
284 1910 445 1958 Quinto
497 1910 698 1961 docemur
748 1911 969 1963 quomodo
1023 1910 1215 1950 Christus
1267 1924 1352 1948 non
1407 1920 1545 1963 potest
1559 1924 1606 1951 He
1622 1924 1834 1952 refusedmeir

226 1979 309 2018 suis
343 1978 516 2018 deficere
549 1979 588 2018 in
624 1981 895 2019 concedendo
919 1980 1147 2033 privilegiu,
1178 1989 1217 2019 et
1240 1990 1546 2033 consequenter
1589 1964 1720 2028 2:1³1?th
1738 1960 1799 2021 tilii}

169 2059 208 2090 25
227 2050 463 2089 mercedem
516 2064 561 2088 ex
615 2064 763 2089 eorum
816 2063 895 2089 usu
949 2060 1208 2103 sequentem,
1262 2065 1359 2090 cum
1405 2050 1545 2089 statim
1572 2030 1665 2091 dit-¹1¹3&
1682 2030 1819 2099 fiisosslss.

227 2129 321 2171 post
372 2119 576 2158 humilem
631 2133 886 2159 consensum
938 2119 1169 2160 fraternum
1214 2134 1300 2173 quo
1352 2120 1544 2159 dixerunt

219 2202 465 2241 possumus,
509 2189 648 2228 statim
683 2190 907 2229 concessit:
956 2191 1134 2230 calicem
1187 2190 1355 2243 quidem
1403 2203 1542 2229 meum

136 2258 384 2309 1522bibetis‚
419 2258 488 2297 ubi
522 2272 608 2298 non
634 2258 657 2281 ²³³
678 2259 773 2298 licet
811 2259 922 2298 fideli
953 2260 1163 2313 ¹ambigere
1197 2261 1298 2313 quin
1339 2260 1545 2300 concessit

226 2329 392 2367 duobus
436 2327 628 2367 frutribus
673 2342 780 2381 quos
831 2328 947 2380 prius
992 2329 1236 2381 gratificavit
1280 2329 1544 2382 privilegium

170 2408 211 2439 30
228 2397 449 2451 singulare.
510 2398 549 2437 Si
608 2398 720 2437 enim
777 2398 927 2437 terreni
978 2408 1114 2451 patres
1173 2408 1380 2438 noverunt
1433 2400 1544 2439 bona

227 2468 321 2506 data
365 2467 460 2506 dare
491 2466 585 2505 filiis
618 2467 716 2517 suis,
764 2476 922 2520 quanto
963 2469 1056 2520 plus
1095 2477 1211 2521 pater
1243 2469 1402 2521 primus
1447 2480 1544 2522 post

226 2546 313 2576 tam
358 2536 586 2589 gloriosam
632 2535 853 2576 victoriam
908 2551 1035 2590 quarn
1086 2551 1158 2589 per
1210 2538 1312 2577 alios
1357 2538 1452 2578 fecit
1501 2539 1542 2578 in

226 2606 458 2658 principem
508 2606 630 2645 huius
676 2603 848 2645 mundi?
911 2608 995 2646 Lex
1049 2621 1147 2660 ergo
1203 2608 1364 2660 privata
1415 2623 1543 2661 quam

226 2676 419 2728 princeps
472 2675 597 2727 paciS,
657 2684 696 2714 et
746 2689 820 2727 per
871 2689 1133 2729 consequens
1186 2678 1321 2717 tocius
1374 2679 1543 2719 ecclesie

172 2753 209 2784 35
228 2745 431 2784 concessit
475 2745 552 2783 hiis
597 2744 787 2784 fratribus
821 2746 871 2783 ad
916 2747 1195 2786 commodum
1228 2761 1375 2787 eorum
1413 2749 1541 2788 maxi-

280 2900 308 2927 9.
330 2893 358 2918 A
378 2892 432 2925 AX:
453 2891 582 2927 turpiter
613 2897 769 2927 superant.
913 2893 958 2920 26.
992 2895 1020 2920 A
1048 2896 1104 2927 Al:
1138 2903 1311 2922 assensum.
