2051 3273
262 215 341 265 544
976 225 1197 258 JOHANNIS
1222 226 1418 259 WYCLIF.
1635 214 1738 272 [CAP.
1763 225 1858 256 xxn.

258 329 699 399 Asshteodgffffwssordicitur
722 329 831 367 enim
857 329 971 382 quod
996 330 1101 368 alius
1133 340 1191 368 est
1215 344 1334 369 amor
1357 331 1420 369 vel
1445 330 1615 369 affeccio
1641 333 1856 384 naturalis,
1875 342 1956 376 202d
1977 344 2005 377 S

256 406 529 468 ffeffsxtvggrslussagtalirsahl
549 398 663 450 quali
699 397 894 437 Christus
931 399 1064 438 voluit
1098 400 1234 438 vivere
1269 408 1309 438 et
1343 413 1426 438 non
1462 401 1583 451 mori,
1619 414 1714 439 curn
1750 403 1856 441 Mat-

281 474 505 537 aflcfieecltiffgassgd
546 468 630 507 thei
664 468 823 506 XXV10
858 468 977 506 dicit:
1021 468 1343 521 Verumptamen
1378 482 1461 508 non
1494 470 1603 508 sicut
1633 483 1713 523 ego
1749 471 1856 520 volo,

311 543 482 580 iudgment-
543 537 621 575 sed
662 536 771 576 sicut
813 543 857 575 tu
903 537 976 576 vis.
1026 538 1077 576 Et
1127 538 1196 577 tali
1242 538 1466 577 affeccione
1501 539 1679 577 naturali
1721 540 1857 579 doluit

545 615 679 644 mater
731 607 819 645 eius
866 620 941 659 pro
986 615 1121 645 morte
1169 606 1242 646 filii
1292 608 1508 647 naturalis.
1554 608 1640 646 Nec
1686 608 1890 653 evidens5

546 675 662 727 quod
709 675 748 714 in
799 675 877 714 hoc
925 676 1124 727 peccavit,
1175 676 1283 715 sicut
1322 690 1398 716 nec
1433 676 1642 728 Christus,
1685 679 1857 731 quando

544 758 620 797 pro
654 745 814 784 Lazaro
848 746 1044 798 ploravit.
1092 745 1184 785 Alia
1219 754 1361 785 autern
1395 755 1456 785 est
1495 746 1664 786 affeccio
1705 748 1857 787 delibe-

544 815 675 853 rativa
723 827 807 867 qua
854 828 938 854 non
986 823 1047 855 est
1085 816 1317 854 dolendum
1358 816 1429 855 sed
1486 817 1760 867 gaudendum
1806 817 1856 855 de

544 884 752 923 mortibus
813 885 1169 938 propinquorum.
1238 885 1306 928 Sic
1361 885 1472 924 enim
1527 884 1738 937 Christus,
1798 887 1856 926 sic

543 954 701 993 Paulus
753 964 792 993 et
846 955 970 994 ceteri
1018 955 1207 994 martires
1258 956 1503 1007 gaudebant
1555 955 1606 994 de
1659 969 1766 1009 pena
1817 965 1915 998 et1o

543 1032 678 1063 morte
733 1024 915 1077 propria,
962 1033 1001 1064 et
1052 1025 1108 1063 sic
1162 1033 1331 1077 oportet
1383 1037 1555 1063 omnem
1608 1025 1855 1065 salvandum

543 1094 739 1144 gaudere.
795 1094 894 1132 Ideo
949 1092 1235 1133 necessarium
1290 1103 1352 1133 est
1405 1094 1643 1134 christianis
1697 1095 1856 1134 discere

544 1164 765 1216 quomodo
799 1164 956 1202 debent
988 1165 1118 1215 mori3
1143 1164 1317 1216 quando
1353 1176 1452 1216 ergo
1485 1164 1580 1217 quis
1614 1164 1707 1216 plus
1743 1164 1857 1204 dolet

542 1242 717 1285 propter
761 1233 1034 1271 amissionem
1077 1233 1176 1272 boni
1216 1233 1331 1273 utilis
1365 1234 1429 1272 vel
1463 1234 1561 1272 boni
1596 1233 1856 1273 delectabilis

543 1303 786 1354 temporalis
809 1302 849 1341 in
870 1312 1006 1342 morte
1031 1303 1212 1355 proximi
1235 1316 1363 1356 quam
1389 1312 1563 1356 propter
1585 1302 1857 1343 amissionem
1877 1314 1913 1345 15

544 1373 643 1411 boni
688 1372 800 1412 utilis
835 1373 974 1411 anime
1008 1372 1197 1412 defuncti
1232 1382 1271 1412 et
1304 1373 1499 1412 utilitatis
1536 1373 1721 1425 ecclesie,
1756 1382 1856 1413 tunc

543 1452 689 1494 peccat
721 1442 895 1481 indubie
927 1443 1020 1495 plus
1054 1443 1118 1481 vel
1152 1443 1306 1494 minus,
1341 1443 1450 1482 sicut
1483 1443 1549 1483 ille
1583 1452 1729 1495 peccat
1763 1457 1854 1496 gra-

542 1513 634 1551 vius
669 1513 741 1565 qui
774 1521 948 1564 propter
981 1512 1252 1552 amissionem
1288 1512 1444 1552 amoris
1477 1525 1604 1565 quern
1639 1513 1765 1552 habet
1805 1513 1856 1551 ad

278 1594 404 1623 Natural
425 1595 505 1631 grief
543 1582 733 1620 seculum
794 1582 908 1621 dolet
962 1583 1012 1620 de
1061 1590 1196 1621 morte
1241 1583 1425 1635 propria.
1473 1583 1527 1621 Et
1579 1592 1695 1635 patet
1739 1583 1855 1635 quod

277 1630 511 1701 cgssfflffegeby
544 1652 748 1691 debemus
812 1653 1046 1691 secundum
1112 1653 1325 1691 racionem
1389 1665 1589 1705 superare
1647 1652 1913 1704 impetum20

333 1708 456 1728 ‘eamn'
543 1722 681 1762 anime
727 1722 977 1771 naturalem,
1025 1721 1133 1760 sicut
1186 1730 1249 1760 est
1300 1721 1402 1760 mihi
1453 1722 1680 1760 verisimile
1740 1721 1855 1774 quod

544 1800 676 1831 mater
716 1792 877 1830 domini
918 1791 1127 1842 mitigavit
1171 1804 1217 1830 ex
1252 1792 1432 1843 integro,
1468 1800 1508 1830 et
1542 1790 1737 1830 Christus
1772 1804 1856 1830 non

544 1861 698 1900 directe
740 1861 925 1915 ploravit
966 1875 1042 1914 pro
1076 1870 1212 1900 morte
1249 1861 1395 1900 Lazari
1429 1874 1556 1914 quem
1591 1861 1857 1899 necessitavit

546 1931 595 1970 ad
648 1932 825 1983 gloriam
887 1945 1005 1970 suam
1057 1932 1178 1979 mori,
1234 1931 1304 1969 sed
1359 1930 1492 1969 doluit
1546 1943 1622 1982 pro
1683 1939 1856 1983 peccato

552 2001 725 2039 humani
760 2002 937 2052 generis,
973 2014 1046 2050 pro
1080 2013 1166 2053 quo
1206 2000 1397 2052 oportuit
1444 2000 1540 2039 talia
1581 2009 1620 2039 et
1660 2008 1722 2039 tot
1757 2000 1914 2052 pati.25

555 2070 676 2110 Unde
710 2085 758 2109 ex
790 2070 966 2109 concilio
1000 2070 1211 2109 Toletano
1248 2069 1332 2116 Qui
1359 2069 1499 2108 divina
1538 2070 1596 2109 sic
1640 2069 1856 2109 scribitur:

542 2140 736 2180 Prohibet
769 2154 844 2180 nos
876 2147 1049 2179 sanctus
1083 2140 1312 2191 Apostolus
1346 2138 1512 2179 dicens:
1542 2139 1610 2179 De
1643 2138 1854 2178 dormien—

542 2211 652 2250 tibus
698 2211 795 2249 nolo
840 2223 911 2249 vos
959 2209 1207 2248 contristari
1249 2209 1357 2248 sicut
1390 2215 1428 2247 et
1459 2209 1588 2248 ceteri
1624 2209 1698 2261 qui
1735 2221 1852 2261 spem

544 2294 626 2319 non
660 2280 822 2319 liabent.
857 2279 912 2318 Et
934 2279 1128 2318 dominus
1159 2278 1251 2318 Jolz.
1281 2278 1367 2316 XI0
1392 2292 1474 2318 non
1494 2278 1619 2330 flevit
1642 2279 1854 2332 Lazarum

544 2356 773 2400 mortuum,
821 2349 896 2388 sed
932 2350 990 2388 ad
1028 2349 1152 2388 huius
1187 2349 1265 2388 vite
1303 2362 1538 2401 erumpnas
1568 2348 1763 2400 ploravit
1790 2361 1854 2386 re·
1872 2354 1913 2386 30

542 2419 850 2459 suscitandum.
887 2418 931 2457 Si
960 2425 1101 2458 autem
1127 2425 1267 2471 potest
1299 2419 1375 2458 lzoc
1406 2419 1628 2471 episcopus
1661 2417 1855 2457 omnibus

543 2489 787 2528 christianis
812 2488 1055 2541 prohibere,
1091 2501 1172 2528 non
1209 2495 1414 2528 moretur.

595 2646 614 2664 1.
638 2639 681 2665 A:
703 2638 786 2672 quod
809 2637 929 2674 aliquis.
1053 2645 1086 2664 11.
1107 2637 1152 2664 A:
1174 2642 1201 2664 et
1222 2638 1312 2665 sicut.
1431 2643 1473 2663 22.
1495 2637 1522 2663 A
1544 2636 1565 2663 Β
1586 2636 1616 2662 in
1638 2642 1753 2669 marg.:
1775 2634 1855 2662 Nota

543 2684 580 2710 de
602 2683 672 2711 fletu
695 2684 824 2713 Christi.
972 2683 1013 2711 23.
1036 2690 1082 2717 24.
1104 2683 1148 2710 A:
1170 2683 1329 2710 nunciavit
1349 2683 1385 2710 ad
1408 2683 1548 2717 gloriam.
1705 2679 1742 2708 3¹.
1766 2688 1856 2716 agere

546 2739 605 2757 non
629 2735 768 2758 moretur
787 2731 818 2758 in
841 2731 956 2758 decret.

603 2848 655 2881 26.
684 2851 797 2882 Causa
820 2850 906 2891 XIII,
932 2860 965 2892 q.
993 2849 1031 2889 ΙΙ,
1058 2859 1131 2889 cap.
1159 2848 1308 2881 XXVIII.
