2051 3273
243 235 331 264 CAP.
347 224 443 283 xm]
742 239 801 271 DE
828 239 1061 272 ECCLESIA.

92 342 460 396 G169⁵comedent
506 348 545 382 et
589 343 719 383 nichil
761 344 883 383 aliud
928 345 1139 395 accipient
1183 344 1234 383 de
1272 345 1549 395 possessione

228 413 429 466 fratrum
462 422 663 452 suorum:
726 413 940 452 Dominus
972 414 1083 453 enim
1119 413 1208 465 ipse
1242 419 1302 453 est
1333 413 1548 452 hereditas

241 494 407 530 eorum,
452 482 562 521 sicut
595 481 760 522 locutus
793 489 852 522 est
886 482 984 522 illis.
1018 483 1071 522 Et
1102 482 1159 521 sic
1191 482 1378 535 intelligo
1420 482 1547 534 scrip-

240 560 378 591 turam
401 563 559 590 sacram
591 550 765 590 Numeri
786 552 954 602 XV1110‚
989 563 1056 602 20,
1081 565 1178 590 cum
1207 551 1374 591 dicitur:
1405 551 1548 590 Dixit-

206 632 321 674 5que
372 620 569 659 dominus
612 619 669 659 ad
718 621 888 660 Aaron:
937 620 988 659 In
1042 627 1163 660 terra
1216 633 1365 660 eorum
1419 621 1550 659 nichil

233 690 507 742 possidebitis
536 703 611 729 nec
632 689 837 729 habebitis
862 697 1035 742 partem
1069 691 1181 730 inter
1214 703 1298 741 eos,
1334 703 1413 743 ego
1439 703 1549 741 pars

240 766 278 798 et
327 759 544 798 hereditas
593 766 680 798 tua.
749 759 962 798 Haberent
1012 767 1154 799 autem
1206 761 1439 799 sacerdotes
1499 760 1549 798 de

240 827 410 880 optimis
453 828 717 868 vescibilibus
767 827 853 867 sine
905 828 1183 868 sollicitudine
1235 827 1299 883 (ut
1338 837 1451 881 patet
1502 842 1549 867 ex

240 897 373 936 Exodi
413 897 543 949 X1X0‚
584 896 756 936 Levitici
795 897 832 936 ΙΟ
865 906 904 937 et
942 898 1017 939 IVO
1055 907 1094 937 et
1138 898 1326 951 capitulis
1372 912 1548 951 sequen-

186 988 224 1010 ιο
240 967 383 1020 tibus).
446 967 508 1006 Ex
551 966 637 1006 istis
682 975 820 1019 potest
858 967 998 1019 colligi
1043 968 1258 1007 conclusio
1302 969 1419 1021 quod
1456 982 1548 1007 mo-

241 1037 366 1076 derna
418 1036 513 1076 cleri
571 1036 736 1076 dotacio
789 1050 874 1076 non
933 1045 995 1076 est
1053 1036 1275 1076 fundabilis
1326 1037 1365 1076 in
1419 1037 1548 1077 altero

240 1114 505 1146 testamento,

200 1194 225 1219 a
299 1175 494 1215 Secundo
539 1175 822 1228 principaliter
865 1175 1045 1216 obicitur
1076 1190 1148 1228 per
1178 1176 1258 1215 hoc
1291 1177 1405 1229 quod
1454 1177 1549 1216 dare

239 1245 498 1298 aliquantam
542 1246 816 1285 elemosinam
862 1259 937 1298 pro
988 1246 1205 1299 aliquanto
1254 1255 1444 1298 tempore
1490 1256 1550 1286 est

185 1325 221 1357 15
239 1328 336 1354 cum
368 1315 537 1367 paribus
560 1314 734 1354 alicuius
758 1315 915 1366 meriti;
948 1315 1044 1354 dare
1073 1328 1170 1354 cum
1192 1315 1360 1368 paribus
1390 1324 1549 1355 tantam

237 1384 304 1423 vel
347 1383 552 1423 maiorem
596 1383 868 1424 elemosinam
914 1397 987 1437 per
1030 1394 1198 1437 tempus
1242 1384 1404 1424 diucius
1443 1384 1549 1424 foret

239 1453 374 1493 meriti
396 1453 627 1506 amplioris,
662 1462 701 1493 et
732 1467 806 1506 per
828 1466 1090 1506 consequens
1116 1467 1193 1506 pro
1226 1463 1416 1507 tempore
1448 1454 1549 1507 legis

242 1523 388 1576 gracie,
437 1524 608 1576 quando
654 1523 775 1562 debet
826 1537 913 1563 esse
963 1523 1338 1576 superhabundans
1390 1524 1548 1574 caritas,

241 1592 362 1632 debet
404 1592 490 1631 dari
533 1592 763 1632 elemosina
806 1592 1037 1645 largissima
1083 1593 1225 1646 quoad
1271 1593 1549 1646 quantitatem

183 1684 225 1705 20
242 1662 438 1713 muneris,
472 1662 613 1715 quoad
634 1661 866 1701 libertatem
893 1662 1138 1701 donacionis
1163 1672 1202 1702 et
1225 1663 1366 1715 quoad
1389 1662 1546 1702 diutur-

239 1731 412 1771 nitatem
443 1731 659 1784 temporis.
715 1731 796 1770 Sed
841 1730 906 1770 cui
951 1732 1157 1770 donarent
1201 1731 1293 1770 laici
1326 1731 1403 1770 nisi
1440 1732 1547 1771 clero

239 1801 392 1841 Christi
424 1815 447 1840 a
479 1814 564 1854 quo
598 1800 803 1854 recipiunt
836 1800 1084 1840 elemosinas
1125 1798 1374 1853 ampliores?
1436 1802 1548 1853 Ergo

239 1870 371 1910 sancti
418 1884 534 1924 reges
581 1879 621 1910 et
663 1870 822 1923 prelati,
867 1871 979 1922 leges
1017 1870 1186 1910 ecclesie
1219 1880 1257 1910 et
1289 1870 1548 1910 ostensiones

237 1940 425 1980 miraculi
458 1941 612 1980 docent
633 1954 731 1980 cum
753 1940 920 1980 racione
944 1941 994 1980 de
1016 1939 1250 1980 maioritate
1272 1940 1408 1980 meriti
1433 1940 1549 1992 quod

179 2020 218 2052 25
237 2011 328 2050 talis
373 2010 539 2050 dotacio
574 2009 742 2049 ecclesie
788 2009 838 2049 sit
876 2009 1088 2049 meritoria
1126 2010 1362 2063 utrobique.
1427 2009 1548 2059 Quis,

195 2079 423 2133 binquam‚
476 2079 637 2119 dubitat
681 2078 796 2133 quin,
859 2079 891 2118 si
931 2080 1077 2119 Petrus
1129 2076 1362 2119 meritorie
1391 2078 1549 2118 dederit

237 2148 512 2189 elemosinam
544 2159 596 2200 et,
630 2157 791 2188 servato
815 2148 980 2200 merito,
1010 2148 1339 2202 superaddiderit
1364 2162 1546 2201 quomo-

236 2219 394 2258 dolibet
438 2218 712 2258 elemosinam
752 2218 1015 2271 ampliorem,
1050 2219 1151 2272 quin
1185 2219 1317 2258 eciam
1350 2226 1548 2257 cresceret

234 2289 432 2328 meritum
463 2285 758 2341 aggregatum?

181 2366 219 2399 H
292 2357 372 2397 Hic
404 2357 553 2397 dicitur
585 2358 853 2397 concedendo
887 2357 1068 2410 primam
1108 2356 1444 2397 conclusionem:
1498 2370 1546 2396 eo

235 2428 350 2481 quod
373 2426 555 2480 apostoli
580 2435 619 2466 et
640 2427 708 2466 alii
732 2427 910 2466 cariores
940 2427 1094 2467 Christi
1117 2425 1310 2479 discipuli
1342 2427 1546 2465 dederunt

234 2496 378 2536 omnia
410 2510 484 2535 sua
516 2496 777 2549 temporalia,
812 2497 1029 2549 sequendo
1063 2495 1280 2536 Christum
1302 2494 1344 2533 in
1368 2508 1544 2548 evange-

233 2565 314 2605 lica'
342 2574 601 2618 paupertate,
645 2564 701 2604 ita
745 2566 861 2618 quod
894 2578 968 2604 nec
1001 2564 1120 2605 dacio
1153 2578 1228 2604 nec
1260 2564 1451 2617 recepcio
1485 2574 1544 2604 est

283 2767 308 2787 2.
329 2760 371 2787 B:
392 2759 553 2788 fratruum.
686 2768 720 2787 ιι.
741 2759 944 2795 Ain1na1·g.:
968 2758 1146 2787 Conclusio,
1281 2756 1317 2785 13.
1340 2758 1412 2785 Ain
1429 2766 1546 2793 marg.:

233 2804 356 2834 Contra.
384 2805 529 2834 Secunda
555 2805 705 2833 obieccio.
848 2813 891 2840 14.
914 2806 943 2833 A
962 2806 993 2833 in
1020 2813 1135 2840 marga
1164 2804 1290 2832 Nesciat
1316 2804 1440 2832 sinistra
1471 2805 1545 2840 quid

232 2851 323 2879 faciat
344 2852 460 2880 dextra.
602 2850 649 2879 30.
670 2852 699 2879 A
717 2850 747 2879 in
770 2859 884 2886 marga
904 2851 1087 2887 Responsio.

1753 230 1831 270 285

1565 1203 1590 1223 2.
1611 1196 1635 1223 It
1655 1196 1680 1224 is
1696 1195 1837 1232 objected

1564 1233 1596 1263 a)
1609 1231 1673 1259 that
1690 1232 1740 1258 the
1753 1240 1839 1258 more

1589 1267 1637 1293 llie
1658 1267 1746 1302 alius,
1767 1268 1818 1294 the

1605 1307 1727 1336 greater
1746 1302 1798 1328 the

1638 1335 1768 1373 charity,

1594 1613 1623 1647 b)
1642 1612 1706 1641 that
1726 1613 1803 1641 alnis

1565 1656 1621 1676 can
1642 1649 1679 1675 be
1701 1649 1791 1682 given
1809 1654 1837 1676 10

1600 1691 1681 1710 none
1701 1684 1800 1711 better

1605 1718 1676 1745 than
1697 1723 1729 1745 to
1748 1718 1800 1745 the

1645 1755 1757 1789 clergy.

1625 2377 1776 2403 Answer:

1563 2412 1595 2442 a)
1615 2409 1711 2446 True,
1742 2409 1767 2437 if
1789 2409 1838 2436 the

1563 2445 1640 2473 alins
1661 2453 1711 2472 are
1726 2444 1839 2480 rightly

1620 2480 1778 2514 directed3
