2051 3273
229 200 308 249 534
936 201 1159 234 JOHANNIS
1188 199 1382 231 WYCLIF.
1602 185 1707 242 [CAP.
1728 194 1823 223 xxu.

515 311 581 350 ubi
608 307 765 364 supra).
802 309 853 348 Et
886 316 1002 361 patet
1035 306 1149 359 quod
1175 305 1385 344 Traianus
1411 304 1588 343 decessit
1620 304 1660 342 in
1684 304 1824 356 gracia
1840 316 1920 345 201⁰
1943 313 1974 345 L

515 379 908 433 predestinacionis,
957 390 1031 415 nec
1078 375 1220 415 audivi
1267 387 1440 414 suasum
1480 374 1594 426 quod
1637 387 1721 412 non
1755 372 1821 411 de-

515 450 636 488 cessit
668 449 709 487 in
743 448 882 500 gracia
906 446 1141 486 secundum
1172 453 1410 497 presentem
1445 443 1668 482 iusticiam.
1705 443 1827 482 Multi

253 531 415 570 Men-may
438 531 472 557 be
518 519 628 557 enim
689 526 801 556 extra
853 516 1108 555 iudaismum
1172 522 1287 552 erant
1347 512 1540 552 catholici
1594 510 1661 566 (ut
1712 521 1828 565 patet

228 565 501 639 ξῖῐιῖιῗιεῖἑξῗὲοὲἓ
519 589 567 627 de
601 588 693 639 Job,
741 588 791 626 de
825 585 1199 637 Nabugodonosor
1239 592 1278 622 et
1319 583 1375 621 eis
1410 580 1654 636 similibus),
1700 592 1740 621 et
1772 583 1862 623 sies

303 635 432 662 mmm*
520 668 580 697 est
613 658 662 696 de
696 656 840 696 multis
875 668 981 708 quos
1006 663 1180 706 propter
1204 652 1545 705 solempnitatem
1571 652 1673 692 ritus
1698 652 1829 690 nostri

520 727 783 767 decernimus
818 738 905 764 esse
940 724 1054 763 foris.
1102 724 1210 762 Nam
1245 722 1371 761 corde
1407 721 1592 761 creditur
1624 722 1675 760 ad
1709 721 1826 760 iusti-

522 798 643 849 ciam,
690 805 730 835 et
769 796 810 835 in
853 795 925 834 tali
964 793 1129 833 iusticia
1169 793 1377 831 decedens
1423 801 1484 831 est
1529 805 1622 830 vere
1662 791 1832 830 ecclesie

522 867 631 906 filius
666 874 706 905 et
738 865 908 905 flamine
942 864 1194 916 baptizatus.

578 937 665 976 Nec
705 936 788 974 vidi
828 948 1001 974 suasum
1036 933 1151 986 quod
1193 934 1338 971 beatus
1375 931 1605 983 Gregorius
1646 930 1888 984 peccavitM

524 1009 562 1046 in
604 1014 813 1059 quantum
853 1004 931 1043 hoc
965 1003 1104 1056 peciit,
1154 1015 1249 1041 curn
1296 1000 1453 1040 factum
1491 1001 1566 1039 Dei
1606 1001 1646 1039 in
1687 1013 1832 1039 conce-

524 1077 662 1115 dendo
693 1074 879 1114 ostendit
901 1073 981 1112 hoc
1006 1072 1132 1112 fuisse
1156 1072 1315 1110 iustum
1340 1079 1380 1110 et
1395 1071 1484 1109 Deo
1511 1070 1834 1123 beneplacitum.

524 1147 623 1185 Ideo
656 1147 689 1184 si
722 1153 890 1183 sanctus
923 1156 1032 1196 papa
1063 1141 1253 1194 peccavit
1286 1141 1327 1179 in
1359 1140 1416 1178 sic
1441 1140 1615 1191 orando,
1650 1140 1728 1179 hoc
1759 1138 1837 1178 fuit

526 1216 623 1269 quia
656 1214 806 1254 defecit
845 1213 886 1251 in
928 1212 1070 1263 modo,
1121 1221 1166 1251 ut
1215 1219 1331 1263 puta,
1367 1209 1591 1248 affeccione
1635 1209 1837 1260 singulari

527 1297 651 1324 suum
697 1283 887 1323 studium
931 1280 1194 1333 occupando,
1243 1279 1439 1331 suffragia
1486 1278 1657 1318 ecclesie
1705 1278 1838 1330 magis
1857 1285 1892 1317 15

529 1355 645 1394 utilia
700 1352 969 1405 dimittendo,
1030 1351 1094 1389 vel
1147 1351 1187 1389 in
1240 1349 1318 1388 alia
1373 1349 1443 1388 tali
1497 1348 1836 1399 circumstancia‚

529 1433 700 1478 propter
733 1423 848 1476 quod
881 1422 931 1460 acl
966 1421 1029 1460 sui
1064 1419 1262 1459 meritum
1297 1418 1587 1471 temporaliter
1621 1427 1681 1457 est
1714 1419 1836 1470 puni-

239 1517 264 1543 Π
284 1523 354 1551 may
378 1515 415 1541 be
437 1504 609 1548 sighttus.
644 1493 768 1533 Unde
801 1505 899 1544 sepe
934 1490 1111 1542 contigit
1144 1488 1362 1528 hominem
1397 1488 1546 1527 mereri
1580 1488 1622 1526 in
1656 1488 1837 1527 volendo

266 1549 442 1577 foraman
465 1554 496 1574 10
946 1561 952 1567 .
1721 1557 1727 1563 ,

250 1582 496 1612 askwliatGod
530 1573 569 1603 et
613 1562 774 1602 orando
819 1574 896 1614 pro
945 1561 1015 1599 1110
1062 1559 1178 1613 quod
1216 1559 1329 1598 Deus
1375 1571 1457 1597 non
1505 1558 1593 1597 vult
1641 1555 1745 1609 fieri,
1794 1565 1838 1596 ut

249 1619 309 1646 ΨΜ
331 1624 384 1646 nor
405 1622 503 1653 gram·
530 1641 645 1687 patet
679 1633 729 1672 de
762 1631 935 1670 stimulo
971 1630 1105 1669 carnis
1140 1642 1217 1681 pro
1252 1628 1371 1667 cuius
1411 1627 1585 1667 decessu
1620 1628 1839 1680 apostolus
1858 1643 1899 1665 20

531 1703 695 1755 rogavit
717 1711 779 1741 ter
802 1701 1024 1740 dominum
1043 1697 1110 1752 (ut
1141 1706 1257 1751 patet
1290 1698 1345 1737 IIa
1368 1696 1465 1737 Cor.
1500 1695 1632 1751 X110),
1666 1707 1704 1737 et
1745 1710 1841 1749 sepe

532 1772 738 1823 contingit
777 1770 995 1809 hominem
1048 1769 1254 1820 laborare,
1299 1780 1420 1806 orare
1474 1776 1514 1806 et
1561 1766 1695 1806 facere
1739 1766 1842 1805 illud

532 1842 647 1895 quod
692 1841 806 1880 Deus
851 1841 940 1879 vult
985 1838 1090 1890 fieri,
1145 1847 1184 1878 et
1238 1846 1380 1877 tamen
1434 1850 1609 1890 peccare
1662 1837 1844 1888 graviter

534 1920 707 1966 propter
740 1910 952 1950 defectum
988 1909 1103 1948 modi
1137 1908 1305 1960 agendi,
1331 1908 1440 1947 sicut
1472 1906 1665 1946 meminit
1700 1909 1843 1958 Augu-

534 1983 683 2033 stinus,
706 1980 842 2020 XXIIO
867 1980 928 2018 De
949 1978 1130 2018 Civitate
1155 1978 1244 2029 Dei,
1270 1978 1393 2029 capit.
1420 1976 1494 2015 110:
1521 1977 1675 2025 Multa,
1692 1975 1842 2027 inquit,
1862 1980 1901 2012 25

535 2051 805 2104 voluntfierz'
834 2049 971 2090 sancti
1002 2049 1091 2088 eius
1122 2048 1174 2087 ab
1199 2048 1271 2086 illo
1295 2047 1503 2099 inspirata
1527 2052 1675 2085 sancta
1698 2044 1845 2084 volun-

538 2128 635 2171 tate,
668 2134 743 2161 nec
760 2121 902 2174 fiunt‚·
923 2120 1034 2159 sicut
1055 2125 1180 2157 orant
1201 2130 1286 2170 pro
1308 2116 1562 2169 quibusdam
1588 2115 1660 2168 pie
1682 2120 1844 2155 sancte-

536 2204 631 2245 que,
671 2197 710 2231 et
741 2190 854 2244 quod
891 2195 1018 2228 orant
1056 2200 1136 2227 non
1165 2187 1292 2241 facit,
1328 2199 1423 2225 cum
1459 2186 1546 2238 ipSe·
1580 2186 1621 2224 in
1651 2185 1709 2224 eis
1737 2185 1847 2223 hanc

537 2260 693 2301 orandi
724 2262 979 2299 voluntatem
1013 2264 1159 2297 sancto
1191 2256 1343 2309 spiritu
1384 2268 1460 2295 suo
1478 2255 1653 2309 fecerit.
1700 2254 1754 2292 Et
1786 2253 1845 2291 vi-

539 2331 660 2370 detur
693 2328 984 2382 equivocando
1018 2327 1067 2366 de
1090 2327 1210 2378 velle,
1247 2327 1383 2364 Deum
1407 2326 1509 2364 velle
1543 2325 1584 2363 in
1617 2324 1707 2363 aliis
1731 2323 1846 2377 quod
1862 2328 1904 2361 30

541 2414 621 2439 non
647 2400 735 2438 vult
767 2400 806 2437 in
841 2412 883 2437 se
908 2398 1012 2450 ipso.
1048 2398 1191 2435 Movet
1213 2409 1312 2448 ergo
1339 2396 1452 2435 Deus
1476 2394 1600 2434 corda
1625 2393 1845 2433 hominum

540 2471 591 2509 ad
636 2481 747 2508 nunc
781 2467 971 2507 modeste
1005 2466 1213 2506 orandum
1261 2479 1336 2518 pro
1382 2465 1452 2504 illo
1485 2464 1598 2517 quod
1639 2462 1728 2516 ipse
1763 2463 1849 2501 vult

541 2539 645 2590 fieri,
695 2548 733 2579 et
781 2550 894 2577 nunc
939 2550 1015 2590 pro
1060 2536 1130 2575 illo
1175 2535 1290 2588 quod
1334 2534 1422 2586 ipse
1471 2547 1554 2572 non
1600 2532 1690 2572 vult
1737 2531 1848 2581 fieri·‚

595 2706 632 2727 21.
654 2698 694 2726 B:
716 2698 741 2725 11
761 2698 855 2725 deest.
947 2695 992 2723 28.
1014 2695 1047 2722 B:
1070 2703 1131 2722 non
1146 2695 1272 2722 faciunt.
1360 2692 1400 2721 25.
1422 2694 1449 2720 A
1463 2693 1492 2720 in
1510 2700 1622 2727 marg.:
1645 2690 1849 2725 Augustinus.

601 2815 652 2848 25.
679 2816 767 2858 Aug.
794 2815 886 2858 Opp.
913 2822 996 2846 tom.
1024 2814 1096 2854 VII,
1123 2823 1201 2856 pag.
1229 2810 1308 2845 656.
