2051 3273
261 226 349 254 CAP.
371 214 468 272 xm]
750 227 809 258 DE
837 225 1070 257 ECCLEslA.
1771 218 1849 269 327

107 346 147 379 X
166 343 243 388 174<l
258 334 311 372 ris
327 332 519 384 dominii;
541 345 638 383 ergo
656 331 828 385 quilibet
843 329 1018 383 simplex
1040 330 1229 368 sacerdos
1244 329 1367 368 habet
1390 329 1561 368 titulum

259 405 307 442 de
329 403 416 442 iure
431 403 482 441 ad
504 401 810 440 dominandum
833 399 1068 439 seculariter
1084 399 1160 439 toti
1183 399 1358 438 mundo.
1389 398 1469 438 Sed
1497 398 1560 437 dic

258 471 522 525 buphotracti
544 469 751 510 maledicti
773 477 835 508 tot
858 468 1081 519 dominati,
1103 478 1202 508 tunc
1225 467 1336 507 enim
1358 481 1432 507 nec
1456 466 1560 506 foret

257 543 359 582 ordo
375 555 449 581 nec
464 541 591 580 civilis
605 539 856 590 dominacio,
868 552 941 578 nec
957 546 1166 591 oporteret
1181 538 1411 577 sacerdotes
1426 536 1560 589 acqui-

223 623 341 655 5rere
365 610 440 649 sibi
467 611 611 649 titulos
638 609 681 647 in
704 608 968 661 suscipiendo
992 607 1171 657 ordines,
1205 620 1300 646 cum
1334 606 1405 645 illo
1440 605 1559 644 titulo

255 681 452 720 ordinum
485 680 688 719 excellunt
721 677 956 718 seculariter
978 677 1205 730 quemlibet
1227 690 1366 729 regem
1398 674 1558 716 mundi.

210 763 237 795 4
311 750 427 800 Item,
459 762 602 801 parem
634 755 882 801 potestatem
907 746 1152 786 dominandi
1175 745 1409 785 seculariter
1437 744 1561 784 habet
1580 754 1649 780 who
1670 754 1779 781 indeed
1800 762 1840 781 on

253 820 428 873 quilibet
448 819 648 871 presbiter
678 817 793 871 regni
825 817 970 867 nostri,
1004 817 1109 855 sicut
1137 816 1306 855 haberet
1338 815 1558 868 supposito
1574 789 1851 850 woiiiceitlligobiiief

253 890 367 942 quod
398 889 486 941 ipse
520 888 633 927 solus
658 886 763 925 foret
785 887 976 925 sacerdos
1009 886 1048 924 in
1073 885 1223 938 Anglia
1256 894 1295 924 et
1327 898 1395 923 rex
1418 892 1557 923 noster
1580 857 1839 927 101dgggggtour

199 983 236 1004 10
253 958 513 1011 conquireret
546 965 759 1011 quotquot
789 970 928 1009 regna,
969 957 1040 996 sed
1072 964 1171 995 tunc
1216 954 1322 993 foret
1366 953 1558 993 secularis

251 1028 448 1066 dominus
492 1027 718 1079 capitaliter
760 1026 953 1066 omnium
998 1026 1211 1064 bonorum
1252 1023 1369 1075 regni
1414 1022 1555 1062 nostri.

250 1099 361 1150 Ergo
394 1106 433 1136 et
464 1097 593 1136 modo
627 1097 677 1135 de
708 1096 809 1135 iure.
856 1095 987 1134 Aliter
1019 1094 1131 1133 enim
1169 1102 1410 1146 sequeretur
1441 1094 1557 1146 quod

251 1167 378 1207 civilis
439 1166 678 1206 dominacio
741 1179 848 1218 pape
909 1165 1161 1217 dependeret
1221 1164 1271 1202 ab
1322 1163 1556 1216 integritate

250 1236 554 1276 dominacionis
577 1234 753 1288 imperii,
787 1243 825 1273 et
853 1248 924 1286 per
946 1247 1221 1286 consequens,
1254 1247 1361 1286 papa
1384 1233 1555 1272 nitendo

195 1321 231 1352 15
249 1308 457 1346 destruere
488 1305 726 1358 imperium,
759 1306 986 1343 destrueret
1017 1303 1234 1356 proprium
1268 1302 1387 1342 civile
1418 1303 1554 1341 domi-

248 1376 381 1426 nium,
428 1375 491 1414 vel
531 1375 563 1413 si
607 1374 694 1427 ipse
739 1374 860 1413 debet
903 1373 1111 1412 dominari
1155 1371 1390 1411 seculariter
1432 1386 1556 1424 super

249 1459 395 1485 omnes
448 1445 643 1484 naciones
700 1444 784 1483 iam
834 1442 1033 1493 infideles,
1094 1455 1167 1494 per
1217 1442 1329 1480 idem
1381 1441 1555 1494 quilibet

247 1517 436 1554 sacerdos
467 1515 590 1554 habet
622 1514 684 1553 ius
716 1514 767 1552 ad
801 1513 933 1553 taliter
965 1512 1285 1552 dominandum.

207 1599 230 1631 5
305 1586 420 1636 Item,
454 1593 553 1623 tunc
585 1583 857 1636 superflueret
898 1591 1007 1621 carta
1039 1581 1185 1621 cesaris
1218 1589 1436 1635 tamquam
1474 1582 1550 1621 im-
1591 1600 1756 1628 Morcover
1777 1610 1814 1629 ΟΠ

192 1679 230 1699 20
246 1654 454 1707 possibilis
486 1663 525 1693 et
556 1653 747 1703 heretica,
787 1666 870 1691 non
906 1665 1003 1704 ergo
1037 1651 1343 1704 incorporanda
1376 1651 1481 1690 foret
1512 1637 1845 1698 i11}}‡{{g}}{1}¹<¹,2³10{?{

246 1738 404 1764 canone
422 1733 639 1777 tamquam
661 1722 769 1776 paris
785 1720 1042 1761 auctoritatis
1061 1734 1158 1760 cum
1177 1721 1293 1760 dictis
1312 1729 1553 1760 sanctorum
1568 1705 1841 1776 ῗζιῗοζῖἳζῆἓῠζζῗὲ

246 1795 482 1844 doctorum,
516 1801 562 1832 ut
594 1800 708 1845 patet
736 1791 890 1832 XCV1³
919 1791 955 1831 d.
994 1790 1321 1839 Constantinus;
1350 1790 1407 1828 ibi
1440 1790 1553 1829 enim
1626 1776 1779 1803 heretical.

245 1863 393 1903 dicitur
437 1863 552 1916 quod
596 1861 898 1902 Constantinus
944 1869 1092 1913 quarto
1140 1859 1204 1899 die
1248 1859 1311 1899 sui
1355 1859 1550 1912 baptismi

244 1932 419 1972 contulit
450 1931 714 1985 privilegium
741 1931 937 1970 Romano
970 1928 1158 1983 pontifici
1182 1938 1220 1969 et
1249 1929 1455 1968 ordinavit
1492 1938 1550 1980 ut,

189 2015 229 2046 25
245 2003 350 2042 sicut
387 2002 475 2055 ipse
518 2002 694 2054 imperat
736 2001 824 2040 aliis
872 2000 1049 2053 regibus,
1098 1999 1153 2038 sic
1198 1998 1283 2038 eius
1328 1999 1551 2051 episcopus

243 2071 331 2111 aliis
377 2070 670 2121 sacerdotibus,
733 2070 843 2109 unde
898 2069 1051 2109 iudicat
1110 2078 1148 2108 et
1198 2068 1392 2107 discernit
1436 2069 1551 2121 quod

244 2141 463 2193 episcopus
486 2140 704 2179 Romanus
726 2139 874 2178 habeat
902 2147 1156 2191 potestatem
1189 2137 1328 2176 utendi
1364 2136 1550 2189 insigniis

241 2211 461 2263 regalibUS,
499 2211 610 2249 unde
642 2219 680 2249 et
711 2208 919 2259 sanccivit,
968 2207 1067 2247 dixit
1111 2216 1149 2246 et
1181 2206 1392 2246 consuluit
1435 2207 1549 2259 quod

244 2280 388 2319 ditavit
410 2293 455 2318 ac
478 2293 551 2318 sua
567 2279 753 2332 largitate
769 2278 972 2317 concessit
995 2286 1033 2316 et
1056 2290 1103 2315 ex
1119 2275 1321 2328 imperiali
1344 2284 1548 2328 potestate

189 2363 229 2394 30
245 2348 386 2388 statuit
421 2357 459 2387 et
487 2346 747 2387 confirmavit
779 2356 825 2387 ut
856 2360 988 2400 usque
1026 2346 1068 2384 in
1099 2344 1228 2384 finem
1259 2344 1406 2384 mundi
1439 2345 1549 2384 dona

295 2492 317 2510 2.
340 2485 368 2510 A
382 2484 435 2518 A,:
458 2483 519 2511 Sed
535 2484 624 2517 dum;
645 2483 694 2509 hie
715 2482 816 2518 aliqua
836 2481 930 2508 verba
950 2480 1100 2508 excidisse
1120 2480 1272 2508 videntur.
1302 2479 1384 2515 Quid
1406 2480 1465 2507 sibi
1485 2481 1548 2508 vult

243 2531 300 2557 hoe
325 2530 453 2557 verbum
480 2528 692 2563 bupliotracti?
722 2527 936 2554 Verisimiliter
956 2527 1136 2561 legendum:
1164 2526 1220 2553 Dic
1241 2527 1314 2553 bufo
1335 2527 1424 2553 crati:
1454 2528 1547 2554 male-

243 2576 314 2603 dicti
329 2581 373 2603 tot
388 2575 537 2603 dominati
554 2574 733 2608 (Matthew).
855 2581 892 2600 12.
907 2574 951 2600 A:
966 2573 1061 2600 modo
1078 2573 1114 2600 de
1126 2577 1238 2607 matre;
1259 2574 1298 2608 A¹
1315 2574 1350 2601 de
1366 2579 1462 2602 matre
1477 2583 1546 2602 cor-

242 2623 318 2650 rexit
338 2623 384 2649 in:
408 2622 594 2649 dominatur.
701 2628 747 2653 24.
764 2620 802 2647 13:
818 2619 990 2647 contulerit.
1096 2627 1139 2654 27.
1156 2619 1177 2646 Β
1192 2619 1222 2647 in
1237 2628 1348 2655 marg:
1364 2620 1421 2648 Hic
1436 2622 1546 2655 probat

242 2668 324 2704 quod
345 2676 425 2703 papa
447 2668 536 2695 habet
550 2667 762 2695 auctoritatem
782 2665 962 2694 dominandi
977 2665 1107 2694 civiliter
1127 2674 1143 2693 a
1163 2674 1268 2694 cesare
1284 2667 1336 2694 sed
1358 2675 1417 2694 non
1439 2676 1455 2694 a
1472 2668 1545 2694 neo.

302 2774 354 2808 23.
381 2773 445 2805 Hic
477 2779 668 2807 memorata
706 2783 724 2803 e
762 2773 921 2803 decretali
956 2773 1212 2805 Constantinus
1249 2774 1391 2805 mutatis
1429 2780 1544 2804 tamen

245 2831 377 2874 aliquot
402 2832 515 2863 verbis
542 2831 747 2874 deprompta
773 2837 862 2862 sunt.
