2051 3273
229 211 306 263 348
942 221 1167 253 JOHANNIS
1194 221 1394 253 WYcrir.
1632 207 1737 264 [CAP.
1761 218 1828 246 xv.

513 327 780 365 vehementer
830 325 1092 373 extenditur,
1140 326 1311 378 quando
1350 331 1560 378 peccator
1585 338 1669 377 pro
1711 338 1828 366 reve·
1852 317 1980 382 1¹77b0

513 397 658 435 rencia
682 396 849 435 ordinis
873 397 1124 435 honoratur.
1143 395 1385 447 Episcopus
1407 397 1550 447 itaque
1573 395 1647 447 qui
1678 396 1828 435 talium

512 466 694 504 crimina
728 479 809 504 non
844 466 1021 519 corrigit
1044 466 1184 519 magis
1211 464 1418 504 dicendus
1452 471 1515 505 est
1542 465 1664 504 canis
1691 466 1828 517 inipu-

511 534 631 574 dicns
665 549 792 588 quam
828 536 1067 587 episcopus.
1115 535 1206 586 Ista,
1238 534 1426 588 inquam,
1460 534 1548 574 iura
1585 543 1829 574 sanctorum

512 604 606 643 ideo
639 604 906 658 incorporata
938 613 1035 644 sunt
1067 605 1108 643 in
1143 618 1316 655 canone,
1350 617 1436 643 non
1469 613 1514 643 ut
1555 604 1671 656 palea
1691 604 1714 626 ’κ’
1737 616 1827 656 per·
1850 619 1925 659 177⁰

512 683 641 726 petuo
686 683 915 726 taceantur,
964 675 1035 713 sed
1080 683 1125 713 ut
1169 674 1220 713 ad
1263 674 1434 713 laudem
1479 673 1692 713 bonorum
1731 686 1830 712 cum

511 743 716 783 modestia
761 745 1020 797 detegantur.
1085 744 1137 783 Et
1181 743 1274 783 dico
1318 756 1414 782 cznn
1466 742 1685 794 modestia,
1731 742 1830 796 quia

510 813 714 866 contingit
756 813 974 853 hominem
1007 813 1047 852 in
1082 813 1259 852 dicendo
1291 813 1506 852 veritatem
1537 813 1716 852 modum
1760 826 1827 851 ex-

511 883 666 934 cedere,
700 891 745 922 ut
777 892 945 922 notatur
977 883 1018 921 in
1051 882 1222 922 decretis
1246 884 1318 934 Va,
1347 897 1385 936 q.
1410 883 1481 935 Va,
1511 883 1595 931 Qui
1617 881 1827 932 ambulat,

511 952 580 991 ubi
614 953 819 992 solvendo
854 953 1150 1005 apparenciam
1182 952 1463 1005 repugnancie
1486 952 1525 990 in
1550 952 1627 991 ista
1655 953 1827 992 materia
1846 976 1885 997 10

509 1022 565 1061 sic
599 1022 808 1063 scribitur:
862 1022 993 1062 Aliud
1025 1030 1086 1062 est
1117 1037 1171 1063 ex
1204 1023 1384 1062 caritate
1417 1022 1602 1061 aliorum
1643 1022 1826 1062 crimina

509 1091 695 1145 deferre,
732 1099 777 1132 nt
807 1105 912 1144 qnos
944 1099 1110 1132 secreta
1145 1092 1454 1132 anznzonicione
1487 1092 1710 1145 corrigere
1743 1105 1824 1132 non

503 1176 751 1215 possumus,
788 1164 998 1202 convictos
1030 1163 1183 1202 indicis
1214 1162 1432 1202 sentencia
1456 1162 1676 1215 corripiat,
1700 1168 1827 1215 atque

509 1233 628 1272 aliud
680 1239 740 1272 est
792 1233 1037 1272 insidiando
1072 1233 1201 1285 falsa
1256 1232 1421 1271 obicere
1466 1233 1531 1271 vel
1575 1232 1825 1272 insultando

508 1316 610 1342 vera
630 1303 771 1357 facile
795 1303 1050 1356 exprobare.
1076 1302 1196 1342 Illud
1219 1316 1320 1342 vero
1343 1303 1553 1352 caritatis,
1577 1302 1654 1341 hoc
1683 1309 1824 1342 autem
1845 1313 1881 1345 15

508 1381 569 1413 est
596 1374 823 1426 impietatis
845 1373 1049 1427 officinm.
1082 1373 1203 1412 Unde
1228 1372 1428 1411 Proverb.
1452 1371 1556 1421 XII,
1584 1370 1620 1423 6,
1644 1372 1824 1412 dicitur:

515 1443 651 1483 Verba
696 1444 926 1496 impiorum
971 1442 1233 1482 insidiantur
1274 1442 1494 1495 sangnini,
1534 1455 1581 1481 os
1614 1442 1824 1482 iustorum

509 1514 662 1553 liberat
700 1526 782 1553 eos.
820 1513 870 1552 Et
903 1511 1026 1551 infra:
1067 1512 1149 1560 Qui
1179 1512 1294 1565 quod
1327 1512 1440 1551 novit
1472 1511 1663 1564 loquitur
1696 1510 1826 1551 iudex

507 1584 672 1623 iusticie
693 1589 768 1631 est,
791 1583 864 1635 qni
885 1589 1027 1622 autem
1053 1583 1254 1621 mentitur
1275 1583 1390 1622 testis
1412 1581 1824 1635 estfraudulentus.

507 1654 686 1706 Oportet
719 1667 816 1705 ergo
849 1661 1134 1692 accusatorem
1156 1666 1315 1691 servare
1337 1652 1620 1705 integritatem
1644 1650 1824 1691 veritatis
1841 1674 1882 1695 20

506 1733 545 1763 et
589 1722 883 1762 rectitudinem
927 1721 1191 1763 intencionis.
1226 1723 1317 1775 Ego
1351 1731 1493 1761 autem
1525 1735 1721 1774 preservo
1755 1735 1822 1761 me

505 1808 527 1832 a
561 1794 761 1832 descensu
795 1793 845 1831 ad
879 1792 1107 1846 singularia
1139 1792 1359 1846 quiescens
1392 1806 1510 1832 more
1542 1791 1820 1844 philosopho-

506 1876 600 1902 rum
633 1863 672 1901 in
709 1862 929 1902 communi
963 1863 1187 1902 sentencia.

214 1936 491 2006 &gfssjecclltjssffvzas
564 1933 759 1972 Secundo
812 1932 992 1972 obicitur
1043 1945 1117 1985 per
1166 1932 1247 1972 hoc
1299 1932 1416 1985 quod
1467 1940 1633 1984 oportet
1684 1940 1860 1984 partes2
1884 1943 1919 1976 P

213 2003 491 2075 ⁸¹iiiffioghi201iiffi¹⁶
507 2002 678 2042 ecclesie
730 2002 879 2041 habere
945 2015 1066 2041 suam
1129 2001 1467 2042 iurisdiccionem
1532 2012 1570 2042 et
1629 2002 1821 2042 ordinem
1837 2012 1877 2044 25

255 2074 284 2109 ju
310 2083 347 2110 30
367 2076 455 2104 itself·
506 2072 846 2125 impermixtum;
891 2073 961 2111 sed
1006 2072 1139 2111 clerus
1172 2081 1232 2111 est
1265 2071 1437 2112 seculari
1471 2080 1584 2125 parte
1617 2072 1820 2125 superior,

505 2142 599 2181 ideo
648 2142 869 2195 supposito
915 2141 1066 2181 delicto
1112 2142 1233 2181 debet
1278 2141 1425 2194 corrigi
1474 2156 1546 2195 per
1591 2157 1632 2181 se
1664 2143 1818 2195 ipsum.

506 2211 793 2252 Confirmatur
825 2226 898 2265 per
930 2212 1010 2250 hoc
1043 2212 1158 2265 quod
1192 2211 1247 2250 sic
1281 2220 1341 2251 est
1372 2212 1414 2250 in
1448 2212 1587 2251 celesti
1620 2212 1819 2254 ierarchia

503 2282 543 2320 in
577 2296 659 2335 qua
698 2290 865 2335 oportet
903 2281 1127 2334 exemplari
1162 2294 1288 2321 omne
1321 2280 1512 2321 officium
1545 2283 1818 2323 ecclesiastice

500 2352 706 2392 ierarchie.
1834 2363 1875 2394 30

554 2508 572 2526 1.
596 2507 623 2526 in
643 2500 762 2526 decret:
785 2499 933 2535 quoniam
951 2504 1104 2534 peccator.
1214 2507 1239 2525 ε.
1257 2499 1294 2525 B:
1320 2498 1494 2534 Episcopus
1515 2499 1545 2527 in
1561 2505 1721 2535 quantum.
1744 2502 1815 2528 Ain

502 2553 616 2580 marg:
638 2545 719 2572 Nota
740 2545 899 2573 decretum
921 2550 1070 2581 quantum
1088 2550 1176 2572 nocet
1197 2545 1296 2572 malus
1317 2546 1497 2581 episcopm,
1520 2554 1600 2581 papa
1621 2552 1677 2574 etc.
1699 2547 1817 2580 (Below

501 2591 564 2625 177b
581 2592 710 2619 without
739 2593 825 2619 marl<
855 2591 890 2618 ot*
915 2590 1092 2625 reference).
1236 2600 1265 2625 4.
1296 2593 1323 2618 A
1345 2593 1383 2619 13:
1414 2593 1476 2619 Ista
1502 2592 1604 2628 itaque
1629 2593 1704 2620 iura.
1743 2593 1764 2620 B
1786 2594 1816 2620 in

501 2646 615 2672 marga
655 2637 833 2673 Episcopus
854 2638 999 2665 omittens
1026 2637 1168 2664 subditos
1190 2638 1344 2672 corrigere
1370 2638 1519 2665 dicendus
1541 2642 1586 2666 est
1606 2638 1690 2666 canis
1712 2638 1815 2674 impu-

500 2684 597 2710 dicus.
760 2692 789 2719 9.
820 2685 847 2710 A
882 2683 911 2709 in
942 2691 1058 2718 marg:
1092 2683 1264 2711 Accusator
1298 2685 1457 2719 quomodo
1497 2684 1587 2712 debet
1625 2693 1657 2712 se
1692 2684 1814 2712 habere.

500 2738 540 2757 22.
563 2729 739 2765 singularia.
760 2732 799 2765 Al
821 2730 921 2757 addit:
943 2730 1079 2757 nomina.

557 2848 588 2878 ς).
618 2837 696 2868 Dec.
726 2837 752 2868 ll
779 2847 869 2879 pars,
897 2847 998 2868 causa
1027 2838 1066 2877 V,
1093 2847 1125 2878 q⁴
1156 2837 1194 2876 V,
1223 2847 1249 2868 c.
1278 2838 1316 2868 V.
