2051 3273
213 199 293 248 564
920 205 1143 237 JOHANNIS
1168 204 1361 237 WYCLIF.
1569 190 1675 248 [CAP.
1693 201 1802 229 xxm.

494 311 833 363 prefecturarum
867 319 906 349 et
941 311 991 348 de
1037 310 1181 349 multis
1228 309 1458 362 privilegiis
1493 318 1533 348 et
1572 310 1802 349 terroribus
1819 319 1956 352 205¹²G=

496 389 793 430 censurarum3
818 380 914 419 ideo
948 380 1050 419 tales
1086 380 1198 432 apud
1224 380 1363 418 Deum
1396 380 1617 419 incurrunt
1650 392 1804 431 penam

496 450 649 489 falsarii
696 460 735 489 et
768 460 866 490 sunt
899 450 1012 502 apud
1051 458 1261 502 potentes,
1303 450 1480 489 scientes
1527 458 1566 488 et
1611 449 1804 488 ordinate

497 521 685 559 volentes
733 519 975 559 notabiliter
1019 519 1260 559 renotandi.
1309 518 1453 572 Caput
1485 532 1585 571 ergo
1631 518 1803 557 ecclesie

497 590 692 629 Christus
742 603 837 629 cum
884 589 1093 642 scriptura
1139 603 1214 628 sua
1263 599 1302 629 et
1353 589 1507 628 sanctis
1559 588 1838 631 doctoribus5

496 660 620 698 debet
654 673 742 698 esse
775 660 919 711 regula
954 659 1124 698 ecclesie
1161 659 1202 698 in
1237 658 1376 697 dubiis
1410 658 1668 698 decidendis.

555 729 752 768 Secundo
792 730 1078 782 principaliter
1124 737 1251 768 restat
1300 729 1467 767 obicere
1512 737 1654 767 contra
1689 727 1856 769 fictasH

495 799 803 852 indulgencias,
839 808 879 838 et
911 799 1051 851 primo
1077 808 1224 837 contra
1258 798 1515 838 sentenciam
1549 811 1631 851 que
1671 797 1804 849 impo-

497 869 610 907 nitur
645 878 791 908 sancto
826 869 1007 920 Thome,
1044 869 1143 921 quia
1167 869 1207 907 in
1232 869 1309 908 ista
1340 868 1515 907 materia
1545 867 1806 907 concordant

496 939 692 977 doctores
727 938 809 988 alii,
846 947 928 976 tam
966 938 1188 977 decretiste
1222 951 1349 990 quam
1385 937 1584 989 theologi.
1825 956 1864 978 10

223 1018 290 1045 The
311 1017 417 1045 merits
438 1016 471 1043 of
554 1008 699 1047 Primo
725 1006 937 1062 (inquam)
964 1008 1132 1047 videtur
1165 1008 1280 1060 quod
1315 1015 1617 1059 supererogata
1657 1006 1835 1047 merital

224 1051 468 1116 hghgasitmagnffm
498 1077 658 1117 Christi
694 1087 734 1116 et
766 1079 1059 1117 membrorum
1094 1091 1269 1116 suorum
1304 1077 1406 1116 olim
1442 1077 1715 1127 transierunt,
1767 1084 1807 1114 et

244 1126 349 1158 mmgs
371 1127 449 1157 ‘mr'
496 1161 568 1200 per
592 1161 855 1201 consequens
880 1150 946 1187 vel
966 1161 1051 1186 non
1073 1157 1170 1186 sunt
1197 1147 1276 1197 vel,
1306 1148 1339 1185 si
1372 1156 1470 1186 sunt
1499 1160 1575 1199 pro
1598 1158 1675 1186 suo
1702 1154 1804 1185 tem-

495 1230 611 1270 pore,
643 1227 742 1256 sunt
761 1227 875 1257 extra
894 1226 1149 1269 potestatem
1177 1217 1436 1255 ordinariam
1464 1217 1546 1255 iam
1571 1215 1807 1268 superstitis

498 1287 682 1326 Romani
706 1286 933 1339 pontificis.
960 1287 1071 1335 Quid
1094 1284 1265 1340 (queso)
1286 1287 1392 1325 valet
1417 1284 1574 1338 fingere
1597 1286 1712 1339 quod
1731 1285 1807 1324 iste
1829 1296 1863 1328 15

499 1356 729 1408 Gregorius
766 1357 837 1396 XI.
883 1357 1094 1395 ordinavit
1140 1365 1179 1395 et
1230 1356 1412 1395 instituit
1458 1365 1503 1395 ut
1542 1355 1800 1408 ymmolacio

496 1427 630 1466 Ysaac
655 1437 694 1465 et
727 1435 861 1465 cetera
897 1426 1044 1464 merita
1068 1435 1238 1477 patrum
1273 1434 1439 1464 tantum
1474 1425 1801 1478 precedencium

496 1497 536 1535 in
573 1505 753 1548 utroque
778 1505 1032 1535 testamento
1066 1496 1223 1534 valeret
1256 1495 1307 1533 ad
1341 1494 1661 1533 ordinacionem
1684 1507 1804 1533 suam

499 1575 681 1618 cognato
730 1579 807 1604 suo
851 1566 934 1604 iam
980 1561 1175 1604 mortuo?
1220 1565 1315 1603 Non
1351 1564 1462 1603 enim
1497 1564 1605 1603 valet
1650 1561 1808 1615 fingere

498 1637 718 1675 mendacia
750 1635 1032 1674 infundabilia
1057 1644 1232 1687 propter
1255 1634 1546 1673 extollenciam
1572 1633 1807 1684 potestatis.
1825 1656 1867 1677 20

500 1706 732 1755 Quomodo
758 1702 900 1759 (rogo)
935 1714 995 1744 est
1035 1705 1156 1758 copia
1191 1703 1439 1743 meritorum
1462 1717 1544 1756 que
1577 1716 1660 1742 non
1696 1712 1809 1754 sunt,

211 1785 269 1812 and
301 1794 335 1812 so
363 1784 483 1820 beyond
500 1785 571 1815 aut
620 1776 840 1829 quomodo
886 1785 971 1815 tam
1012 1775 1289 1814 determinate
1333 1775 1448 1826 lapsa
1487 1774 1527 1812 in
1560 1773 1812 1826 preteritum

255 1829 312 1847 our
334 1827 448 1855 power.
502 1859 598 1884 cum
614 1846 814 1884 omnibus
840 1845 926 1884 suis
950 1844 1210 1896 appendiciis
1235 1854 1333 1883 sunt
1356 1844 1396 1881 in
1421 1852 1631 1896 potestate
1651 1851 1810 1892 nostra,

502 1928 597 1954 cum
644 1915 781 1953 omnis
827 1923 944 1953 actus
991 1927 1117 1966 quem
1167 1927 1242 1952 nos
1291 1913 1370 1966 ipsi
1405 1912 1581 1951 fecimus
1622 1912 1812 1964 preteriit

502 1994 755 2037 potestatem
804 1980 1018 2023 nostram?
1065 1983 1300 2032 Quomodo
1334 1996 1433 2035 ergo
1468 1982 1685 2022 distribuit
1723 1981 1812 2034 ipse
1830 1993 1869 2026 25

502 2055 579 2094 ista
613 2068 740 2107 opera
774 2067 855 2107 que
890 2067 973 2092 non
1008 2063 1106 2093 sunt
1139 2053 1178 2092 in
1213 2062 1423 2105 potestate
1459 2049 1557 2091 sua?
1588 2052 1673 2091 Nec
1706 2051 1813 2090 valet

505 2123 663 2177 fingere
697 2124 813 2176 quod
848 2123 1066 2162 distribuit
1100 2123 1265 2162 fructus
1290 2123 1469 2162 istorum
1496 2135 1689 2174 operum,
1715 2121 1814 2174 quia

505 2195 560 2232 illi
594 2208 676 2233 non
708 2203 806 2233 sunt
837 2193 914 2232 nisi
945 2194 1103 2245 premia
1139 2206 1220 2245 que
1254 2202 1353 2232 sunt
1387 2192 1671 2231 beatitudines
1709 2205 1813 2244 quas

506 2277 589 2302 non
624 2274 685 2302 est
720 2265 761 2302 in
794 2273 1008 2316 potestate
1043 2276 1116 2301 sua
1151 2277 1171 2300 a
1208 2263 1338 2302 beatis
1373 2263 1539 2302 auferre
1573 2262 1635 2300 vel
1669 2274 1813 2313 pecca-

506 2335 669 2372 toribus
704 2335 877 2382 donare‚
913 2333 1011 2386 quia
1045 2341 1144 2371 tunc
1181 2332 1428 2372 bonificaret
1453 2346 1538 2383 eos,
1563 2332 1679 2384 quod
1706 2331 1812 2370 foret
1829 2341 1871 2373 30

507 2404 832 2442 deliramentum
866 2416 1065 2441 asserere.

565 2474 684 2523 Item,
719 2473 919 2511 omnibus
945 2472 1077 2510 beatis
1102 2470 1333 2511 diffinitum
1359 2482 1419 2511 est
1443 2486 1463 2510 a
1489 2473 1579 2511 Deo
1602 2472 1852 2524 premium2

509 2543 781 2582 beatitudinis
829 2541 1211 2593 correspondentes
1257 2542 1308 2579 ad
1354 2543 1498 2580 omnia
1544 2541 1692 2581 merita
1725 2554 1814 2593 sua,

559 2699 578 2718 ι,
611 2692 639 2717 Α
670 2691 713 2724 (ut
737 2690 885 2724 saepius):
917 2688 1102 2724 pravilegiis.
1265 2689 1288 2716 5.
1316 2690 1344 2715 A
1364 2689 1421 2722 An:
1452 2688 1585 2715 sciencia
1625 2687 1817 2715 doctoribus.

506 2745 531 2771 7.
553 2737 580 2764 A
601 2737 629 2763 in
653 2744 767 2769 marg:
791 2735 969 2763 Secundum
992 2735 1173 2770 principale.
1299 2743 1331 2761 11.
1354 2735 1384 2762 A
1404 2735 1432 2761 in
1455 2742 1571 2769 marga
1599 2733 1656 2761 Hic
1676 2735 1818 2768 arguitur

506 2787 613 2809 contra
637 2783 720 2809 licias
741 2787 769 2809 et
790 2781 886 2808 falsas
906 2781 1130 2815 indulgenmas.
1242 2789 1277 2807 12.
1311 2781 1349 2807 B:
1373 2781 1567 2808 transierant.
1653 2779 1693 2807 18.
1716 2780 1755 2808 ss:
1778 2780 1816 2807 ad

506 2830 739 2856 ordinacionem
763 2845 791 2848 —
814 2833 938 2863 propter
969 2828 1063 2854 deest.
1208 2828 1249 2854 32.
1280 2828 1308 2853 A
1335 2828 1392 2861 A,:
1424 2827 1598 2854 districtum
1629 2832 1674 2853 est
1705 2835 1720 2853 a
1741 2826 1816 2853 Deo.
