2051 3273
200 245 290 274 CAP-
316 235 414 292 ΧΠ]
704 248 760 279 DE
787 246 1022 279 EccrssslA.
1722 235 1799 274 363

47 363 82 396 D
111 353 405 405 1790credimus
451 353 566 406 quod
605 352 810 405 propheta
848 350 982 389 David
1020 350 1205 403 peccavit
1244 363 1342 389 cum
1382 363 1509 389 uxore
1543 360 1595 388 but
1614 368 1660 386 we
1681 365 1788 395 accept

197 422 296 462 Urie
340 431 379 462 et
422 422 537 475 quod
581 422 726 461 Petrus
770 420 956 473 peccavit
998 430 1188 472 tempore
1227 418 1433 472 passionis
1472 395 1806 459 etniii‘isiii'rziiiggssei'efr

197 501 294 544 post
326 491 629 542 ascensionem,
663 500 803 531 tamen
836 490 987 543 scripta
1020 503 1169 528 eorum
1193 489 1399 529 credimus
1423 503 1511 528 esse
1543 465 1782 526 altligoiffiigdihey

198 574 361 600 summe
394 561 615 611 autentica⁷
651 570 691 600 et
722 561 779 600 sic
812 559 960 599 maiori
984 559 1275 612 probabilitate
1304 559 1513 598 credimus

164 630 358 682 5scriptis
391 629 653 669 famosorum
686 631 908 670 doctorum
942 643 1070 682 quam
1103 628 1226 668 nudis
1260 627 1389 679 factis,
1422 635 1515 667 tum

199 700 296 753 quia
334 700 618 740 communiter
657 714 704 739 ex
744 700 894 739 maiori
927 698 1247 749 deliberacione,
1281 711 1328 737 ex
1360 696 1515 736 minori

198 769 481 822 temptacione
526 779 565 809 et
609 783 685 822 pro
734 769 923 809 ulteriori
978 768 1278 821 explanacione
1331 766 1517 806 scribunt

198 838 387 891 personis
438 839 632 891 gravibus
677 852 753 877 nec
800 838 1009 891 posterius
1053 846 1262 876 revocant.
1325 836 1406 876 Sed
1449 835 1516 874 alii

198 907 321 948 multi
353 908 483 947 sancti
515 917 611 960 post
644 916 682 946 et
713 916 808 946 ante
841 907 884 946 in
917 907 1175 946 sentenciam
1203 906 1320 945 illam
1342 918 1515 945 concor-

146 978 312 1028 1odant,
366 978 438 1016 sed
491 975 556 1031 (ut
600 975 710 1029 reor)
757 991 831 1016 nec
883 991 930 1016 ex
983 977 1185 1029 scriptura
1230 990 1305 1015 nec
1350 975 1517 1014 racione

200 1046 441 1086 fundabitur
473 1048 590 1100 quod
635 1047 778 1085 beatus
812 1046 1006 1085 Silvester
1052 1059 1137 1085 non
1183 1045 1370 1098 peccavit
1413 1044 1515 1084 reci-

199 1116 354 1169 piendo
388 1116 656 1156 dotacionem
690 1129 911 1157 cesaream.

256 1186 451 1225 Secundo
489 1186 547 1224 sic
586 1186 792 1238 arguitur:
833 1186 1054 1238 Quidquid
1096 1185 1219 1224 fuerit
1250 1183 1512 1224 meritorium
1577 1192 1756 1228 objection:

1527 1236 1552 1255 2.
1579 1227 1728 1255 Silvester
1756 1226 1807 1254 did

200 1256 320 1295 beato
365 1255 577 1306 silvestro,
622 1255 741 1295 nullo
787 1256 918 1295 modo
964 1254 1041 1294 fuit
1073 1254 1148 1293 sibi
1182 1253 1512 1305 demeritorium,
1537 1262 1797 1332 τῐίίᾕὶὲιέηέξεῐοξὲΐ-

148 1338 298 1370 15cum
340 1324 415 1364 iste
459 1325 831 1364 denominaciones
864 1339 911 1364 ex
944 1324 1143 1378 opposito
1186 1324 1808 1395 distinguuntur,tlssectpggnr'nffidbzn

201 1395 272 1433 sed
315 1394 392 1434 fuit
436 1395 700 1434 meritorium
739 1395 860 1434 beato
900 1394 1098 1435 Silvestre
1130 1394 1311 1450 recipere
1348 1404 1512 1447 tempo·
1541 1402 1616 1430 both
1637 1401 1797 1436 rigmand

201 1464 298 1503 ralia
330 1464 614 1504 distribuenda
644 1464 897 1517 pauperibus
920 1464 961 1503 in
992 1474 1258 1517 perpetuum,
1291 1465 1371 1504 hoc
1403 1464 1516 1503 idem
1610 1444 1729 1471 wrong.

201 1534 318 1573 nullo
357 1534 488 1573 modo
522 1533 599 1573 fuit
630 1534 704 1572 sibi
738 1534 1066 1574 demeritorium.
1110 1535 1188 1573 Hic
1220 1534 1371 1574 dicitur
1403 1535 1518 1587 quod

201 1604 424 1657 theologus
461 1604 622 1657 logicus
661 1605 782 1657 ponit
820 1604 1105 1658 calumpniam
1139 1605 1180 1643 in
1212 1604 1376 1655 maiori,
1422 1618 1520 1644 cum

143 1673 313 1719 20idem
357 1687 464 1726 opus
510 1674 741 1714 successive
784 1684 845 1714 est
889 1675 1003 1727 prius
1045 1674 1319 1725 meritorium,
1354 1683 1521 1727 etpost

201 1743 515 1783 demeritorium
562 1744 627 1783 vel
673 1753 860 1795 econtra3
906 1754 945 1784 et
992 1744 1049 1784 sic
1095 1744 1363 1783 conversacio
1413 1744 1519 1783 beati

201 1813 382 1853 Silvestri
436 1827 516 1867 que
568 1822 663 1853 ante
704 1814 1037 1866 baptizacionem
1088 1814 1153 1852 vel
1199 1813 1519 1853 conversionem

202 1882 279 1922 fuit
324 1883 399 1921 sibi
433 1883 698 1923 demeritoria
742 1893 887 1936 postea
932 1883 1009 1923 fuit
1046 1883 1122 1922 sibi
1161 1883 1387 1923 meritoria.
1451 1883 1517 1923 Sic

202 1952 315 1992 enim
354 1953 530 1992 dicimus
568 1961 736 1992 motum
777 1952 1016 1992 difformem
1056 1954 1195 2006 quoad
1240 1961 1408 2005 tempus
1453 1953 1518 1992 vel
1595 1972 1744 1999 Answer:

145 2033 184 2066 25
203 2022 452 2073 subiectum,
497 2023 591 2062 licet
635 2023 770 2061 maior
813 2037 906 2075 pars
952 2023 1039 2061 eius
1085 2022 1361 2076 quantitativa
1394 2022 1517 2062 fuerit
1549 2006 1793 2077 ᾚἸξγεζξὶξοῖῧῖ

201 2091 434 2131 uniformis.
470 2092 608 2131 Minor
638 2101 781 2132 autern
814 2105 901 2131 non
933 2093 1146 2145 probatur,
1180 2093 1250 2131 sed
1274 2093 1350 2131 sub
1379 2093 1514 2131 verbis
1543 2075 1797 2145 righfvffggignow

199 2160 278 2199 illis
323 2162 434 2214 capit
477 2162 777 2215 calumpniam,
829 2163 927 2215 quia
973 2162 1097 2201 nimis
1145 2175 1375 2202 onerosum
1408 2161 1515 2202 foret

199 2231 271 2270 tali
303 2241 446 2271 sancto
479 2231 659 2284 recipere
681 2233 761 2271 tale
783 2241 1035 2285 perpetuum
1065 2231 1266 2282 officium,
1301 2231 1385 2271 sive
1406 2231 1449 2270 in
1473 2245 1515 2270 se

201 2300 285 2340 sive
328 2301 371 2340 in
417 2301 501 2341 suis
544 2301 764 2352 ministris;
810 2315 885 2341 nec
911 2288 1120 2354 probatur
1163 2301 1302 2340 minor
1333 2301 1410 2340 ista
1442 2314 1516 2353 per

144 2380 186 2412 30
202 2371 281 2410 hoc
315 2371 430 2423 quod
462 2371 641 2410 relevare
674 2384 878 2423 pauperes
909 2370 1144 2423 indigentes
1177 2380 1236 2410 est
1270 2370 1514 2423 simpliciter
1527 2389 1754 2417 Moreoverwe
1770 2388 1809 2415 :10

202 2440 464 2480 meritorium
503 2441 752 2493 cuicunque,
790 2449 883 2480 tum
922 2439 1020 2493 quia
1058 2440 1179 2479 multi
1213 2449 1310 2480 sunt
1359 2440 1511 2494 quibus
1546 2424 1711 2487 Πςῖῑινῖῑςιῗέἷ
1727 2424 1794 2485 gligit

199 2510 280 2549 hoc
319 2524 406 2550 non
446 2511 655 2561 convenit,
694 2519 787 2549 tum
825 2510 1012 2549 secundo
1053 2509 1150 2562 quia
1182 2510 1326 2549 multis
1364 2509 1511 2550 infide-
1624 2493 1712 2529 nght.

199 2580 308 2619 libus
347 2589 386 2620 et
417 2580 616 2634 ypocritis
649 2580 691 2618 in
724 2580 804 2619 hoc
838 2579 1148 2619 demerentibus
1180 2579 1261 2619 hoc
1302 2581 1513 2632 convenit,

201 2659 293 2690 tum
325 2650 452 2690 tercio
486 2651 584 2704 quia
616 2650 697 2690 hoc
731 2651 828 2689 dato
868 2663 954 2689 non
988 2649 1134 2689 exhinc
1169 2650 1358 2703 sequitur
1399 2650 1515 2703 quod

145 2728 185 2761 35
202 2720 466 2760 meritorium
500 2720 633 2760 fuerat
664 2720 786 2759 beato
820 2719 1018 2759 Silvestro
1051 2719 1232 2772 recipere
1265 2719 1515 2759 elemosinas

253 2867 291 2896 13.
311 2868 341 2896 A
361 2868 391 2895 in
412 2875 526 2903 marg.:
547 2866 689 2895 Secunda
710 2866 804 2894 racio.
950 2865 990 2894 18.
1011 2866 1038 2894 A
1059 2867 1089 2895 in
1111 2875 1224 2903 marg:
1248 2868 1433 2904 Responsio.
