2051 3273
266 193 344 235 358
985 206 1206 239 JOHANNIS
1232 206 1427 239 Wchr.
1663 192 1766 251 [CAP.
1794 202 1862 233 XV.

552 312 755 365 corrigere
800 321 839 350 et
882 320 1057 362 mutare,
1105 319 1143 349 et
1185 323 1282 349 cum
1330 310 1471 349 solum
1522 309 2015 365 convincerentur178<¹Y

553 394 601 420 ex
633 380 836 432 scriptura
868 393 979 419 sacra
1012 388 1051 419 et
1083 378 1199 419 factis
1232 379 1424 431 propriiS,
1471 387 1583 431 patet
1627 380 1742 432 quod
1779 393 1866 418 non

287 467 312 485 2.
333 460 395 486 that
422 468 512 495 every
555 459 680 489 restat
711 449 753 488 in
793 464 864 489 eos
909 449 1098 488 medium
1142 448 1376 488 accusandi.
1439 448 1629 488 Secunda
1662 462 1755 501 pars
1787 448 1905 493 veliz

274 493 532 563 bgzllliggmggnoffey
555 528 859 572 consequenter
891 518 1015 558 adicit
1047 518 1162 571 quod
1194 517 1314 557 subdi
1356 517 1437 556 illis
1480 526 1698 571 tamquam
1743 517 1866 571 capiti

279 564 318 623 ziifl
334 563 522 631 tehoemfflariizii?
554 597 692 628 sancte
738 589 881 627 matris
929 587 1097 627 ecclesie
1149 587 1539 641 quomodocunque
1586 586 1761 626 vixerint
1806 596 1899 632 est5

553 657 722 697 cuilibet
761 657 986 697 christiano
1027 658 1076 695 de
1110 656 1354 696 necessitate
1385 657 1542 708 salutis,
1583 666 1623 696 et
1661 670 1734 709 per
1766 670 1865 696 con-

553 741 731 781 sequens
774 727 948 779 implere
987 725 1193 780 quidquid
1226 726 1496 779 preceperint,
1542 740 1639 766 cum
1670 739 1756 765 non
1788 734 1869 766 stat

556 794 620 850 (ut
662 793 877 851 inquiunt)
924 797 1039 849 quod
1083 808 1230 834 eorum
1274 794 1423 848 aliquis
1467 795 1518 834 sit
1561 796 1867 848 dampnandus

311 875 489 903 3.1hat1he
555 865 702 905 Tereia
733 878 826 918 pars
870 865 949 904 veli
982 864 1149 918 dyaboli
1184 873 1244 903 est
1276 863 1369 903 ficta
1400 864 1620 916 plenitudo
1653 862 1909 917 potestatis3

280 909 528 979 reigiriiaoliarsuiineg
555 948 637 989 qua
681 943 883 974 exterrent
926 934 1136 973 mundum
1181 946 1279 972 cum
1321 942 1512 986 pretensa
1560 933 1773 986 legacione
1831 942 1927 977 et10

264 980 350 1007 other
375 980 537 1006 churches.
815 1003 821 1009 .
903 1003 909 1009 .
1042 1003 1048 1009 .
1272 1002 1278 1008 .
1359 1003 1365 1008 .
1749 1003 1755 1009 .
1830 1003 1836 1008 .

554 1017 996 1043 excommunlcacione
1019 1017 1074 1043 s1c
1098 1003 1226 1056 quod,
1249 1016 1280 1041 sl
1297 1003 1531 1056 quldquam
1553 1003 1807 1043 decreverint
1827 1017 1869 1042 ln

553 1073 679 1113 altera
722 1072 893 1112 ecclesia
926 1072 1176 1124 faciendum,
1218 1086 1267 1111 eo
1298 1072 1392 1125 ipso
1425 1080 1592 1125 oportet
1622 1081 1669 1112 ut
1700 1071 1789 1124 fiat3
1832 1081 1871 1113 et

553 1143 651 1196 quia
683 1150 945 1182 reservarunt
977 1141 1055 1180 sibi
1087 1155 1184 1182 cum
1215 1141 1303 1181 istis
1336 1141 1461 1180 armis
1485 1150 1735 1194 potestatem
1767 1155 1868 1182 con-

551 1212 707 1252 ferendi
752 1210 952 1251 beneficia
990 1211 1159 1251 ecclesie
1212 1220 1251 1251 et
1296 1211 1529 1264 superiores
1573 1225 1619 1251 ac
1661 1211 1870 1265 graviores

551 1295 729 1335 persone
762 1281 930 1321 ecclesie
963 1290 1098 1321 extere
1130 1289 1338 1334 appetunt
1371 1280 1612 1334 symoniace
1643 1280 1799 1321 fastum
1831 1290 1870 1321 et
1889 1294 1925 1327 15

553 1352 831 1391 commodum
882 1351 1126 1404 temporale,
1174 1352 1270 1390 ideo
1318 1359 1489 1403 propter
1538 1350 1867 1403 multitudinem,

553 1430 723 1474 propter
745 1421 902 1460 famam
934 1429 973 1460 et
1003 1429 1176 1473 propter
1206 1428 1407 1460 terrorem
1437 1420 1615 1460 istorum
1642 1421 1867 1461 satellitum

556 1490 734 1530 exterriti
764 1499 861 1530 sunt
880 1489 1001 1543 pauci
1027 1489 1236 1542 simplices
1269 1490 1404 1529 dicere
1436 1490 1664 1530 veritatem.

276 1581 398 1609 Godi„
420 1588 524 1617 mercy
613 1560 694 1600 Sed
738 1559 979 1599 benedictus
1023 1572 1204 1612 sponsus
1244 1559 1412 1599 ecclesie
1456 1559 1528 1612 qui
1575 1559 1727 1600 occidit
1766 1560 1910 1605 Gre-z

263 1617 438 1687 Ῑῑῆξξέἕζξγ
456 1623 542 1685 ἒξῖἲΥ
555 1630 722 1683 gorium
780 1630 850 1669 XI.
910 1639 950 1669 et
1007 1629 1200 1681 dispersit
1252 1642 1351 1668 suos
1404 1629 1631 1682 complices
1683 1643 1868 1683 quorum
1883 1650 1925 1674 20

556 1700 709 1739 scelera
751 1712 824 1752 per
866 1699 1086 1739 Urbanum
1133 1699 1200 1739 VI.
1251 1698 1419 1738 ecclesie
1461 1708 1559 1739 sunt
1610 1700 1784 1751 detecta,
1830 1708 1868 1739 et

556 1768 733 1822 qualitas
788 1768 937 1807 veneni
990 1782 1038 1807 ex
1091 1767 1294 1807 divisione
1345 1778 1500 1808 *eorum
1550 1778 1609 1808 est
1661 1769 1867 1822 quodam-

555 1839 686 1877 modo
727 1837 928 1891 mitigata.
974 1838 1027 1877 Et
1070 1837 1232 1877 utinam
1273 1838 1454 1890 placeret
1496 1852 1654 1891 sponso
1700 1838 1869 1878 ecclesie

553 1907 747 1960 perficere
771 1908 889 1961 quod
913 1908 1087 1960 quidam
1110 1907 1394 1960 prenosticant
1420 1917 1459 1947 et
1479 1908 1547 1946 alii
1572 1908 1867 1960 imprecantur,

554 1977 709 2017 scilicet
742 1978 857 2030 quod
889 1990 1089 2016 numerus
1122 1977 1375 2016 undenarius
1415 1977 1581 2016 infamis
1626 1986 1665 2017 et
1708 1977 1924 2029 sterilis,25

554 2047 813 2099 prevaricans
848 2046 888 2084 in
923 2055 1062 2086 totum
1105 2046 1368 2098 decalogum,
1403 2046 1595 2099 imponat
1630 2045 1758 2085 finem
1790 2060 1868 2086 nu—

261 2137 319 2164 and
341 2145 386 2164 we
406 2141 483 2164 trust
502 2136 539 2164 he
555 2129 671 2155 mero
687 2116 1162 2169 pseudoprepositorum
1179 2115 1436 2155 dicencium:
1456 2115 1719 2165 Hereditate‚
1742 2116 1868 2155 civili-

268 2172 534 2234 Ἒέιῃῗξὸξὴῗᾶἶξὲῐ
555 2192 637 2225 tate
660 2192 699 2225 et
719 2185 865 2239 gladio
887 2185 1186 2238 possideamus
1210 2186 1292 2225 Dei
1319 2186 1613 2225 sanctuarium
1643 2192 1683 2224 et
1709 2185 1868 2225 Christi

332 2241 469 2276 pontiffs.
547 2255 870 2308 patrimonium.
907 2253 1016 2307 Ipse,
1050 2254 1261 2307 inquiunt,
1299 2254 1534 2307 crucifixus
1572 2261 1633 2294 est
1672 2254 1789 2308 ligno
1830 2261 1868 2293 et

554 2324 772 2377 apostolus
811 2324 985 2373 mundo,
1025 2331 1070 2363 ut
1107 2337 1180 2363 nos
1222 2324 1464 2364 occidamus
1495 2325 1644 2377 gladio
1677 2330 1716 2363 et
1749 2324 1865 2363 nobis
1881 2334 1925 2366 30

552 2394 734 2434 rebelles
746 2394 1054 2447 crucifigamus
1072 2394 1335 2446 inpatibulo,
1347 2394 1446 2446 quia
1462 2406 1589 2446 quam
1607 2394 1865 2443 necessaria,

550 2463 762 2516 inquiunt,
786 2462 882 2516 fuit
918 2463 959 2501 in
991 2463 1210 2515 primitiva
1250 2464 1426 2503 ecclesia
1458 2469 1648 2516 potestas
1668 2463 1868 2517 faciendi

552 2533 778 2581 miracula,
801 2540 886 2572 tam
918 2533 1157 2572 necessaria
1180 2540 1242 2573 est
1262 2533 1385 2573 hodie
1408 2539 1599 2586 potestas
1624 2533 1865 2585 corporalis

552 2602 802 2655 acquirendi
843 2609 881 2641 et
924 2602 1176 2656 defendendi
1218 2603 1483 2655 temporalia.
1529 2602 1692 2642 Scimus
1726 2610 1865 2641 tamen

554 2673 670 2724 quod
703 2686 785 2711 una
818 2681 1002 2724 potestas
1041 2671 1255 2711 infinitum
1287 2672 1446 2711 excedit
1482 2672 1619 2722 aliam,
1667 2679 1706 2710 et
1750 2672 1865 2723 quod
1882 2680 1920 2712 35

553 2741 635 2780 vita
668 2741 993 2793 exproprietaria
1017 2750 1077 2780 est
1099 2741 1183 2780 vita
1215 2741 1386 2780 seculari
1415 2740 1640 2794 perfeccior
1673 2749 1712 2779 et
1749 2740 1864 2793 quod

553 2818 639 2849 tam
683 2811 908 2850 necessaria
953 2820 1068 2850 erant
1112 2810 1359 2864 temporalia
1404 2810 1513 2849 clero
1568 2810 1609 2848 in
1654 2808 1863 2862 primitiva
