2051 3273
226 217 308 266 254
939 222 1161 256 JOHANNIS
1193 223 1388 255 wYcrir.
1634 209 1738 266 sem).
1755 219 1821 247 x11.

513 343 595 382 qua
640 330 751 368 Deus
790 328 936 378 aufert,
956 336 1009 367 ·et
1056 328 1105 365 de
1148 327 1236 366 iure
1279 328 1331 365 ad
1373 328 1428 366 sic
1472 327 1714 366 habendum
1746 340 1822 379 pro
1842 336 1919 379 164¹>
1945 338 1974 370 Ο

515 399 659 437 eadem
683 411 891 437 mensura.
926 396 1124 437 Similiter
1145 396 1211 435 vel
1233 405 1291 435 est
1313 396 1534 436 ablatarius
1558 405 1824 435 comentatus
1839 408 1864 440 3

515 470 564 507 de
596 468 809 508 ablacione
843 466 918 506 Dei
950 467 1015 506 vel
1046 474 1327 505 remurmurat
1358 467 1423 505 vel
1455 476 1514 506 est
1554 476 1710 505 neuter.
1745 466 1824 505 Sed

515 538 546 576 si
592 546 873 587 comentatus,
918 545 1101 576 meretur
1144 550 1166 575 a
1214 536 1305 574 Deo
1328 534 1353 562 ³³³
1375 536 1574 575 meritum
1619 536 1683 574 vel
1723 549 1824 587 aug-
1847 545 1923 586 164⁰

516 616 709 646 mentum
741 605 891 656 meriti,
926 607 1042 659 quod
1075 614 1135 645 est
1168 605 1381 645 valencius
1404 619 1532 659 quam
1555 605 1661 645 foret
1692 605 1859 646 abicio5

515 676 657 728 oblati,
697 685 736 715 et
768 689 841 728 per
873 688 1149 728 consequens,
1184 676 1298 715 Deus
1337 689 1410 728 per
1442 674 1827 715 commutacionem

515 746 580 785 vel
612 744 1058 797 recompensacionem
1090 759 1215 797 super
1247 754 1497 785 remunerat.
1532 744 1574 784 Si
1606 743 1826 783 ablatarius

515 824 810 861 remurmurat,
835 814 940 866 perit
964 823 1135 867 propter
1156 824 1375 867 peccatum
1400 828 1525 854 suum
1547 815 1610 854 ius
1632 812 1827 859 habendi,

519 892 558 923 et
610 897 756 923 sumus
810 892 921 922 extra
973 896 1116 922 casum
1163 883 1461 935 conclusionis,
1514 884 1620 923 sicut
1668 882 1824 935 Egipcii

517 952 814 993 forisfacientes
846 953 888 991 in
922 953 1142 1007 capitalem
1176 954 1399 993 dominum
1427 952 1664 992 exciderunt
1697 966 1719 991 a
1742 952 1828 991 iure
1850 973 1886 993 ιο

518 1023 730 1062 bonorum
754 1037 777 1062 a
799 1023 951 1076 quibus
975 1038 1022 1063 ex
1046 1024 1244 1063 mandato
1270 1023 1430 1062 domini
1454 1023 1644 1062 habentis
1676 1022 1765 1074 ipsa
1787 1021 1827 1059 in

517 1091 618 1132 fisco
644 1092 806 1132 fuerant
829 1093 1008 1145 spoliati.
1043 1093 1136 1144 Cui,
1169 1093 1357 1146 inquam,
1387 1092 1531 1132 debuit
1552 1093 1685 1132 iustus
1708 1092 1829 1131 iudex

519 1163 615 1201 dare
647 1163 756 1201 bona
789 1163 845 1202 sic
878 1162 1104 1202 confiscata
1135 1163 1211 1201 nisi
1245 1163 1372 1202 servis
1404 1163 1489 1202 suis
1512 1162 1583 1216 qui
1608 1162 1720 1215 prius
1743 1163 1830 1215 ipsa

520 1230 780 1272 meruerant?
813 1232 852 1272 Si
878 1242 1019 1272 autem
1041 1232 1262 1272 ablatarius
1286 1233 1336 1272 sit
1360 1242 1505 1273 neuter
1529 1233 1666 1285 quoad
1691 1242 1828 1272 actum

518 1302 774 1354 explicitum,
822 1303 1097 1355 equanimiter
1140 1303 1305 1342 tollerat
1344 1302 1484 1355 ipsum
1529 1311 1739 1354 eventum,
1793 1311 1832 1341 et
1852 1312 1887 1343 15

518 1372 719 1425 quicquid
744 1373 855 1411 Deus
879 1373 1102 1411 decreverit
1126 1372 1377 1423 faciendum,
1401 1381 1439 1411 et
1462 1386 1535 1425 per
1557 1385 1830 1425 consequens,

518 1441 712 1481 accrescit
734 1441 773 1480 in
799 1442 969 1493 merito;
992 1442 1117 1481 talem
1147 1442 1258 1480 enim
1282 1451 1420 1480 actum
1440 1442 1504 1480 vel
1521 1441 1711 1480 habitum
1732 1454 1830 1480 con-

519 1512 661 1552 fusum
677 1521 843 1564 oportet
859 1513 990 1551 inesse
1006 1512 1121 1551 omni
1139 1512 1269 1562 iusto;
1286 1522 1324 1551 et
1339 1521 1452 1564 patet
1467 1512 1694 1551 conclusio.
1711 1512 1831 1551 Unde

519 1582 595 1622 ista
627 1583 728 1622 fides
757 1584 807 1622 de
835 1583 1024 1621 absolute
1048 1582 1278 1621 necessaria
1306 1581 1468 1621 iusticia
1490 1591 1530 1621 et
1551 1581 1833 1621 misericordia

520 1653 595 1691 Dei
618 1653 715 1692 facit
743 1652 989 1692 christianos
1012 1653 1240 1704 gaudenter
1256 1652 1341 1704 pati
1359 1661 1397 1691 et
1410 1652 1664 1705 gratulanter
1686 1665 1830 1704 accep·
1847 1671 1890 1692 20

520 1731 605 1762 tare
637 1723 838 1776 quicquid
872 1722 1155 1775 prosperitatis
1183 1722 1248 1761 vel
1280 1735 1387 1774 pene
1419 1722 1474 1760 eis
1496 1721 1702 1772 acciderit,
1736 1721 1832 1774 quia

521 1792 658 1831 sciunt
690 1792 1015 1831 demonstrative
1048 1793 1162 1845 quod
1191 1792 1303 1831 Deus
1337 1805 1423 1830 non
1456 1800 1594 1844 potest
1616 1791 1672 1830 eis
1694 1791 1832 1829 humi-

522 1862 614 1901 liter
630 1862 889 1915 pacientibus
906 1861 1091 1913 deficere,
1108 1861 1209 1914 quin
1225 1862 1321 1900 loco
1338 1860 1461 1899 ablati
1477 1861 1631 1900 tribuat
1647 1861 1831 1913 pociora.

250 1946 274 1972 lt
294 1944 319 1971 is
337 1943 492 1972 therefore
582 1933 704 1972 Unde
727 1933 820 1972 vani
855 1942 952 1972 sunt
983 1947 1102 1973 casus
1136 1933 1289 1986 quibus
1321 1932 1492 1986 ponitur
1515 1932 1653 1971 Deum
1675 1930 1834 1970 auferre

242 1980 500 2041 gissegsesisnlgvliigii
525 2015 547 2039 a
578 2001 689 2053 justo
723 2003 904 2055 graciam
926 2003 991 2042 vel
1013 2003 1266 2042 adnichilare
1301 2002 1520 2042 hominem
1544 2001 1629 2040 sine
1663 2015 1739 2041 suo
1763 2002 1831 2040 de·
1851 2012 1890 2044 25

234 2049 694 2123 oougsjgpgboisedmeritm
729 2072 809 2111 hoc
844 2073 955 2111 enim
983 2073 1199 2126 derogaret
1223 2071 1539 2125 omnipotencie
1572 2080 1611 2110 et
1636 2085 1834 2123 supremo

523 2141 715 2180 dominio
748 2141 824 2181 Dei
858 2142 1000 2181 nostri.
1034 2143 1132 2182 Ideo
1167 2156 1264 2182 cum
1295 2150 1446 2181 notum
1478 2141 1529 2180 sit
1561 2141 1676 2193 quod
1708 2141 1835 2191 Deus,

524 2210 555 2248 si
590 2210 646 2250 sic
679 2210 830 2251 faceret
869 2212 975 2265 juste
1008 2212 1170 2264 faceret,
1215 2226 1302 2251 non
1347 2220 1472 2250 restat
1510 2210 1584 2249 nisi
1620 2219 1833 2262 expectare

522 2280 563 2318 in
597 2279 677 2320 fide
708 2281 907 2334 predicta,
931 2296 1154 2335 quousque
1177 2282 1405 2334 probatum
1435 2280 1571 2331 fuerit,
1604 2280 1636 2318 si
1668 2279 1834 2331 poterit,

523 2351 639 2402 quod
678 2351 791 2390 Deus
830 2352 964 2403 possit
1003 2351 1058 2390 sic
1092 2351 1242 2402 facere3
1288 2351 1415 2390 nichil
1455 2350 1594 2403 itaque
1632 2357 1893 2401 repugnat30

525 2420 716 2471 potencie
747 2420 1027 2459 adnichilandi
1052 2434 1149 2459 cum
1171 2420 1240 2459 illa
1272 2434 1358 2459 non
1386 2428 1524 2473 potest
1556 2432 1656 2469 esse,
1690 2427 1729 2457 et
1761 2418 1837 2457 ista

525 2490 770 2541 exemplaris
808 2490 969 2529 iusticia
1013 2490 1053 2528 in
1088 2491 1177 2529 Deo
1224 2491 1344 2529 debet
1391 2504 1477 2529 esse
1510 2488 1719 2539 exemplar
1751 2488 1835 2527 cui-

525 2559 625 2598 libet
657 2559 745 2598 eius
771 2559 939 2612 vicario,
974 2568 1059 2599 tam
1092 2574 1198 2612 pape
1232 2573 1360 2613 quam
1391 2559 1489 2612 regi,
1522 2567 1567 2597 ut
1599 2571 1684 2596 non
1718 2556 1838 2596 faciat

527 2718 529 2721 ·
580 2708 607 2735 6.
631 2709 669 2735 13:
693 2707 749 2735 Vel
771 2716 834 2743 per.
979 2707 1016 2735 13.
1037 2708 1066 2735 A
1085 2708 1142 2743 Al:
1173 2709 1388 2736 confiscancia.
1532 2705 1568 2733 15.
1589 2706 1787 2741 equinimiier
1807 2705 1835 2732 in

527 2756 618 2782 codd.
780 2763 821 2791 ις).
859 2755 886 2781 Α
915 2755 945 2782 in
972 2763 1087 2790 marg:
1122 2755 1300 2783 Conclusio.
1468 2752 1508 2780 23.
1540 2753 1651 2780 tribuet
1682 2752 1712 2779 in
1745 2753 1835 2779 codd.

527 2810 573 2834 24.
594 2802 622 2829 A
642 2802 670 2828 in
693 2810 807 2835 marg:
840 2801 921 2828 Deus
943 2810 1003 2828 nou
1034 2807 1133 2837 potest
1164 2802 1276 2828 iniuste
1305 2801 1425 2829 auferre
1455 2807 1509 2827 nec
1531 2803 1631 2833 potest
1652 2799 1838 2826 annichilare

529 2849 651 2881 (Above
673 2849 738 2880 164⁰
762 2848 892 2875 without
913 2849 998 2875 mark
1020 2848 1051 2875 of
1070 2848 1248 2882 reference)⁴
