2051 3273
205 196 293 246 574

253 317 320 343 The
341 317 421 351 Pope

214 356 328 379 cannot
350 350 454 385 assign

212 387 364 421 arbitrary
377 386 465 413 value

202 426 232 448 to
254 421 368 448 certain
385 421 471 447 alms.

282 1842 311 1869 If
327 1843 401 1870 each

208 1878 395 1916 indulgence
424 1885 478 1905 can

207 1918 298 1940 remit
322 1920 339 1951 a
366 1918 444 1949 part,
465 1920 481 1938 a

206 1955 385 1975 successmn
400 1952 482 1975 must

208 1983 361 2010 remittlie
371 1984 480 2011 whole.

935 199 1158 232 JOHANNIS
1183 199 1378 231 WYCLIF.
1587 186 1691 243 [CAP.
1707 197 1816 225 xxiii.

489 304 604 357 quod
650 313 788 355 potest
829 303 965 342 facere
1007 305 1142 342 maius
1183 313 1222 342 et
1257 317 1339 342 non
1383 304 1537 355 minus,
1586 305 1805 356 quomodo
1824 312 1955 348 206b0

490 373 793 413 concederetur
817 373 896 425 legi
921 386 1009 422 sue,
1038 373 1153 424 quod
1178 381 1291 411 taxat
1317 373 1367 410 ad
1392 381 1539 411 votum
1565 386 1641 425 pro
1676 387 1807 426 quan-

489 453 753 495 tumcunque
813 455 941 494 parva
1003 443 1232 480 elemosina
1292 442 1448 481 remitti
1509 455 1807 496 quamcunque

489 522 653 565 partem
687 513 918 565 aliquotam
953 526 1059 564 pene
1095 513 1160 551 vel
1196 509 1340 563 culpe?
1371 512 1594 564 Numquid
1635 525 1683 551 eo
1716 513 1808 564 ipso

490 595 576 635 quo
615 582 703 634 ipse
736 581 836 620 dicit
870 582 1041 620 terciam
1078 582 1141 620 vel
1175 591 1370 634 quartam
1405 590 1478 619 aut
1509 589 1841 634 quamcunque5

491 652 614 691 aliam
653 660 818 704 partem
865 651 1105 703 penitencie
1144 651 1352 689 indultam
1400 663 1477 703 pro
1519 650 1694 689 denario
1744 665 1807 689 se-

492 721 638 774 quitur
670 721 785 774 quod
819 721 871 759 sit
905 718 985 760 ita?
1020 720 1240 772 Numquid
1279 728 1495 771 oporteret
1525 720 1639 772 quod
1669 719 1808 772 previe

491 790 627 829 subsit
673 790 784 828 racio
832 789 945 842 apud
981 786 1141 828 Deum?
1197 789 1279 828 Ubi
1329 802 1429 840 ergo
1481 798 1542 828 est
1592 789 1807 828 evidencia

492 859 664 899 maioris
697 860 876 898 racionis
917 859 1101 911 laxandi,
1138 868 1199 898 est
1231 859 1446 898 evidencia
1480 859 1652 898 maioris
1691 868 1809 911 pote-

493 930 613 968 statis
648 929 700 967 ad
734 930 814 968 hoc
839 938 878 968 et
903 938 1074 968 econtra
1098 929 1149 967 de
1173 928 1558 979 irracionabilitate‚
1584 938 1631 968 ut
1654 942 1806 981 repug-
1828 947 1866 969 10

493 1008 564 1039 nat
597 999 732 1051 prime
774 999 948 1049 racioni,
983 1013 1057 1051 per
1105 1012 1232 1051 quam
1279 1007 1450 1050 oportet
1489 1012 1636 1037 omnes
1670 999 1806 1037 indul-

493 1070 659 1122 gencias
705 1068 809 1120 fieri,
858 1070 973 1121 quod
1016 1069 1082 1107 hic
1122 1069 1205 1107 sint
1238 1067 1392 1107 infiniti
1425 1068 1582 1120 puniti;
1623 1081 1806 1120 quorum

493 1139 658 1190 primus
699 1147 760 1177 est
799 1138 1039 1190 aliqualiter
1079 1151 1209 1190 capax
1241 1139 1361 1177 venie
1395 1137 1630 1177 secundum
1673 1138 1807 1190 digni-

494 1217 622 1248 tatem
685 1209 874 1247 habitam
933 1222 954 1246 a
1002 1209 1107 1258 Deo,
1167 1208 1377 1247 secundus
1424 1221 1524 1246 vero
1583 1207 1623 1245 in
1678 1207 1808 1259 duplo

494 1279 688 1332 capacior
712 1288 752 1318 et
775 1279 833 1318 sic
857 1279 897 1317 in
923 1277 1152 1328 infinitum,
1189 1287 1228 1316 et
1263 1288 1403 1317 tamen
1429 1277 1809 1330 proporcionaliter
1829 1284 1866 1317 15

495 1359 541 1389 ut
573 1347 620 1389 fit
644 1349 780 1388 maior
808 1348 1038 1387 elemosina
1064 1362 1141 1401 pro
1165 1348 1299 1400 magis
1324 1348 1466 1401 capaci
1491 1347 1630 1400 quoad
1655 1347 1807 1398 Deum,

496 1421 622 1458 habet
655 1432 703 1457 ex
735 1418 953 1458 taxacione
988 1431 1094 1471 pape
1124 1418 1332 1457 minorem
1368 1416 1598 1456 efficaciam
1633 1417 1682 1454 ad
1717 1429 1809 1469 pec-

496 1498 637 1529 catum
676 1488 742 1527 vel
786 1487 1070 1540 penitenciam
1122 1487 1438 1527 remittendum.
1502 1487 1629 1526 Tales
1678 1487 1809 1525 multe

495 1558 790 1598 conclusiones
815 1557 1098 1609 impossibiles
1123 1566 1361 1610 sequuntur
1389 1570 1436 1596 ex
1460 1565 1668 1608 potestate
1700 1568 1808 1608 pape

495 1628 664 1668 taxandi
688 1641 816 1680 penas
840 1635 881 1666 et
903 1637 1074 1679 peccata
1108 1626 1291 1665 hominis
1316 1626 1572 1678 suffragandi
1607 1626 1657 1664 ad
1682 1639 1807 1664 suum
1824 1640 1866 1661 20

495 1699 698 1751 placitum
733 1707 772 1736 et
806 1710 854 1736 ex
898 1697 1064 1736 casibus
1110 1696 1391 1735 calculatoriis
1439 1709 1546 1748 quos
1585 1696 1662 1735 ista
1696 1695 1807 1734 scola

495 1770 623 1810 habet
657 1768 896 1807 admittere.

555 1838 710 1878 Tercio
734 1838 903 1878 videtur
927 1837 1042 1890 quod
1067 1836 1256 1875 subiacet
1278 1835 1479 1888 potestati
1502 1848 1610 1888 pape
1632 1835 1808 1874 omnino

496 1909 714 1948 absolvere
739 1917 824 1947 tam
850 1909 968 1946 vivos
993 1920 1121 1960 quem
1146 1915 1341 1945 mortuos
1366 1920 1385 1944 a
1411 1919 1519 1958 pena
1544 1915 1584 1945 et
1616 1919 1637 1944 a
1671 1906 1809 1957 culpa,

498 1989 537 2018 et
569 1992 683 2031 pono
718 1978 833 2031 quod
868 1978 950 2017 sint
983 1975 1138 2016 infiniti
1172 1976 1366 2014 homines
1401 1983 1441 2014 et
1471 1974 1625 2014 infiniti
1650 1974 1864 2014 denarii25

497 2049 584 2087 sive
617 2048 743 2087 simul
767 2048 853 2087 sive
888 2047 1126 2086 successive
1160 2046 1285 2084 creati
1311 2055 1352 2084 et
1383 2045 1627 2084 adnichilati
1661 2045 1711 2083 de
1736 2045 1812 2084 Dei

498 2118 693 2172 potencia
734 2117 941 2170 absoluta,
987 2126 1027 2156 et
1065 2116 1259 2167 iniungat
1298 2129 1406 2167 papa
1458 2115 1594 2167 primo
1643 2115 1811 2153 illorum

499 2188 613 2240 quod
650 2189 719 2226 det
751 2187 941 2240 primum
975 2186 1197 2225 denarium
1222 2198 1300 2237 pro
1324 2185 1501 2223 delenda
1526 2183 1662 2236 prima
1696 2193 1812 2236 parte

500 2257 735 2310 penitencie
746 2258 879 2308 Petri;
898 2256 1085 2296 secundo
1102 2264 1244 2295 autem
1261 2255 1455 2307 iniungat
1470 2255 1586 2307 quod
1603 2254 1812 2292 secundus

500 2329 569 2367 det
608 2327 842 2366 secundum
885 2326 1106 2365 denarium
1146 2338 1223 2377 pro
1267 2325 1443 2363 delenda
1478 2324 1661 2363 secunda
1694 2332 1812 2375 parte
1829 2335 1871 2368 30

502 2411 575 2437 sue
609 2397 861 2450 penitencie,
896 2405 936 2435 et
969 2396 1026 2435 sic
1060 2396 1101 2434 in
1134 2394 1362 2434 infinitum.
1391 2394 1443 2432 Et
1476 2402 1590 2445 patet
1623 2393 1738 2446 quod
1771 2393 1811 2431 in

500 2467 583 2507 fine
617 2467 725 2506 foret
759 2475 848 2505 tota
882 2465 1119 2518 penitencia
1154 2464 1265 2504 Petri
1300 2464 1449 2503 deleta.

560 2538 611 2576 Et
659 2537 690 2575 si
737 2537 902 2575 dicatur
941 2535 1056 2588 quod
1097 2535 1199 2574 tales
1246 2547 1367 2573 casus
1416 2541 1517 2572 sunt
1560 2532 1862 2585 ymaginariip

503 2607 638 2646 solum
687 2605 912 2658 possibiles
958 2606 1007 2643 de
1044 2605 1118 2644 Dei
1165 2605 1361 2656 potencia
1413 2603 1622 2651 absoluta,
1670 2615 1812 2640 revera

503 2677 560 2715 sic
595 2684 783 2728 potestas
819 2673 916 2714 ficta
956 2675 1006 2713 de
1048 2674 1319 2713 concessione
1352 2672 1719 2724 indulgenciarum
1753 2681 1815 2711 est

555 2796 579 2816 2.
603 2790 628 2815 A
648 2790 701 2823 A,:
726 2789 913 2816 crederetur.
1057 2795 1083 2821 7.
1106 2785 1132 2814 8.
1155 2786 1194 2813 B:
1223 2786 1323 2822 prime
1350 2785 1459 2812 subsit.
1603 2781 1645 2812 33.
1667 2783 1706 2810 13:
1727 2791 1817 2810 casus

504 2841 576 2863 sunt
595 2843 789 2871 ymaginum.
