2051 3273
218 248 305 277 clip,
327 237 439 295 xva]
713 251 772 282 DE
800 250 1033 283 ECCLESIA.
1738 241 1809 295 39¹

70 369 103 402 B
127 367 204 402 18312
218 357 310 409 gavi
344 355 552 409 superius)
601 355 656 394 sic
691 354 829 394 scribit
861 368 983 407 super
1016 355 1183 395 Psalmo
1218 355 1408 395 CXL110:
1450 355 1529 395 Ec-

218 426 343 465 clesia
376 438 454 477 que
487 431 549 464 est
585 425 740 464 mulier
773 425 965 477 antiqua,
1002 425 1147 464 civitas
1180 425 1263 464 Dei
1293 432 1329 464 et
1373 438 1531 477 corpus

221 496 388 544 Christi,
432 494 554 533 hahet
599 494 771 532 inicium
804 494 856 532 ab
888 494 1004 541 Abel,
1043 494 1151 533 sicut
1183 495 1297 533 mala
1330 495 1473 534 civitas
1505 508 1529 533 α

223 567 371 618 Caym.
406 564 527 604 Unde
559 564 601 601 in
634 563 739 602 libro
763 564 823 602 De
847 563 1150 611 Questionibus
1174 563 1321 602 veteris
1357 572 1394 603 et
1423 577 1531 603 nove

186 633 319 687 §legis
337 648 374 686 q.
393 633 464 672 Illa
488 633 666 672 declarat
688 633 908 685 quomodo
932 631 1032 671 fides
1057 632 1225 671 ecclesie
1242 633 1437 673 successit
1459 647 1531 686 per

218 703 407 743 ordinem
429 702 471 741 in
495 701 643 741 electis.
668 700 732 740 Ab
756 702 893 752 inicio,
916 701 1064 755 inquit,
1088 715 1228 755 genus
1251 710 1313 742 est
1336 702 1528 742 christia-

218 787 386 824 norum,
420 773 591 825 priores
624 784 728 825 ergo
761 770 950 811 homines
981 778 1184 825 quotquot
1212 771 1351 824 fidem
1399 772 1528 811 habu-

220 849 344 882 erunt
377 842 503 881 unius
531 841 615 880 Dei
645 841 738 881 iure
771 841 991 880 christiani
1034 841 1202 880 dicendi
1243 848 1355 882 sunt.
1410 843 1530 882 Unde

218 912 324 952 sicut
355 925 440 950 non
473 910 679 964 sequitur:
713 924 786 963 per
808 919 975 963 tempus
1007 910 1153 950 veteris
1186 911 1421 951 testamenti
1444 925 1529 950 non

164 981 296 1023 1ofuit
327 989 478 1020 vocata
510 979 653 1032 religio
688 979 923 1030 christiana,
957 993 1053 1032 ergo
1077 988 1177 1019 tunc
1209 993 1296 1019 non
1329 979 1407 1019 fuit
1437 979 1529 1019 reli-

219 1051 309 1103 gio‚·
336 1050 391 1090 ita
424 1063 510 1088 non
543 1048 751 1102 sequitur:
798 1057 897 1087 tunc
936 1062 1021 1087 non
1067 1048 1144 1088 fuit
1176 1058 1321 1089 vocata
1361 1049 1531 1089 ecclesia

219 1120 454 1169 christiana,
488 1132 585 1171 ergo
618 1127 720 1157 tunc
757 1131 842 1156 non
876 1117 953 1157 suit
985 1118 1168 1158 ecclesia.
1214 1119 1330 1159 Sicut
1361 1119 1531 1159 ecclesia

219 1190 425 1239 Romana,
452 1201 549 1227 cum
583 1187 633 1226 sit
666 1186 909 1226 universalis
933 1187 1117 1238 ecclesia,
1142 1188 1213 1227 diu
1247 1187 1325 1227 fuit
1347 1188 1529 1240 ecclesia,

218 1268 447 1311 antequam
493 1257 569 1297 fuit
615 1256 785 1296 ecclesia
828 1257 1033 1308 Romana,
1092 1257 1189 1310 quia
1234 1271 1530 1312 quemcunque

165 1329 361 1369 15locum
393 1327 539 1367 mundi
573 1326 793 1366 incoluerit
825 1340 989 1379 semper
1019 1336 1161 1367 manet
1204 1327 1387 1376 ecclesia,
1433 1341 1530 1368 cum

179 1444 181 1447 Ι
217 1397 320 1437 fides
353 1406 391 1436 et
423 1396 728 1449 predestinacio
761 1409 848 1435 non
872 1397 1110 1448 dependent
1141 1410 1162 1435 a
1184 1397 1278 1436 loco
1312 1410 1528 1450 corporeo.

174 1475 204 1508 G
278 1467 376 1506 Ideo
411 1474 576 1519 oportet
607 1474 751 1505 notare
791 1467 1012 1518 quomodo
1060 1466 1208 1506 accidit
1252 1466 1420 1506 ecclesie
1457 1468 1526 1506 de·
1565 1482 1634 1511 The
1656 1492 1745 1511 name
1765 1492 1791 1511 1s

218 1535 458 1576 nominacio
491 1549 513 1574 a
544 1535 638 1574 loco
674 1544 712 1574 et
744 1534 1039 1574 denominacio
1072 1549 1093 1574 a
1118 1545 1263 1575 natura
1286 1545 1418 1575 creata
1450 1537 1526 1576 sub
1543 1519 1737 1580 ρῖξῗῐῗῑῗὲἶὲξξ
1755 1520 1818 1580 {iiaet

219 1605 391 1645 nomine
424 1605 506 1653 tali,
531 1605 601 1644 sed
625 1618 697 1657 per
719 1618 761 1644 se
788 1604 895 1644 inest
916 1605 991 1644 sibi
1015 1605 1308 1645 denominacio
1332 1620 1353 1644 a
1383 1606 1528 1659 capite,
1559 1587 1800 1659 tjlginffci'issciiei?

161 1695 203 1718 20
218 1676 333 1729 quod
366 1688 478 1713 nunc
510 1683 570 1713 est
609 1673 811 1725 Christus,
859 1675 971 1714 Deus
1005 1684 1043 1713 et
1081 1675 1234 1727 hon]o;
1278 1675 1356 1715 fuit
1387 1684 1527 1716 autem
1636 1657 1724 1692 head,

219 1753 343 1798 caput
366 1743 535 1783 ecclesie
557 1752 783 1796 antequam
806 1743 883 1784 fuit
906 1744 1050 1784 horno.
1087 1745 1186 1784 Ideo
1211 1744 1317 1784 foret
1339 1745 1527 1798 nephan-

219 1815 323 1854 dum
354 1813 573 1866 sophisma
607 1814 833 1853 concedere
856 1815 973 1867 quod
995 1823 1094 1854 tunc
1118 1828 1203 1853 non
1236 1814 1314 1854 fuit
1345 1814 1528 1865 ecclesia,

218 1884 312 1924 licet
344 1883 512 1923 ecclesia
546 1882 667 1923 fuerit
700 1892 799 1923 tunc
831 1898 904 1936 per
930 1884 1066 1923 locum
1102 1898 1124 1923 a
1156 1884 1280 1924 simili
1313 1885 1430 1937 quod
1464 1899 1527 1924 ec-

219 1953 341 1993 clesia
371 1954 565 1992 Romana
603 1953 667 1992 vel
700 1953 920 1992 christiana
964 1953 1053 2005 fuit,
1101 1955 1270 2007 quando
1315 1954 1405 2007 ipsa
1442 1968 1527 1994 non

163 2022 296 2070 25fuit
340 2023 527 2062 Romana
583 2023 646 2061 vel
703 2031 848 2062 vocata
895 2022 1127 2063 christiana.
1182 2023 1360 2076 Oportet
1417 2024 1529 2063 enim

221 2092 472 2144 distinguere
504 2093 610 2132 inter
641 2107 714 2145 per
737 2107 778 2132 se
801 2103 840 2132 et
871 2107 944 2146 per
966 2093 1167 2133 accidens.
1202 2093 1384 2132 Ecclesia
1417 2094 1529 2133 enim

1579 2050 1639 2078 and
1663 2055 1777 2077 cannot

1576 2093 1666 2112 cease
1685 2089 1716 2112 to
1736 2084 1782 2118 be,

1544 2123 1653 2155 except
1665 2119 1818 2158 byfalling

221 2176 307 2202 non
353 2170 493 2214 potest
538 2162 722 2201 desinere
770 2177 857 2202 esse
905 2163 1087 2213 ecclesia,
1133 2163 1238 2201 sicut
1269 2176 1344 2201 nec
1389 2153 1723 2216 aliquaawayfrom
1745 2153 1819 2181 mm.

223 2241 408 2272 creatura
439 2241 579 2284 potest
611 2232 796 2272 desinere
829 2246 915 2272 esse
937 2233 1177 2272 membrum
1200 2231 1353 2272 Christi
1376 2232 1528 2272 mistici

220 2299 285 2355 (ut
317 2302 495 2341 declarat
526 2301 788 2354 Augustinus
821 2302 908 2353 1110,
970 2302 1029 2340 De
1065 2301 1262 2341 Doctrina
1295 2300 1530 2341 Christiana

163 2369 427 2425 30XXX110).
476 2371 595 2411 Unde
629 2372 743 2424 quod
776 2371 945 2410 ecclesia
976 2381 1123 2411 vocata
1156 2380 1215 2410 est
1247 2371 1323 2410 sub
1355 2371 1529 2410 nomine

222 2439 390 2480 ecclesie
423 2454 499 2492 pro
530 2448 719 2492 tempore
740 2440 888 2480 veteris
910 2440 1160 2492 testamenti,
1193 2449 1305 2493 patet
1333 2440 1531 2481 scrutanti

274 2596 294 2615 1.
314 2595 340 2615 2.
359 2589 388 2616 A
407 2588 438 2616 in
459 2595 574 2622 marg.:
595 2587 742 2616 Ecclesia.
885 2588 927 2616 16.
948 2589 976 2616 A
995 2588 1025 2616 in
1046 2596 1160 2623 marg.:
1188 2588 1278 2616 Nota.
1387 2596 1425 2624 17.
1446 2588 1467 2615 B
1489 2589 1519 2616 in

221 2642 334 2669 marg.=
363 2634 588 2662 Denominacio
623 2634 733 2662 accidit
765 2634 891 2662 ecclesie
922 2634 1091 2670 tripliciter.
1232 2642 1280 2671 29.
1307 2635 1334 2662 A
1362 2634 1392 2661 in
1413 2642 1526 2669 margi:

223 2681 432 2716 Augustinus.

284 2809 309 2829 1.
336 2798 429 2840 Opp.
468 2799 557 2839 Aug.
598 2805 680 2830 torn.
720 2799 775 2839 IV,
814 2808 893 2841 pars
933 2799 974 2839 ΙΙ,
1012 2808 1090 2841 pag.
1133 2797 1229 2841 1589.
1374 2798 1404 2833 5.
1443 2797 1528 2831 Ibid.

219 2862 304 2888 tom.
332 2855 384 2896 111,
413 2856 570 2898 Append.
599 2865 675 2898 pag.
701 2866 757 2897 44.
