2051 3273
166 257 243 297 174
895 253 1117 285 JOHANNIS
1143 253 1338 285 wchlr.
1561 239 1666 297 [CAP.
1678 250 1757 278 vni.

168 366 373 399 Corruptions
395 365 429 393 of
447 357 566 397 cartis
599 357 770 396 dimisso
803 356 956 396 officio.
1011 358 1125 396 Talis
1165 357 1276 396 enim
1314 357 1509 397 securitas
1543 357 1909 403 confundit152ap

192 403 241 429 the
264 402 401 430 miuron.
447 427 679 478 ecclesiam,
725 440 822 466 cum
868 427 958 466 telis
998 426 1235 479 sophisticis
1274 440 1399 479 super
1436 426 1761 481 equivocacione

448 510 530 549 que
562 505 622 536 est
653 496 856 549 ypocrisis
891 505 929 536 et
961 496 1244 548 mendacium,
1279 496 1470 536 diabolus
1504 505 1543 536 et
1574 497 1762 536 membra

448 580 523 605 sua
564 566 824 605 concludunt
868 566 1050 605 ecclesie.
1098 566 1204 615 Quis
1250 579 1381 619 queso
1426 579 1513 605 non
1557 566 1763 619 decipitur

448 636 572 674 hodie
616 635 657 674 in
705 635 942 674 adherendo
989 635 1095 687 parti
1140 635 1309 674 ecclesie
1353 635 1679 688 malignancium
1725 645 1795 679 et5

449 705 625 744 colendo
672 704 808 756 ipsam
853 713 898 744 ut
941 705 1181 743 membrum
1226 701 1417 744 ecclesie?
1451 705 1556 754 Quis
1595 705 1804 757 insupera

450 788 535 813 non
578 773 730 826 aspirat
773 774 823 813 ad
866 773 1020 813 fastum
1063 774 1190 814 seculi
1222 775 1286 814 vel
1318 775 1548 827 primatum
1580 776 1644 814 vel
1681 775 1763 827 pri-

450 844 662 897 vilegium,
703 857 801 883 cum
839 852 979 883 tamen
1014 844 1064 884 sit
1096 844 1410 884 sceleratissima
1442 845 1689 896 corruptela,
1723 845 1763 882 in

449 923 615 953 tantum
640 914 756 966 quod
791 926 888 965 sepe
923 913 1146 953 incidimus
1179 914 1222 952 in
1254 914 1358 953 illud
1388 928 1437 953 ve
1469 914 1765 967 propheticum

449 984 571 1023 Ysaie
595 984 665 1035 VO,
692 993 764 1023 20:
809 982 863 1023 Ve
895 985 968 1036 qui
999 983 1138 1023 dicitis
1161 984 1315 1023 honum
1350 985 1511 1023 malum
1543 991 1581 1023 et
1602 983 1762 1022 malum
1786 1006 1823 1027 10

451 1053 621 1093 bonum.
668 1054 822 1093 Nonne
868 1053 1091 1105 diligencia
1123 1063 1264 1094 nostra
1309 1054 1493 1093 ostendit
1525 1054 1639 1107 quod
1672 1054 1804 1107 plusb

450 1123 743 1176 appreciamus
767 1132 896 1162 cartas
920 1132 958 1162 et
980 1123 1195 1177 privilegia
1225 1124 1412 1163 humana
1436 1137 1564 1177 quam
1588 1123 1765 1176 scriptu-

450 1207 539 1232 ram
583 1207 741 1233 sacram
784 1202 823 1232 et
856 1193 1068 1246 privilegia
1100 1207 1181 1246 que
1218 1193 1408 1233 Christus
1449 1193 1533 1232 suis
1563 1190 1766 1247 instituit?

450 1265 505 1303 Et
536 1263 708 1304 indubie
740 1272 787 1304 ut
826 1263 882 1302 sic
915 1263 1103 1303 cadimus
1136 1278 1158 1302 a
1191 1264 1514 1317 quibuscunque
1546 1263 1652 1303 veris
1685 1263 1764 1315 pri-

449 1332 608 1387 vilegiis
652 1347 726 1386 per
767 1334 961 1383 abusum,
1008 1333 1105 1386 quia
1149 1333 1263 1372 iuxta
1307 1334 1475 1372 beatum
1515 1332 1822 1386 Gregorium15

451 1403 510 1457 (et
542 1403 714 1457 ponitur
746 1404 786 1442 in
821 1403 994 1443 decretis
1026 1404 1115 1454 XIa,
1149 1417 1187 1456 q.
1224 1404 1290 1442 III.
1336 1402 1643 1457 Privilegium)
1670 1404 1766 1455 pri-

451 1476 652 1528 vilegium
693 1475 814 1514 debet
852 1475 1047 1514 amittere
1091 1474 1164 1526 qui
1200 1485 1280 1513 sua
1315 1475 1509 1513 abutitur
1541 1480 1765 1526 potestate.

452 1544 565 1585 Cum
597 1559 694 1597 ergo
739 1558 867 1584 omne
899 1543 1151 1583 racionabile
1183 1544 1247 1582 vel
1280 1543 1379 1583 utile
1413 1543 1582 1582 ecclesie
1612 1542 1767 1582 Christi

451 1615 565 1668 prius
610 1615 660 1653 ab
707 1614 799 1667 ipso
844 1614 1088 1653 conceditur
1133 1623 1172 1653 et
1217 1613 1259 1652 in
1304 1622 1415 1653 carta
1446 1614 1508 1652 vel
1542 1613 1649 1652 libro
1689 1626 1767 1652 suo

451 1685 703 1736 inscribitur,
751 1693 865 1737 patet
909 1685 1025 1738 quod
1071 1683 1269 1723 scrutinio
1308 1683 1420 1723 illius
1452 1682 1543 1721 libri
1589 1691 1627 1722 et
1666 1696 1826 1723 COD-20

453 1755 607 1794 dicioni
655 1755 731 1794 sub
776 1768 860 1808 qua
891 1753 1166 1807 privilegiavit
1211 1753 1412 1792 debemus
1458 1752 1595 1805 primo
1634 1761 1765 1791 atten-

453 1826 560 1865 dere.
614 1823 709 1864 Non
757 1825 870 1864 enim
921 1824 1131 1878 sequitur:
1177 1825 1309 1863 Datus
1354 1831 1596 1876 potentatus
1641 1822 1766 1861 seculi

453 1895 658 1934 concessit
700 1895 782 1934 hoc
823 1903 867 1934 ut
905 1894 1171 1947 privilegium
1204 1895 1297 1933 date
1330 1893 1513 1944 ecclesie,
1559 1906 1656 1945 ergo
1688 1892 1768 1931 hoc

453 1974 513 2004 est
556 1965 802 2004 rationabile
853 1964 937 2003 sive
969 1977 1130 2003 verum.
1188 1964 1284 2003 Ideo
1329 1972 1496 2016 oportet
1528 1963 1635 2002 ultra
1668 1976 1768 2001 con-

454 2034 688 2074 cessionem
727 2034 898 2073 scrutari
933 2034 1122 2087 regulam
1152 2047 1225 2086 per
1256 2047 1386 2086 quam
1419 2033 1530 2072 racio
1564 2031 1830 2085 privilegii25'

453 2105 601 2143 debeat
632 2104 819 2144 iudicari.

191 2184 219 2211 A
240 2191 310 2223 case
331 2192 363 2210 as
383 2187 413 2210 to
512 2175 629 2226 Esto,
647 2174 835 2227 inquam,
853 2174 969 2226 quod
986 2174 1131 2213 Petrus
1154 2182 1396 2226 potentatus
1419 2172 1545 2211 seculi
1570 2172 1770 2211 concedat
1786 2178 1820 2218 Q,

226 2219 383 2253 prwssege'
455 2244 722 2297 privilegium
745 2244 1125 2283 westmonasterio
1160 2244 1235 2282 sub
1268 2243 1345 2282 hac
1370 2242 1505 2281 forma
1536 2243 1652 2295 quod
1684 2241 1770 2295 qui-

456 2327 622 2366 cunque
656 2323 1035 2367 quantumcunque
1058 2312 1271 2352 maleficus
1304 2312 1516 2352 intraverit
1549 2320 1665 2364 septa
1697 2325 1770 2350 sua

454 2383 622 2422 habebit
670 2384 984 2424 immunitatem
1027 2383 1337 2434 omnimodam,
1381 2383 1437 2422 sic
1479 2391 1620 2422 tamen
1655 2381 1771 2434 quod
1787 2387 1828 2419 30

456 2453 496 2491 in
530 2453 666 2505 prima
700 2454 970 2493 conclusione
1003 2454 1043 2492 in
1078 2467 1159 2506 qua
1193 2462 1289 2505 post
1320 2452 1542 2491 introitum
1572 2466 1595 2490 a
1618 2464 1769 2503 prepo-

509 2597 528 2616 1.
550 2591 578 2616 A
599 2590 628 2617 in
645 2597 760 2625 marg:
782 2589 962 2617 Conclusio.
1106 2598 1135 2623 4.
1157 2588 1309 2617 ecclesie?
1330 2588 1478 2616 Fortasse
1492 2587 1674 2622 legendum:
1697 2593 1771 2613 con·

455 2636 589 2664 fundunt
609 2636 785 2664 ecclesiam.
929 2636 956 2663 8.
978 2637 1017 2664 B:
1052 2635 1129 2663 Cum
1155 2641 1257 2663 tamen
1283 2635 1348 2663 scit.
1492 2635 1529 2662 15.
1551 2635 1578 2661 A
1599 2633 1629 2660 in
1657 2639 1771 2666 marga

457 2681 635 2710 Conclusio.
778 2691 825 2710 20.
859 2691 897 2710 21.
925 2684 957 2710 In
984 2684 1092 2710 codd:
1129 2682 1335 2710 Condicione.
1478 2689 1519 2708 22.
1545 2681 1623 2707 Ain
1658 2687 1771 2713 marg:

458 2728 501 2754 Dc
522 2729 690 2763 privilegiis
711 2729 972 2756 monasteriorum
1000 2734 1027 2756 et
1054 2730 1265 2756 ecclesiarum.
1304 2728 1418 2762 (Below
1449 2727 1507 2755 152¹l
1535 2727 1662 2753 without
1688 2724 1774 2752 marl<

458 2774 492 2801 of
510 2775 690 2810 reference.)
834 2783 876 2810 27.
901 2777 928 2802 A
949 2775 979 2803 in
1003 2784 1115 2811 marg:
1139 2775 1249 2802 Casus,

523 2869 569 2900 16.
599 2871 679 2901 Dec.
708 2881 775 2901 sec.
806 2881 897 2912 pars,
926 2881 1027 2902 causa
1056 2871 1110 2910 XI,
1142 2881 1174 2912 q.
1203 2871 1256 2909 Ill,
1283 2881 1316 2901 c.
1346 2870 1457 2901 LXIII.
