2051 3273
197 223 283 272 434
912 229 1134 261 JOHANNIS
1160 229 1354 261 WYCLIF.
1563 214 1669 272 [CAP.
1687 225 1798 253 xvm.

486 335 820 374 misericordiam
853 348 981 388 quam
1014 334 1057 372 in
1091 343 1282 386 tempore
1316 347 1388 373 sue
1421 333 1719 384 adolescencie,
1767 341 1805 372 et
1824 342 1953 375 188⁰P

488 406 545 444 sic
576 419 670 445 vere
703 413 876 444 vocatur
908 404 1035 443 vidua
1079 412 1251 456 propter
1296 403 1618 456 elongacionem
1659 402 1805 455 sponsi

487 475 536 514 ab
561 489 607 514 ea
629 474 918 527 peregrinante
950 474 1000 513 ad
1031 474 1222 526 patriam,
1257 474 1361 512 dum
1391 473 1561 512 Psalmo
1599 472 1806 523 CXXX10,

494 545 555 595 15,
588 544 685 583 dicit
707 554 906 596 sponsus:
939 542 1117 583 Viduam
1151 544 1240 582 eius
1273 542 1518 582 benedicens
1549 542 1805 582 benedicam.

215 620 363 648 rtwouid
385 620 460 647 bea
546 614 726 654 Ulterius
760 614 865 653 foret
908 627 1016 666 opus
1056 613 1222 652 doctole
1267 614 1457 664 detegere
1502 612 1603 665 quid
1641 611 1858 664 proprieQ,

198 656 294 690 fitting
314 655 401 681 work
425 654 473 681 for

222 690 453 752 ttgessoeffcvtvohrasso
489 692 527 722 et
562 683 663 736 quid
696 683 926 736 improprie
963 697 1007 722 ac
1038 682 1254 736 figurative
1277 682 1499 721 conveniat
1522 690 1662 720 sancte
1685 681 1807 721 matri

216 760 385 822 ssljgrgaffssgee
400 759 460 819 iim
489 753 672 804 ecclesie,
707 753 803 806 quia
836 753 961 792 nimis
994 761 1240 805 suspectum
1272 752 1447 791 verbum
1481 760 1520 791 et
1553 751 1714 791 carnale
1747 759 1808 790 est

234 816 449 861 iihatliterak
491 822 624 862 dicere
677 824 794 876 quod
838 823 1009 862 ecclesia
1054 822 1224 875 proprie
1268 822 1392 861 habet
1437 821 1724 874 possessiones
1770 829 1809 860 et

490 892 703 945 privilegia
743 892 1027 942 Constantini,
1074 893 1146 931 sed
1190 890 1419 944 improprie
1471 899 1532 930 est
1575 899 1707 929 mater
1744 891 1809 930 vel

490 976 644 1014 sponsa
669 961 836 1003 Christi.
862 962 1003 1000 Primo
1035 958 1246 1016 (inquam)
1285 961 1547 1014 querendum
1570 968 1676 999 esset
1708 960 1867 1013 quidm

247 1047 271 1065 e·
293 1046 320 1073 g·
344 1041 429 1064 asto
490 1031 657 1083 proprie
691 1031 795 1070 foret
829 1031 1011 1082 ecclesia,
1055 1031 1087 1070 si
1127 1030 1304 1083 aliquid,
1350 1043 1437 1068 non
1479 1038 1670 1082 superest
1707 1029 1809 1082 quid

231 1072 440 1136 gssgssssfisigh}
490 1100 598 1140 foret
621 1100 699 1140 nisi
733 1100 985 1152 substancia,
1020 1110 1058 1140 et
1090 1100 1264 1140 ulterius
1298 1099 1590 1138 descendendo
1625 1097 1690 1153 (ut
1713 1112 1810 1151 sepe

277 1149 403 1178 person.
490 1170 625 1223 tetigi)
657 1180 869 1223 oporteret
901 1171 1128 1210 concedere
1163 1171 1279 1223 quod
1308 1169 1478 1209 ecclesia
1502 1169 1552 1209 sit
1575 1168 1811 1209 substancia

493 1253 691 1292 corporea
731 1249 770 1279 et
811 1240 866 1279 sic
905 1254 1057 1293 corpus
1108 1239 1343 1278 animatum
1380 1238 1648 1289 racionabile,
1683 1246 1723 1277 et
1754 1237 1810 1276 sic

491 1310 657 1362 proprie
696 1309 802 1349 foret
835 1310 981 1359 homo,
1016 1318 1055 1348 et
1086 1323 1159 1362 per
1197 1322 1458 1361 consequens
1501 1307 1810 1361 desponsanda.
1833 1313 1867 1345 15

493 1378 791 1428 Confirmatur‚
808 1379 979 1418 ecclesia
1013 1388 1073 1418 est
1107 1378 1275 1431 proprie
1300 1377 1560 1430 privilegiata
1583 1386 1622 1417 et
1644 1390 1809 1430 posses-

493 1448 655 1488 sionata
687 1447 754 1503 (ut
786 1447 977 1503 dicitnr);
1023 1449 1138 1501 quod
1177 1461 1264 1486 non
1304 1447 1409 1487 foret
1449 1447 1527 1485 nisi
1568 1455 1713 1499 posset
1754 1445 1812 1485 uti

495 1517 719 1571 privilegiis
743 1527 783 1557 et
812 1518 922 1558 vesci
956 1517 1304 1570 possessionibus.
1327 1517 1438 1569 Ergo
1472 1515 1643 1555 ecclesia
1674 1524 1815 1568 posset

495 1589 715 1627 comedere
736 1586 758 1611 ³³²
783 1596 821 1627 et
860 1597 976 1627 actus
1011 1588 1222 1627 humanos
1255 1586 1495 1627 consimiles
1536 1599 1736 1637 exercere,
1777 1590 1911 1625 et188d

495 1670 569 1710 per
604 1671 865 1711 consequens
899 1657 1071 1697 ecclesia
1107 1657 1212 1697 foret
1253 1656 1488 1696 substancia
1520 1655 1703 1694 animata
1735 1667 1815 1708 que
1831 1672 1872 1694 20

493 1736 708 1780 generaret
740 1741 913 1766 omnem
946 1727 1181 1777 hominem,
1221 1735 1260 1766 et
1298 1726 1354 1765 sic
1396 1740 1493 1765 cum
1526 1725 1633 1765 foret
1664 1724 1814 1764 indivi-

496 1798 630 1836 duum
664 1796 853 1836 eiusdem
876 1796 1029 1849 speciei
1053 1796 1353 1849 specialissime
1378 1809 1475 1835 cum
1500 1795 1619 1835 omni
1641 1794 1816 1833 homine

496 1866 675 1905 univoce
698 1880 900 1919 generans
922 1866 1157 1917 hominem,
1180 1865 1286 1905 foret
1308 1867 1442 1905 homo
1467 1863 1531 1919 (ut
1554 1878 1651 1917 sepe
1674 1864 1818 1903 dicunt

496 1934 659 1988 sancti).
712 1937 766 1975 Et
799 1944 961 1975 certum
1004 1945 1065 1975 est
1102 1936 1216 1989 quod
1256 1934 1486 1988 improprie
1525 1934 1632 1973 foret
1670 1933 1816 1985 homo,

499 2020 593 2045 cum
610 2006 778 2045 haberet
797 2006 1011 2058 propriam
1028 2005 1427 2055 individuacionem,
1450 2004 1666 2056 propriam
1680 2003 1815 2042 racio·
1835 2010 1874 2042 25

498 2075 755 2114 nabilitatem
789 2084 827 2113 et
858 2074 1193 2127 propriissimam
1225 2073 1533 2126 perfeccionem
1565 2072 1815 2123 humanam;

499 2158 597 2184 nam
629 2144 706 2182 nisi
741 2144 845 2183 foret
878 2144 1127 2195 substancia,
1174 2153 1323 2196 potens
1368 2156 1553 2182 exercere
1593 2152 1709 2181 actus
1754 2155 1817 2181 ra-

501 2214 696 2265 cionales,
736 2222 783 2252 ut
821 2222 935 2252 actus
970 2214 1252 2266 promerendi,
1294 2212 1611 2264 contemplandi
1645 2220 1684 2250 et
1715 2225 1817 2264 gau-

230 2292 257 2319 If
275 2292 323 2319 the
346 2290 469 2318 Church
502 2283 640 2334 dendi,
673 2283 789 2323 aliter
814 2284 1026 2336 indignius
1051 2298 1179 2337 quam
1202 2285 1436 2323 sacerdotes
1460 2283 1558 2322 Baal
1582 2282 1821 2321 comederet

293 2328 317 2353 is
339 2327 411 2362 only

214 2362 669 2424 soffffiississiffelfft'istanmm
702 2353 855 2393 cibum.
890 2354 930 2393 Si
964 2354 1112 2393 dicitur
1141 2354 1256 2406 quod
1287 2353 1458 2392 ecclesia
1489 2351 1657 2404 proprie
1694 2350 1821 2390 nichil
1838 2357 1879 2389 30

372 2416 400 2432 D>

212 2431 488 2467 literaiiynothing‚
505 2431 564 2461 est
597 2423 667 2461 sed
691 2432 750 2462 est
773 2423 925 2476 aliqua,
961 2432 1060 2462 tunc
1091 2423 1412 2475 concedendum
1435 2421 1541 2460 foret
1575 2420 1822 2473 simpliciter

504 2493 619 2545 quod
653 2492 823 2532 ecclesia
856 2492 982 2531 nichil
1015 2501 1086 2532 est.
1121 2493 1163 2532 Si
1198 2492 1310 2531 enim
1343 2491 1414 2530 illa
1446 2489 1688 2543 simpliciter
1721 2496 1851 2528 con-1

557 2661 582 2689 3.
609 2662 648 2689 B:
680 2663 940 2698 peregrinantem.
1066 2663 1091 2691 5.
1121 2663 1177 2697 Al:
1206 2663 1377 2690 doctorem.
1487 2661 1528 2688 16.
1549 2661 1578 2688 A
1598 2662 1655 2695 Al:
1681 2665 1709 2687 et
1729 2661 1822 2687 deest.

507 2716 550 2742 19.
567 2709 588 2735 B
600 2718 606 2735 z
620 2709 776 2736 humanos
793 2710 965 2736 sensibiles.
1039 2717 1078 2738 21.
1094 2716 1136 2736 22.
1154 2709 1193 2735 ss:
1208 2708 1288 2736 foret
1301 2708 1453 2735 iudicium
1469 2707 1619 2734 eiusdem.
1693 2706 1734 2734 25.
1751 2706 1820 2734 risi-

507 2755 655 2782 bilitatem
677 2756 706 2782 in
729 2756 821 2783 codd.
895 2755 941 2782 30.
957 2757 985 2783 A
1001 2756 1031 2783 in
1052 2763 1150 2790 marg.
1164 2765 1170 2781 z
1185 2755 1361 2790 Responsio
1383 2756 1527 2789 quedam.
1543 2752 1625 2780 Nota
1646 2753 1670 2779 si
1692 2753 1822 2780 ecclesia

506 2806 550 2828 est
571 2802 694 2836 proprie
714 2810 830 2835 corpus
846 2806 947 2837 etque
971 2802 1128 2836 predicata
1152 2802 1210 2829 sibi
1228 2801 1352 2838 proprie
1367 2800 1562 2832 conveniant,
1578 2799 1647 2827 vide
1664 2799 1822 2826 modicum

506 2853 575 2874 ante
596 2848 719 2882 (Above
736 2848 946 2875 ib'ssdwiihout
968 2848 1054 2875 mark
1076 2848 1111 2875 of
1128 2848 1305 2882 reference).
1451 2846 1493 2873 32.
1516 2846 1554 2872 B:
1578 2846 1611 2873 Si
1632 2850 1676 2872 est
1698 2846 1758 2873 illa.
