2051 3273
224 201 302 250 340

285 321 432 349 Customs

254 358 386 390 proving
406 357 456 382 the

237 391 344 427 ffing's
365 392 474 429 rights,

234 878 417 912 acquiesced
438 878 467 904 in

235 913 274 948 by
295 914 342 939 the
366 913 477 948 clergy.

265 1433 375 1468 Agaiu,
397 1442 442 1460 we

231 1474 327 1496 assei-t
346 1469 408 1495 that
428 1469 477 1495 the

232 1504 337 1537 king&-
359 1505 432 1539 duty
451 1504 476 1530 is

238 1544 269 1565 to
293 1539 360 1565 take
381 1539 460 1565 from

211 1574 287 1601 salse
311 1574 486 1609 clergynien

226 1610 285 1635 and
307 1615 423 1635 restore
446 1615 475 1635 10

250 1645 298 1670 the
321 1644 456 1670 Church.

938 208 1159 242 JOHANNIS
1186 208 1382 241 WYCLIF.
1616 196 1721 254 [CAP.
1745 206 1812 235 xv.

509 325 737 365 regnorum
770 320 808 351 et
841 313 890 351 de
923 312 1120 352 dominiis
1154 313 1386 352 alienorum
1418 326 1563 366 regum
1595 313 1700 353 infra
1739 313 1816 352 alia
1837 323 1967 367 1761211

508 395 634 434 regna
673 381 892 420 contentis.
938 381 1017 421 Sed
1067 393 1113 421 ut
1156 382 1438 422 meminerunt
1469 383 1680 423 recencius
1719 383 1817 423 iuris

506 451 625 504 regis,
672 460 895 504 optentum
938 460 997 491 est
1034 452 1251 504 privilegio
1293 452 1489 491 laudabili
1530 452 1641 505 regni
1687 453 1819 492 nostri

506 522 621 574 quod
655 521 695 559 in
730 520 935 560 mortibus
970 521 1204 561 multorum
1235 522 1501 561 sacerdotum
1537 522 1606 575 qui
1642 523 1691 561 de
1722 535 1818 576 rege

505 599 649 630 tenent
692 591 733 629 in
781 590 906 630 feodo
952 591 1197 644 temporalia
1257 592 1404 630 cedant
1450 592 1547 644 regi.
1611 592 1731 632 Unde
1770 603 1849 635 ex5

505 660 591 700 iure
624 669 869 713 patronatus
903 660 1061 700 confert
1099 660 1298 700 beneficia
1338 661 1504 700 interim
1537 661 1744 712 vacancia,
1779 670 1817 700 et

504 730 723 770 licenciato
759 731 942 783 capitulo
987 732 1038 770 ad
1081 744 1236 770 novam
1281 730 1534 769 eleccionem
1579 740 1816 783 presentato

505 800 579 838 sibi
614 800 744 839 electo
778 801 984 853 approbat
1016 800 1079 839 vel
1110 800 1306 852 reprobat
1338 800 1443 839 sicut
1487 800 1634 852 placet.
1695 800 1816 840 Unde

505 883 600 909 cum
635 884 703 909 rex
736 879 871 922 preter
901 869 998 909 istas
1042 870 1215 922 regalias
1261 868 1394 909 aufert
1437 883 1533 922 sepe
1570 869 1816 922 temporalia

505 953 527 978 a
550 939 741 992 capitulis
766 940 895 979 eciam
924 939 1074 990 invitis,
1096 940 1159 979 vel
1183 948 1348 992 oportet
1375 939 1508 978 dicere
1537 940 1651 992 quod
1674 939 1816 978 omnia
1834 961 1873 982 10

504 1009 581 1049 ista
613 1010 707 1049 licet
739 1009 814 1048 sibi
849 1008 980 1049 facere
1011 1009 1076 1048 vel
1108 1009 1139 1048 si
1174 1022 1259 1048 non
1289 1017 1427 1061 potest
1458 1018 1556 1048 tunc
1580 1022 1677 1048 cum
1709 1008 1816 1048 facto

506 1079 611 1118 foret
643 1079 861 1130 hereticus,
895 1087 934 1118 et
966 1092 1038 1131 per
1061 1092 1323 1131 consequens
1354 1078 1411 1117 illi
1445 1092 1491 1117 ex
1520 1078 1687 1117 vecordi
1718 1078 1816 1118 taci-

504 1149 701 1206 turnitate
734 1157 773 1187 et
805 1147 1098 1200 redempcione
1142 1147 1439 1200 temporalium
1470 1161 1551 1201 que
1594 1147 1819 1200 capitaliter

503 1215 703 1269 tenerent,
734 1220 783 1258 de
813 1227 930 1257 tanto
959 1218 1123 1257 heretici
1149 1217 1283 1257 forent
1313 1217 1465 1257 heresis
1488 1231 1561 1257 sue
1584 1217 1815 1270 participes.

505 1288 591 1334 Cur
635 1302 732 1340 ergo
778 1302 824 1327 ex
870 1287 1146 1326 fundamento
1194 1287 1394 1339 scripture
1444 1301 1554 1326 sacre
1602 1287 1665 1325 vel
1718 1287 1891 1331 iuris15=

504 1358 693 1397 canonici
726 1358 806 1396 hoc
840 1371 924 1396 non
958 1353 1134 1395 docent?

563 1428 713 1467 Tercio
765 1426 1046 1479 principaliter
1089 1426 1275 1479 arguitur
1326 1427 1375 1464 de
1430 1427 1520 1479 lege
1574 1426 1648 1465 Dei
1694 1435 1850 1479 atque1

504 1497 672 1536 ecclesie
712 1498 826 1550 quod
864 1511 930 1535 rex
972 1497 1092 1535 debet
1125 1496 1164 1534 in
1199 1510 1295 1535 casu
1328 1496 1564 1535 subtrahere
1598 1510 1691 1535 suas
1736 1496 1815 1534 ele-

503 1567 686 1606 mosinas
719 1581 740 1604 a
775 1567 1071 1605 nominetenus
1104 1565 1259 1605 clericis
1283 1575 1321 1604 et
1343 1566 1556 1605 restituere
1579 1580 1645 1605 eas
1678 1574 1816 1605 sancte

503 1637 623 1675 matri
648 1636 827 1676 ecclesie.
858 1638 967 1675 Nam
999 1636 1078 1674 hoc
1113 1634 1217 1674 foret
1250 1635 1611 1687 complementum
1641 1635 1816 1687 iusticie,
1832 1657 1874 1679 20

502 1707 750 1757 prodessens
775 1706 1017 1745 altrinsecus
1040 1704 1347 1757 omniquaque;
1370 1719 1465 1745 cum
1483 1719 1580 1758 ergo
1603 1706 1654 1744 ad
1677 1719 1815 1758 regem

502 1776 682 1814 maxime
717 1775 895 1827 pertinet
928 1774 1058 1813 facere
1082 1774 1290 1813 iusticiam
1313 1775 1352 1812 in
1376 1775 1497 1814 rebus
1522 1774 1716 1814 subiectis
1739 1788 1816 1814 suo

506 1845 711 1895 dominio,
761 1845 951 1897 sequitur
998 1845 1112 1897 quod
1163 1845 1212 1882 ad
1272 1858 1410 1895 regem
1467 1844 1817 1897 pertinentissime

501 1923 658 1966 spectat
692 1915 1055 1966 complementum
1089 1914 1180 1952 talis
1212 1914 1385 1965 justicie.
1420 1915 1681 1953 Antecedens
1705 1922 1818 1967 patet

501 1997 547 2021 ex
593 1984 671 2022 hoc
716 1985 831 2036 quod
877 1984 1015 2023 omnis
1060 1983 1115 2022 sic
1160 1983 1653 2035 pertinaciterssabutens
1696 1983 1912 2038 bonis17r)c

501 2053 668 2092 ecclesie
701 2064 760 2092 est
793 2054 996 2093 hereticus
1032 2052 1096 2108 (ut
1129 2062 1241 2105 patet
1273 2052 1314 2091 in
1347 2052 1429 2091 fine
1451 2051 1555 2092 XIIIi
1589 2050 1711 2107 cap.).
1736 2053 1815 2092 Sed

501 2136 598 2161 cum
645 2123 783 2161 omnis
827 2124 1032 2162 hereticus
1077 2123 1229 2162 iniuste
1282 2136 1493 2175 occupans
1549 2123 1658 2162 bona
1702 2122 1815 2176 regni

500 2193 629 2231 nostri
663 2203 723 2232 est
755 2193 1013 2245 spolianduS,
1048 2202 1087 2232 et
1119 2193 1230 2231 bona
1264 2193 1518 2232 restituenda
1540 2193 1645 2232 veris
1679 2192 1814 2231 domi-

500 2262 576 2313 nis,
608 2262 771 2302 videtur
804 2264 919 2315 quod
953 2264 1064 2301 bona
1104 2262 1171 2301 illa
1206 2262 1357 2315 quibus
1390 2276 1459 2302 rex
1491 2272 1575 2302 tam
1608 2262 1814 2315 principa-

499 2332 589 2370 liter
622 2333 877 2383 dominatur,
908 2342 1004 2371 sunt
1037 2346 1109 2385 per
1141 2345 1281 2384 regem
1315 2332 1581 2372 confiscanda
1628 2342 1668 2372 et
1709 2332 1815 2372 veris
1831 2343 1873 2375 30

500 2402 681 2440 dominis
704 2402 971 2452 restituenda,
1005 2402 1236 2454 specialiter
1258 2403 1297 2442 in
1322 2413 1406 2442 tam
1430 2403 1627 2456 pertinaci
1661 2402 1814 2441 desidia

499 2471 724 2524 spiritualis
759 2472 971 2524 prepositi.
1018 2473 1102 2511 Nec
1139 2473 1245 2511 valet
1278 2473 1412 2512 dicere
1444 2474 1559 2525 quod
1592 2473 1642 2511 ad
1676 2486 1814 2525 regem

500 2555 584 2580 non
620 2542 795 2593 pertinet
819 2555 1072 2593 cognoscere
1097 2556 1222 2594 super
1252 2543 1430 2582 heretica
1464 2542 1682 2595 pravitate3
1716 2541 1814 2594 quia

551 2743 576 2768 7.
605 2735 643 2761 13:
671 2735 793 2762 licento.
939 2743 978 2768 ιιι..
1008 2735 1043 2762 B:
1079 2736 1115 2762 de
1136 2741 1219 2763 tanto
1245 2736 1389 2764 heretico.
1534 2744 1574 2772 19.
1602 2737 1630 2763 A
1650 2737 1679 2763 in
1701 2743 1813 2771 marga

499 2778 610 2807 Tercia
627 2781 721 2807 racio
831 2789 870 2807 21.
892 2781 930 2809 13:
952 2782 1143 2816 omniquam.
1253 2783 1298 2809 26.
1321 2782 1812 2818 A:XX11.cap.,corrcxi1X111.

498 2826 555 2859 Al:
576 2825 669 2852 XXII.
817 2828 859 2854 32.
882 2828 909 2853 A
931 2827 958 2853 in
982 2835 1097 2862 marg:
1119 2828 1234 2856 Ficcio¹
