2051 3273
230 256 317 286 CAP.
337 247 430 305 vin]
749 262 806 293 DE
833 261 1066 293 ECCLESIA.
1756 252 1823 288 161

79 375 109 408 Ο
139 374 398 417 151¹¹oportet
429 366 568 404 Deum
591 379 679 404 esse
712 379 876 405 summe
909 366 1168 404 mendacem.
1203 366 1301 404 Non
1335 365 1447 404 enim
1487 374 1545 404 est

230 434 476 487 fingendum
499 435 720 488 quomodo
754 435 1033 487 pertinencius
1060 434 1351 474 denominaret
1378 434 1543 474 habitus

230 504 437 544 mendacii
470 504 705 544 subiectum
738 518 864 544 suum
888 519 1017 558 quam
1039 505 1233 556 mendax,
1257 517 1354 544 cum
1378 504 1541 544 mentiri

229 574 279 614 sit
311 589 417 627 opus
449 574 626 615 virtutis.

188 651 213 683 3
285 644 402 695 Item,
444 658 641 697 suppono
680 659 726 684 ex
772 644 851 683 fide
885 644 1085 697 scripture
1130 645 1245 697 quod
1290 645 1401 683 Deus
1447 644 1545 683 dicit

229 712 429 766 quicquid
474 723 657 753 creatura
702 714 840 767 aliqua
885 715 988 753 bene
1035 714 1151 763 dicit;
1209 722 1322 766 patet
1372 728 1418 752 ex
1463 714 1543 752 hoc

228 783 344 835 quod
384 783 523 822 omnis
562 792 747 822 creatura
786 792 831 822 ut
876 783 931 822 sic
978 792 1038 822 est
1070 797 1277 837 organum
1312 783 1383 822 Dei
1430 783 1542 835 prim

229 852 401 904 cipalius
452 852 626 891 dicentis
686 867 813 905 quam
869 867 941 892 sua
994 852 1146 904 fistula,
1201 853 1312 892 iuxta
1364 854 1542 891 modum

227 921 427 974 loquendi
452 922 603 961 Psalmi
629 919 864 972 LXXXIVss
906 932 949 975 9:
988 923 1172 962 Audiam
1207 923 1310 975 quid
1342 924 1545 976 loquatur

174 993 268 1031 ioin
303 1005 367 1031 me
397 992 596 1031 dominus
620 993 752 1031 Deus.
788 993 839 1031 Et
862 993 1094 1044 Apostolus
1119 993 1184 1044 11³,
1220 993 1542 1032 Corinthiorum

227 1062 355 1113 Xllls‘,
392 1063 433 1100 3:
473 1063 537 1100 An
577 1064 915 1114 experimentum
959 1063 1137 1114 queritis
1176 1064 1266 1102 eius
1297 1064 1369 1115 qui
1402 1065 1443 1101 in
1478 1076 1543 1101 mc

229 1131 417 1183 loquitur
471 1132 680 1171 Christus.
746 1133 804 1170 Ex
857 1132 1011 1185 quibus
1056 1145 1154 1171 cum
1204 1132 1310 1171 veris
1359 1133 1545 1185 sequitur

226 1201 341 1253 quod
384 1209 467 1239 tam
515 1201 673 1241 trinitas
712 1216 839 1254 quam
874 1202 1063 1241 Christus
1097 1202 1341 1241 humanitus
1376 1202 1470 1241 facit
1502 1202 1540 1239 in

226 1271 343 1309 omni
376 1270 601 1310 christiano
627 1272 826 1311 mendace
850 1273 1135 1325 quodcunque
1165 1272 1432 1310 mendacium
1462 1272 1541 1310 vii·-

172 1344 413 1391 15tuosum‚
459 1350 498 1379 et
545 1355 637 1380 cum
679 1342 912 1381 virtuosum
959 1356 1043 1381 non
1092 1342 1143 1381 sit
1188 1342 1420 1381 distrahens
1473 1343 1541 1380 sed

226 1411 372 1462 pocius
405 1411 624 1457 viciosum,
659 1413 846 1464 sequitur
878 1413 992 1464 quod
1028 1413 1138 1451 Deus
1172 1412 1416 1464 simpliciter
1450 1412 1544 1450 facit

227 1481 510 1531 mendacium,
556 1490 594 1520 et
641 1495 735 1520 cum
786 1482 884 1520 dicit
929 1481 1076 1521 falsum
1118 1483 1263 1521 eadem
1304 1482 1542 1521 intencione

227 1563 308 1602 qua
353 1550 600 1588 christianus
646 1551 712 1603 pie
758 1551 984 1601 menciens,
1029 1552 1218 1604 sequitui·
1269 1552 1383 1604 quod
1430 1553 1541 1590 Deus

226 1619 572 1672 principalissime
620 1620 823 1659 mentitur
866 1630 905 1659 et
949 1635 1022 1673 per
1060 1635 1323 1674 consequens
1364 1623 1539 1660 mendax

168 1704 208 1724 20
226 1698 299 1740 est⁷
333 1698 378 1728 ut
400 1698 515 1742 patei·
538 1690 638 1739 eius,
674 1700 719 1729 ut
750 1691 943 1729 Christus
977 1691 1074 1729 dicit
1105 1691 1307 1730 ,iohannis
1331 1692 1457 1741 VIII0,
1486 1704 1543 1742 44

225 1760 274 1798 de
308 1761 400 1813 ipso
434 1760 615 1799 diabolo.
662 1760 775 1799 Cum
807 1761 919 1799 enim
953 1761 1066 1800 Deus
1099 1761 1171 1799 illo
1203 1761 1334 1799 modo
1371 1762 1541 1800 menda-

226 1830 337 1869 cium
381 1830 579 1883 loquitur,
627 1844 672 1868 ex
719 1830 897 1882 propriis
930 1830 1130 1883 loquitur,
1164 1844 1258 1870 cum
1293 1831 1344 1871 sit
1378 1831 1470 1869 fons
1504 1839 1542 1869 et

224 1899 341 1952 origo
375 1900 594 1951 mendacii,
640 1908 678 1938 et
715 1900 771 1938 ita
803 1914 901 1939 cum
933 1900 1033 1939 dicit
1063 1901 1219 1953 angelis
1253 1900 1468 1940 veritatem
1501 1901 1540 1938 in

224 1969 363 2020 verbo,
398 1969 518 2008 nobis
551 1969 801 2008 menciendo
826 1969 933 2008 foret
955 1969 1109 2022 duplex
1142 1969 1299 2021 animo⁷
1334 1979 1372 2009 et
1405 1970 1542 2009 forent

168 2038 265 2076 25111
310 2052 359 2077 eo
392 2045 453 2078 est
485 2045 524 2078 et
565 2052 647 2078 non
683 2047 826 2077 contra
859 2039 1118 2091 Apostolum
1154 2040 1221 2091 Ila,
1255 2039 1353 2079 Cor.
1389 2040 1437 2090 10,
1480 2054 1539 2092 ¹7·

225 2108 347 2159 Ymo,
393 2123 490 2148 cum
522 2109 610 2161 ipse
643 2108 694 2147 sit
733 2108 870 2147 omnis
903 2109 1065 2160 veritas,
1099 2110 1293 2162 negando
1327 2109 1542 2148 veritatem
1575 2120 1617 2148 So
1636 2122 1688 2160 1¹¹?
1710 2122 1811 2160 wito-ie

222 2178 372 2217 virtute
417 2179 637 2228 mendacii,
691 2192 732 2217 se
778 2178 920 2231 ipsum
974 2192 1122 2232 negare
1181 2188 1335 2231 posset,
1399 2188 1541 2218 contra
1570 2156 1818 2229 (iigssiliai'aiiaiff

223 2249 481 2301 Apostolum
504 2249 571 2299 ΙΙ-Ί,
595 2248 824 2302 Thymotei
849 2249 916 2296 110,
950 2249 1010 2300 13,
1044 2258 1083 2288 et
1112 2249 1217 2288 foret
1239 2248 1404 2288 racione
1427 2262 1541 2287 men·
1639 2234 1753 2260 ΝΟΜ

224 2318 334 2358 dacis
367 2318 558 2371 principii
583 2319 843 2359 cateclismus
876 2319 1011 2359 tocius
1043 2319 1137 2359 fidei
1172 2319 1402 2358 christiane.
1429 2318 1541 2358 Cum

167 2387 209 2419 30
225 2387 337 2427 enim
381 2389 493 2427 Deus
537 2389 702 2428 mentiri
753 2398 892 2441 potest
941 2389 1055 2428 iuxta
1103 2389 1160 2428 sic
1204 2389 1426 2442 opinantes
1466 2401 1540 2426 nec

224 2466 362 2509 potest
407 2457 558 2497 habere
602 2458 998 2498 denominacionem
1042 2458 1219 2509 virtutis,
1263 2458 1341 2497 nisi
1391 2458 1540 2497 habeat

224 2527 358 2578 ipsam
400 2527 443 2565 in
482 2522 651 2566 summo
686 2537 725 2567 et
756 2528 945 2580 quodam
978 2529 1108 2567 modo
1142 2527 1316 2579 infinite,
1350 2527 1541 2580 sequitur

224 2609 271 2634 ex
316 2595 519 2636 infinitate
563 2611 637 2636 sue
669 2597 959 2637 mendacitatis
992 2597 1196 2636 immense
1230 2597 1345 2650 quod
1378 2596 1419 2634 in
1452 2604 1540 2635 tota

224 2664 304 2704 fide
348 2680 421 2705 sue
466 2667 669 2719 scripture
712 2666 850 2719 potuit
895 2676 1029 2706 totam
1074 2667 1288 2706 ecclesiam
1328 2666 1539 2718 decepisse

280 2799 322 2817 10.
334 2791 362 2818 A
374 2791 414 2825 A¹
426 2791 461 2817 ll.
479 2791 573 2818 deest.
647 2799 685 2818 12.
699 2791 793 2824 veris;
811 2792 851 2818 ita
867 2791 960 2819 codd.
1034 2792 1126 2819 1813:
1140 2792 1189 2827 pie
1205 2792 1375 2819 incuciens.
1450 2798 1495 2817 τεο.
1513 2791 1539 2817 Α

223 2837 253 2864 in
263 2845 372 2871 marg:
386 2838 537 2871 Arguitur
548 2838 631 2872 quod
643 2837 724 2865 Deus
738 2846 799 2865 non
815 2843 916 2873 potest
931 2838 1062 2865 mentiri.
1136 2846 1177 2865 22.
1192 2838 1213 2864 Β
1225 2838 1262 2865 sit
1275 2838 1370 2865 deest.
1444 2837 1487 2864 25.
1499 2838 1538 2863 A:

224 2882 295 2910 Cor.
318 2882 339 2909 Ι.
360 2884 414 2917 Al:
436 2883 456 2909 1.
475 2882 545 2911 Cor.
565 2884 586 2910 I.
689 2886 733 2911 28.
755 2884 788 2912 In
807 2885 921 2912 Codd.:
941 2884 1105 2921 Thymotei
1122 2885 1156 2911 11.
1257 2883 1300 2911 33.
1325 2884 1361 2910 13:
1378 2888 1406 2910 et
1421 2891 1538 2911 mense-

1391 2943 1423 2963 11
