2051 3343
192 231 248 269 50
924 238 1147 272 JOHANNIS
1176 239 1370 272 WYCLIF.
1623 226 1728 284 [CAP.
1743 237 1795 265 111.

477 344 665 397 loquitur
695 343 771 383 iste
803 352 990 383 sanctus:
1017 345 1258 396 postposita
1281 345 1434 396 quippe
1470 356 1576 383 cura
1594 344 1794 396 filiorum
1818 355 1895 388 135⁸
1915 356 1945 388 ο

478 425 577 464 sepe
608 425 679 452 eos
710 413 854 453 videas
897 426 942 453 se
986 420 1137 453 contra
1162 413 1363 465 pericula
1408 414 1604 454 immensi
1637 413 1797 453 laboris

478 483 722 535 accingere,
756 484 896 522 maria
931 489 1212 533 transmeare,
1253 483 1376 522 adire
1408 483 1579 535 iudicia,
1615 483 1799 535 pulsare

472 552 953 606 principatus,palacia
969 553 1228 604 irrumpere,
1246 552 1523 605 iurgantibus
1533 552 1797 605 populorum

479 621 625 660 cuneis
657 622 876 660 interesse.
911 620 1023 660 Cum
1055 630 1196 661 autem
1228 635 1302 674 pro
1341 621 1622 674 spiritualibus
1654 621 1831 674 acqui-5

480 690 617 730 rendis
650 703 736 729 non
765 700 986 743 apponunt
1016 700 1177 731 tantam
1208 691 1488 743 diligenciam,
1521 691 1613 745 quis
1637 690 1799 731 dubitat

484 759 585 812 quin
617 759 695 799 ista
728 761 974 812 temporalia
1006 761 1137 813 magis
1171 757 1337 799 amant?

191 851 231 886 by
250 857 318 888 cm
339 854 370 876 to
391 850 466 884 keep
540 829 592 867 Et
624 838 832 882 quantum
865 830 916 868 ad
949 830 1246 881 retencionem,
1280 838 1394 882 patet
1421 830 1533 869 idem
1561 843 1608 868 ex
1630 828 1837 874 maiori-b

306 889 344 917 “³
481 905 563 937 tate
578 898 800 951 diligencie
823 913 951 952 quam
973 899 1229 952 apponimus
1250 913 1324 952 pro
1345 899 1649 951 temporalibus
1671 912 1799 952 quam

479 980 555 1019 pro
578 966 859 1019 spiritualibus
883 968 1389 1021 defendendis.Yp0crita,
1405 968 1542 1022 inquit
1557 968 1797 1022 Gregorius,
1821 990 1858 1012 10

481 1044 700 1089 assumpto
732 1044 879 1076 sancte
911 1039 1260 1079 conversacionis
1281 1038 1638 1091 lzabitufiliorum
1662 1045 1799 1078 custo-

479 1105 592 1145 diam
626 1105 783 1146 deserit
814 1113 853 1146 et
886 1108 1140 1160 temporalia
1185 1121 1347 1161 queque
1390 1107 1624 1162 defendere
1668 1109 1798 1147 eciam

482 1177 638 1229 iurgiis
676 1178 826 1229 querit.
872 1177 1085 1230 Exemplo
1131 1191 1209 1217 suo
1253 1191 1400 1218 eorum
1446 1177 1577 1217 corda
1613 1178 1801 1229 perdere

483 1258 565 1284 non
601 1245 782 1297 trepidat
805 1252 845 1285 et
867 1248 993 1299 quasi
1007 1261 1092 1299 per
1114 1247 1428 1301 negligenciam
1453 1248 1648 1286 amittere
1661 1248 1800 1299 patri-

481 1315 624 1354 monia
648 1316 1062 1370 terrenaformidat.
1091 1318 1142 1356 In
1168 1330 1359 1357 errorem
1383 1316 1620 1369 discipulus
1645 1316 1802 1356 labitur
1822 1328 1857 1359 15

482 1391 522 1423 et
553 1390 691 1423 tamen
733 1398 807 1424 cor
839 1387 1049 1439 ypocrite
1091 1387 1209 1426 nullo
1255 1387 1403 1426 dolore
1446 1388 1682 1426 sauciatur.
1728 1386 1803 1425 Ire

484 1454 524 1493 in
559 1455 793 1507 iniquitatis
825 1458 1075 1510 voraginem
1110 1458 1362 1497 commissos
1408 1456 1488 1495 sibi
1531 1456 1735 1508 conspicit
1764 1462 1804 1495 et

483 1524 558 1562 hec
591 1525 715 1575 quasi
746 1525 937 1564 inaudita
961 1528 1226 1578 pertransit‚·
1257 1533 1300 1565 at
1331 1527 1368 1566 si
1399 1525 1511 1579 quod
1541 1525 1623 1565 sibi
1657 1525 1804 1565 leviter

483 1592 642 1646 inferri
664 1595 897 1646 temporale
920 1595 1155 1648 dampnum
1187 1597 1383 1644 senserit,
1418 1596 1459 1634 in
1482 1595 1662 1635 ulcionis
1689 1596 1799 1634 iram

484 1669 656 1715 repente
707 1663 760 1703 ab
813 1666 971 1705 intimis
1023 1666 1266 1706 inardescit.
1325 1666 1382 1704 Et
1432 1679 1533 1704 mox
1576 1665 1803 1717 paciencia
1821 1684 1861 1706 20

484 1733 719 1784 rumpitur,
767 1748 868 1774 mox
912 1735 1037 1775 dolor
1069 1736 1213 1775 cordis
1258 1737 1298 1775 in
1348 1735 1518 1775 vocibus
1551 1735 1802 1788 effrenatur,

486 1803 586 1855 quia
630 1802 730 1842 dum
775 1805 1022 1845 animarum
1068 1805 1258 1858 dampna
1304 1805 1588 1858 equanimiter
1619 1804 1803 1853 tollerat,

485 1873 698 1911 iacturam
745 1887 844 1913 vero
889 1889 1035 1915 rerum
1070 1875 1372 1928 temporalium
1418 1875 1626 1926 repellere
1670 1875 1803 1913 eciam

487 1955 582 1981 cum
616 1942 797 1994 spiritus
828 1946 1119 1985 commocione
1139 1945 1343 1998 festinat,
1393 1945 1559 1983 cunctis
1592 1944 1806 1984 veraciter

487 2011 652 2050 indicat
694 2018 793 2053 teste
839 2015 990 2054 mentis
1027 2015 1370 2067 perturbacione
1417 2013 1520 2066 quid
1563 2020 1692 2055 amat.
1739 2013 1860 2055 Ibi25

486 2081 641 2133 quippe
674 2090 733 2123 est
766 2085 939 2137 grande
961 2084 1145 2124 studium
1169 2083 1451 2137 defensionis,
1487 2083 1558 2123 ubi
1584 2089 1646 2123 est
1665 2096 1803 2137 gran-

487 2155 585 2195 dior
620 2156 683 2196 vis
715 2154 891 2194 amoris.

196 2242 237 2278 by
262 2240 342 2276 grief
364 2240 412 2267 for
437 2239 474 2267 its
547 2227 600 2265 Et
640 2226 780 2279 quoad
815 2224 1086 2263 amissionem
1120 2225 1334 2263 bonorum
1371 2222 1570 2274 hominis,
1603 2231 1663 2262 est
1694 2222 1840 2264 idemo
1865 2231 1899 2265 D

300 2276 374 2302 ¹⁰⁵³
488 2295 709 2347 indicium,
744 2295 841 2348 quia
872 2294 1045 2333 indubie
1078 2293 1319 2347 quicunque
1351 2294 1444 2345 plus
1472 2293 1584 2332 dolet
1606 2293 1656 2331 de
1678 2293 1802 2332 amis-

486 2364 602 2403 sione
636 2365 735 2404 boni
768 2364 933 2403 fortune
967 2377 1095 2416 quam
1128 2363 1227 2402 boni
1260 2362 1437 2414 virtutis,
1470 2370 1517 2401 ut
1548 2361 1618 2413 sic,
1650 2360 1805 2400 indicat
1819 2371 1862 2404 30

487 2448 528 2472 se
573 2435 667 2486 plus
707 2434 874 2487 diligere
918 2432 1165 2486 temporalia
1208 2446 1338 2486 quam
1376 2432 1565 2483 virtutes,
1612 2444 1710 2470 cum
1753 2430 1805 2469 sit

488 2503 673 2542 maxima
704 2504 818 2556 apud
849 2502 1125 2556 philosophos
1158 2503 1273 2555 quod
1305 2502 1425 2541 dolor
1443 2500 1582 2540 amissi
1616 2508 1656 2539 et
1687 2512 1805 2538 amor

545 2658 586 2677 10.
609 2650 670 2678 AB
692 2650 722 2677 in
745 2658 860 2685 marg:
883 2649 1065 2685 Gregorius.
1138 2650 1180 2677 16.
1203 2657 1242 2685 ¹7-
1266 2649 1305 2676 132
1327 2650 1371 2676 rei
1390 2649 1431 2676 in.
1519 2647 1558 2675 18.
1579 2648 1676 2682 AA,:
1697 2651 1726 2674 at
1746 2646 1805 2674 sibi

487 2696 570 2731 quid.
593 2696 631 2723 B:
653 2701 683 2724 at
703 2697 727 2723 si
748 2696 821 2732 quid
843 2697 913 2724 sibi.
1056 2696 1100 2724 28.
1124 2697 1151 2723 A
1172 2696 1201 2723 in
1224 2704 1339 2731 marg:
1361 2695 1500 2723 Amissio
1520 2694 1738 2729 temporalium
1760 2698 1805 2720 est

486 2742 589 2769 minus
610 2742 744 2770 dolenda
764 2751 856 2778 quam
877 2742 1004 2770 amissio
1025 2741 1154 2770 virtutis.

551 2870 574 2890 i.
603 2860 792 2901 Gregorius
819 2860 839 2890 l¹
868 2871 895 2891 c.
999 2871 1047 2890 ro.
1074 2861 1094 2891 1.
1122 2870 1149 2891 c.
1178 2871 1250 2902 cap.
1276 2861 1363 2891 XIII.
