2051 3273
194 192 267 230 186
914 200 1138 232 JOHANNIS
1164 199 1359 232 WYCLIF.
1611 185 1717 244 [CAP.
1734 195 1785 223 ix.

474 307 637 346 videtur
681 306 783 345 mihi
829 306 943 359 quod
988 305 1290 343 contendentes
1339 305 1517 356 superbe
1555 303 1660 343 circa
1693 303 1883 356 talia1540
1909 315 1939 347 c

474 376 689 429 privilegia
721 375 799 414 nisi
832 376 1003 414 redeant
1036 373 1250 413 humiliter
1293 374 1344 412 ad
1376 373 1582 412 unitatem
1615 373 1789 413 subiecti

475 446 666 497 invicem,
711 458 798 483 non
838 453 934 483 sunt
978 444 1027 482 de
1073 451 1216 483 sancta
1248 451 1378 482 matre
1411 442 1593 493 ecclesia,
1628 443 1789 482 dicente

475 516 641 555 decreto
674 514 831 566 Pelagii
863 527 970 566 pape
992 513 1142 564 XXIV,
1176 527 1214 566 q.
1251 513 1278 551 I.
1312 513 1545 552 Pudenda:
1576 513 1789 564 Ecclesia,

475 585 625 638 inquit,
672 598 757 624 una
791 591 865 635 est,
907 589 951 622 ut
975 588 1100 635 patet
1131 583 1171 621 in
1207 583 1400 633 canticis,
1434 590 1473 621 et
1505 582 1581 622 illa
1615 589 1678 622 est
1710 592 1824 636 que5

461 655 558 707 fide
599 654 803 707 formata
847 665 934 704 per
983 653 1129 692 orbem
1183 651 1468 705 diffunditu&
1519 652 1633 705 quod
1683 651 1794 693 beati

475 724 708 778 Augustini
752 723 992 763 testimonio
1037 723 1378 775 comprobemus.
1430 723 1581 762 Audite
1615 723 1718 775 quid
1750 724 1792 762 in

477 793 660 847 quodam
685 806 811 845 opere
829 806 907 832 suo
918 793 1274 845 preclarissimus
1298 793 1448 832 doctor
1472 793 1587 832 dicat
1600 793 1793 832 ecclesie:

476 865 546 903 Ait
560 865 670 903 enini
687 863 811 916 quod,
828 877 922 903 cuni
948 865 1067 904 nullo
1092 864 1214 903 modo
1238 862 1795 915 rectepotestdiciecclesia

477 935 518 973 in
537 947 621 987 qua
637 935 796 973 scisma
812 941 887 984 est,
912 941 1119 982 restaliat,
1144 935 1347 987 quoniam
1369 933 1490 972 nulla
1509 945 1599 972 esse
1616 934 1795 973 ecclesia
1816 952 1854 972 ω

478 1017 560 1043 non
589 1010 742 1055 potest,
780 1016 828 1043 ea
861 1005 914 1044 sit
945 1017 1073 1057 quam
1107 1006 1147 1043 in
1183 1004 1300 1044 sedis
1329 1004 1560 1055 apostolice
1585 1016 1668 1055 per
1701 1016 1796 1042 suc-

478 1074 690 1113 cessiones
728 1075 1023 1126 episcoporum
1071 1074 1217 1113 radice
1256 1074 1526 1112 constitutam
1573 1072 1795 1112 nullorum

479 1144 697 1183 hominum
723 1145 895 1183 malicia
927 1145 1101 1184 ecianzsz'
1125 1150 1223 1183 nota
1256 1143 1431 1183 excludi
1463 1156 1546 1182 non
1574 1144 1725 1195 possit.

538 1214 599 1253 Ex
631 1214 711 1253 isto
744 1215 994 1265 notandum,
1028 1214 1166 1267 primo
1197 1214 1417 1267 quomodo
1449 1213 1525 1253 iste
1557 1226 1666 1266 papa
1698 1212 1889 1253 alle-aD

222 1289 291 1317 The
311 1289 429 1317 Roman
479 1293 548 1336 gat
591 1284 880 1324 venerabiliter
917 1284 1227 1336 Augustinum:
1273 1284 1388 1336 quod
1422 1282 1541 1321 divisi
1574 1296 1596 1320 a
1630 1281 1797 1321 Christo
1819 1290 1853 1322 15

188 1326 306 1360 college
333 1334 403 1360 may
429 1325 465 1352 be

202 1362 251 1422 ῑίοῐῗ
266 1368 451 1422 ξζέἕιῐῇῗῖἦιὲε
479 1368 551 1406 per
581 1354 785 1393 invidiam
817 1355 1107 1393 extrudentem
1139 1354 1353 1393 caritatem
1376 1366 1462 1391 non
1485 1360 1582 1391 sunt
1610 1351 1799 1390 membra

190 1424 660 1492 ¹¹3i12¹¹c11¹l1⁹33ssl⁰feedem·
694 1425 812 1464 Patet
846 1425 1032 1464 secundo
1066 1424 1195 1477 quod,
1230 1423 1261 1462 si
1295 1422 1526 1474 collegium
1554 1423 1837 1463 Romanumb

479 1493 529 1532 sit
574 1493 629 1532 sic
675 1494 857 1534 divisum
900 1495 1108 1545 scismate,
1143 1504 1241 1533 tunc
1286 1493 1428 1545 ipsum
1461 1506 1545 1531 non
1581 1502 1641 1531 est
1674 1499 1800 1544 caput

478 1564 543 1602 vel
587 1577 679 1616 pars
713 1565 895 1616 ecclesie,
945 1564 1042 1618 quia
1088 1563 1225 1603 deficit
1258 1563 1359 1602 unio
1393 1562 1635 1614 apostolica.
1677 1562 1798 1601 Unde

479 1633 577 1673 dicit
620 1636 750 1687 quod,
795 1635 828 1673 si
871 1634 963 1674 talis
1009 1634 1232 1687 episcopus
1278 1641 1492 1672 consecrat
1529 1631 1672 1682 alium,
1712 1645 1797 1670 non
1815 1652 1857 1673 20

480 1704 743 1744 consecracio
777 1705 848 1743 sed
881 1703 1090 1744 execracio
1136 1703 1257 1742 debet
1290 1702 1381 1742 dici.
1416 1703 1468 1742 Et
1500 1702 1628 1742 tercio
1662 1700 1834 1740 notario

478 1784 619 1828 potest
684 1775 904 1828 quomodo
970 1782 1177 1813 crescente
1237 1772 1429 1824 superbia
1482 1781 1521 1811 et
1573 1770 1798 1823 cupiditate

480 1845 683 1898 primatus
707 1846 757 1884 de
780 1845 875 1884 loco
899 1844 1081 1895 ecclesie,
1106 1852 1245 1896 potest
1269 1842 1353 1881 fieri
1379 1856 1592 1896 synagoga
1614 1841 1799 1892 sathane,

481 1928 577 1954 cum
621 1928 748 1954 nemo
782 1922 921 1968 potest
953 1928 1039 1954 esse
1075 1913 1225 1954 Christi
1260 1914 1323 1952 vel
1357 1913 1467 1951 Petri
1500 1912 1688 1961 vicarius,
1722 1910 1798 1950 nisi

479 1994 679 2038 sequatur
712 1999 782 2024 eos
822 1985 863 2023 in
896 1985 1098 2031 moribus,
1145 1993 1190 2023 ut
1235 1992 1347 2036 patet
1379 1983 1472 2021 XL'd
1505 1981 1856 2021 dictinccione:25

481 2056 577 2094 Non
626 2063 688 2095 est
718 2055 874 2109 facile.
921 2056 973 2094 Et
1017 2063 1129 2107 patet
1177 2054 1292 2107 quod
1335 2053 1429 2091 licet
1463 2052 1572 2091 clero
1613 2051 1799 2090 insistere

481 2124 587 2164 circa
610 2125 824 2178 privilegia
852 2134 1024 2175 terrena,
1060 2124 1109 2162 de
1141 2132 1300 2176 quanto
1324 2130 1578 2174 promovent
1609 2122 1661 2160 ad
1694 2129 1797 2159 eter-

481 2206 554 2245 na;
587 2196 701 2248 quod
733 2204 901 2248 oportet
923 2194 1116 2246 exemplo
1139 2202 1382 2232 sanctorum
1414 2201 1453 2231 et
1485 2191 1565 2230 fide
1598 2190 1799 2243 scripture

482 2265 659 2317 pensari,
693 2266 948 2305 nullomodo
982 2264 1215 2303 amittendo
1248 2261 1461 2315 privilegia
1494 2275 1574 2314 que
1608 2260 1799 2300 Christus
1816 2270 1857 2300 30

482 2335 594 2374 dedit
626 2344 797 2387 propter
828 2335 1001 2387 aliquod
1034 2334 1196 2372 bonum
1230 2332 1390 2371 mundi.

541 2405 621 2443 Sed
653 2405 780 2444 tercio
813 2404 1006 2455 obicitur,
1040 2417 1136 2442 cum
1170 2402 1382 2455 privilegia
1415 2401 1568 2454 quibus
1609 2400 1845 2441 ChristusE

483 2474 641 2513 dotavit
685 2474 900 2514 ecclesiam
946 2482 1042 2513 sunt
1074 2472 1325 2526 perfecciora
1358 2485 1486 2525 quam
1517 2480 1678 2510 terrena
1717 2469 1799 2522 pri-

536 2642 560 2660 2.
584 2634 611 2660 A
631 2633 661 2660 in
683 2641 798 2668 marg-x
830 2632 1012 2660 Conclusio.
1156 2629 1198 2658 33.
1220 2631 1247 2658 A
1269 2630 1296 2658 in
1319 2638 1434 2665 marga
1455 2628 1568 2657 Tereia
1588 2628 1738 2656 obieccio.

548 2766 574 2795 ἦ.
616 2766 694 2795 l)ec.
733 2775 800 2795 sec.
842 2774 930 2806 pars.
975 2765 1087 2795 Causa
1123 2763 1247 2804 XXIV,
1286 2773 1317 2803 q.
1358 2762 1380 2800 l⁷
1423 2771 1449 2792 c.
1488 2761 1636 2799 XXXlll,
1676 2770 1693 2790 a
1734 2759 1797 2789 few

486 2822 601 2852 words
631 2822 757 2863 having
786 2822 873 2853 been
900 2821 1040 2852 altered.
