2051 3273
197 211 285 241 CAP.
307 200 404 259 xix]
686 215 744 246 DE
772 215 1004 247 ECCLESIA.

46 331 85 365 K
104 326 293 374 191³tate,
318 320 396 360 sub
412 319 610 372 precarie
634 320 799 359 nomine
813 319 959 359 debeat
968 321 1283 374 professionem
1306 323 1503 370 scribere,

198 404 248 430 ne
276 404 359 443 per
402 389 680 429 retencionem
726 389 973 430 diuturnam
1020 391 1305 443 preiudicium
1349 391 1508 444 afferat

196 460 379 508 ecclesie,
413 466 451 499 et
480 460 717 512 quicunque
748 460 788 498 in
825 473 904 500 usu
935 462 1173 514 perceperit
1204 461 1321 500 debet
1349 462 1507 501 utiliter

197 529 406 580 laborare,
453 535 498 568 ut
541 541 615 568 nec
657 542 724 568 res
769 529 897 569 divini
941 531 1047 570 iuris
1093 530 1318 571 videantur
1359 532 1504 584 aliqua

162 599 411 640 5occasione
457 599 619 651 negligi
661 605 700 638 et
743 606 788 637 ut
829 599 1062 639 subsidium
1112 600 1164 639 ab
1220 601 1394 640 ecclesia
1438 601 1507 640 cui

194 668 435 708 deserviunt
456 668 678 721 percipere
702 669 870 721 possint
899 670 1053 712 clerici.
1091 670 1215 718 Quod
1244 671 1282 710 si
1311 671 1404 723 quis
1437 683 1504 710 eo-

194 751 291 777 rum
323 738 618 791 contempserit
632 738 803 791 facere,
837 740 924 791 ipse
955 753 1001 779 se
1037 739 1242 793 stipendio
1278 753 1356 780 suo
1395 739 1504 780 vide—

193 809 306 848 bitur
328 808 518 860 privare.

102 884 179 931 191¹³
252 878 344 917 Iura
375 886 517 916 autem
549 876 856 929 nature,ssiura
890 878 1092 931 scripture
1137 888 1176 919 et
1216 879 1305 919 iura
1338 879 1506 920 ecclesie

142 966 180 988 10
196 955 479 987 contestantur
500 947 617 1000 quod
646 946 945 988 ecclesiasticus
975 948 1151 988 omnino
1169 949 1366 989 omittens
1389 949 1504 989 labo-

193 1031 280 1056 rare
311 1016 564 1070 pertinenter
593 1017 643 1055 ad
672 1030 796 1056 suum
827 1017 1017 1057 officium
1048 1032 1135 1058 non
1170 1019 1292 1058 debet
1322 1019 1506 1072 accipere

193 1101 217 1126 a
259 1086 433 1126 subditis
465 1086 615 1140 quibus
661 1099 747 1125 non
784 1086 949 1139 proficit
991 1088 1062 1127 sed
1105 1088 1235 1128 officit
1276 1089 1506 1142 temporale

195 1156 466 1209 stipendium,
507 1156 604 1209 quia
635 1164 735 1195 tunc
767 1157 965 1196 deberent
995 1157 1087 1197 laici
1126 1158 1360 1198 conducere
1403 1171 1504 1211 apo-

195 1235 318 1266 statas
350 1226 403 1265 ad
435 1225 491 1264 eis
524 1226 778 1266 nocendum.

148 1305 180 1337 L
252 1296 331 1335 Sed
366 1295 431 1350 (ut
462 1309 559 1348 sepe
591 1294 724 1349 tetigi)
755 1296 976 1335 contencio
1010 1305 1070 1336 est
1109 1296 1202 1349 quis
1234 1306 1506 1350 exequeretur

195 1365 529 1404 subtraccionem
556 1365 683 1405 talem
714 1365 882 1417 iustam,
916 1374 955 1405 et
985 1367 1149 1406 videtur
1171 1366 1274 1406 mihi
1298 1380 1385 1406 non
1418 1381 1505 1407 esse

194 1444 358 1475 tantum
392 1444 712 1486 sacramentum,
753 1435 853 1488 quin
892 1435 950 1474 illi
983 1436 1054 1488 qui
1084 1435 1343 1489 stipendium
1378 1436 1503 1476 mini-

194 1505 349 1545 strandi
383 1504 616 1544 conferrent
638 1504 800 1544 vacanti
823 1505 1123 1557 subtraherent,
1156 1519 1231 1545 nec
1254 1515 1376 1546 nocet
1407 1505 1504 1545 fide-

193 1574 301 1614 libus
333 1574 718 1614 excommunicacio
741 1574 806 1613 vel
828 1588 1000 1614 censura
1031 1575 1110 1614 alia
1140 1575 1181 1614 in
1204 1575 1280 1614 hac
1303 1585 1417 1628 parte
1440 1574 1505 1631 (ut

138 1662 179 1683 20
195 1653 308 1697 patet
338 1645 425 1693 Xla,
459 1659 497 1697 q.
533 1645 597 1684 ΙΙΙ.
649 1644 868 1692 Quomodo
896 1643 1133 1699 sacerdos).
1179 1645 1369 1685 Sumitur
1404 1659 1495 1698 pre-

194 1714 302 1754 caria
332 1727 444 1754 nunc
475 1714 611 1753 stricte
645 1727 720 1766 pro
744 1714 857 1753 dono
880 1714 946 1752 vel
968 1714 1179 1767 stipendio
1204 1715 1427 1767 temporali
1453 1717 1504 1754 ad

196 1798 336 1837 preces
368 1783 554 1823 hominis
586 1797 663 1836 pro
696 1792 885 1836 tempore
916 1783 1109 1836 limitato,
1155 1793 1193 1824 et
1236 1798 1348 1825 nunc
1392 1785 1504 1838 large

198 1867 274 1907 pro
322 1867 573 1907 quacunque
617 1853 851 1893 donacione
893 1853 1084 1906 gratuita,
1131 1854 1261 1894 eciam
1303 1865 1504 1908 perpetua

199 1924 339 1977 quoad
370 1923 637 1963 usufructum
668 1924 868 1963 donatore
895 1932 1127 1963 reservante
1154 1937 1282 1976 penes
1304 1939 1346 1964 se
1369 1925 1502 1964 domi-

138 2000 176 2032 25
196 1993 327 2045 nium,
367 2002 406 2033 et
437 1993 494 2032 sic
526 1993 568 2032 in
599 1992 809 2045 primitiva
841 1993 1010 2032 ecclesia
1042 2002 1130 2034 tota
1163 1995 1328 2034 dotacio
1362 2009 1501 2035 cense-

195 2064 315 2103 batur
358 2062 553 2115 precaria,
597 2076 649 2102 ne
691 2062 1006 2102 elemosinarius
1048 2064 1318 2116 prescriberet
1362 2074 1504 2105 contra

193 2141 439 2185 patronum;
464 2133 505 2171 in
528 2132 691 2173 defectu
713 2146 810 2172 vero
834 2131 959 2172 officii
992 2146 1078 2172 non
1111 2133 1220 2173 cadit
1252 2134 1502 2188 prescripcio

194 2203 300 2242 sicut
332 2216 406 2242 nec
437 2202 483 2242 fit
514 2202 761 2255 prescripcio
794 2210 937 2242 contra
968 2203 1119 2244 Deum.

253 2273 306 2312 Et
358 2286 405 2311 ex
457 2272 543 2312 istis
594 2281 737 2325 patent
782 2285 940 2312 errores
985 2272 1125 2312 multi:
1172 2272 1359 2321 Quidam
1391 2275 1503 2314 enim

139 2348 181 2381 30
196 2342 361 2395 fingunt
394 2342 508 2395 quod
540 2341 572 2380 si
606 2343 838 2381 secundum
859 2342 968 2395 leges
997 2342 1203 2381 humanas
1235 2342 1503 2383 testificatum

248 2513 272 2541 5.
293 2513 326 2540 In
348 2513 476 2541 decret.:
500 2513 612 2548 negligi
632 2517 660 2540 et
680 2512 866 2540 subsidium.
1009 2514 1036 2540 6.
1059 2514 1191 2541 deservit
1211 2514 1241 2542 in
1262 2514 1353 2542 codd.
1375 2513 1502 2543 Correxi

196 2569 212 2588 e
233 2560 373 2588 decretali
406 2568 499 2596 supra
533 2564 713 2588 memorata.
855 2567 893 2587 21.
926 2561 954 2588 A
975 2561 1005 2587 in
1038 2568 1154 2596 marg:
1187 2561 1326 2590 Precaria
1353 2561 1503 2597 accipitur

196 2629 359 2665 dupliciter
383 2631 432 2665 <
453 2616 478 2680 2¹.
584 2629 629 2658 28.
651 2630 689 2657 B:
712 2630 798 2659 Sicut
820 2646 849 2651 -—
871 2631 1060 2666 prescripcio
1081 2631 1175 2659 deest.
1301 2639 1348 2668 29.
1369 2632 1398 2659 A
1422 2631 1444 2659 B
1470 2632 1502 2660 in

196 2708 292 2736 marg.
303 2709 310 2727 τ
332 2701 453 2728 Primus
473 2708 568 2728 error.

258 2840 310 2862 20.
337 2830 436 2863 Decr.
462 2841 529 2863 sec.
555 2840 648 2873 pars,
674 2841 765 2863 caus.
792 2832 847 2872 XI,
874 2842 907 2873 q.
934 2832 988 2871 III,
1015 2841 1087 2874 cap.
1113 2832 1233 2864 XLIV.

1533 890 1563 918 in
1583 890 1684 918 which
1706 899 1776 919 case

1539 926 1575 953 all
1597 926 1672 953 laws
1692 926 1776 953 shew

1532 962 1597 988 that
1617 961 1654 988 he
1674 961 1785 988 should

1550 1000 1602 1023 not
1624 996 1659 1023 be
1681 995 1762 1030 paid,

1582 1308 1648 1337 The
1669 1310 1731 1337 real

1520 1344 1662 1380 question
1684 1344 1708 1371 is
1723 1344 1793 1371 who

1543 1379 1655 1406 should
1676 1379 1766 1406 with-

1581 1414 1665 1441 draw
1684 1414 1734 1441 the

1583 1448 1727 1482 stipend?

1520 1483 1597 1520 Isay
1608 1484 1657 1511 the
1669 1489 1791 1519 patron.
