2051 3343
232 224 405 283 CAP.111.]
732 238 792 270 DE
819 239 1052 270 ECCLESIA.

81 344 341 389 G135dbona
385 343 553 382 ecclesie
592 356 667 395 pro
706 341 888 381 facinore
927 351 1109 395 querunt
1146 343 1300 382 laudes.
1355 344 1415 382 Ex
1453 343 1541 383 istis

231 411 569 453 conclusionibus
609 411 732 451 huius
773 411 904 453 sancti
937 412 1331 452 demonstrabilibus
1363 426 1539 465 perpen-

230 483 326 521 dere
347 490 486 534 potest
514 481 812 521 ecclesiasticus
843 491 929 521 tam
959 480 1157 533 regularis
1180 495 1309 534 quam
1333 482 1540 534 secularis,

229 551 261 590 si
301 551 516 604 diligenter
559 551 796 591 examinent
839 551 1144 591 conscienciam
1189 564 1286 590 cum
1323 551 1539 603 scriptura,

196 620 440 673 5palpando
487 620 784 671 intencionem,
832 621 1102 660 volucionem
1144 629 1183 659 et
1221 629 1363 659 motus
1401 621 1539 660 anime

230 703 326 729 cum
357 689 595 728 intencione
620 690 802 742 supremi
824 690 986 738 iudicis,
1020 691 1135 743 quod
1158 704 1245 729 non
1267 698 1355 729 tam
1377 689 1539 729 assidue

229 759 526 799 contenderent
558 773 633 811 pro
665 760 822 799 vocatis
856 759 977 799 bonis
1015 759 1197 800 ecclesie.

188 838 213 870 b
286 829 402 868 Patet
425 829 626 868 secundo:
662 829 895 877 Quomodo
920 829 1117 868 dominus
1141 843 1250 882 papa
1271 842 1358 867 non
1381 828 1539 868 foveret

229 898 299 936 sed
343 897 600 950 extingueret
645 898 737 937 lites
781 898 1024 937 huiusmodi
1073 899 1305 938 secundum
1350 898 1537 950 regulam

1776 232 1822 269 55

1611 839 1776 874 Litigation

1551 874 1655 901 would
1687 875 1723 901 be
1754 882 1827 909 sup-

1569 909 1698 943 pressed
1719 909 1744 935 if
1761 909 1810 936 the

1550 943 1634 978 Pope
1662 943 1756 970 asked
1777 951 1828 970 ru-

175 987 213 1008 10
228 966 445 1019 evangelii:
479 967 511 1006 si
545 967 657 1006 enim
688 967 1022 1007 committeretur
1052 967 1203 1020 regnis,
1241 967 1463 1019 provinciis
1496 976 1608 1039 etffirs
1623 983 1654 1004 10
1667 978 1829 1039 witthtt-{raw

1503 1037 1510 1043 ,
1584 1020 1708 1048 epayo
1762 1020 1828 1039 iose

228 1036 452 1089 parrochiis
485 1050 657 1076 examen
688 1036 771 1076 vite
794 1036 1051 1087 clericorum,
1085 1037 1141 1076 sic
1164 1038 1278 1090 quod
1302 1050 1388 1076 non
1410 1037 1533 1075 mini-
1549 1048 1617 1074 who
1630 1047 1826 1081 neglectedto

227 1114 452 1146 strar-entur
498 1106 554 1145 eis
599 1106 805 1158 stipendia
848 1106 1058 1145 subtracto
1099 1106 1344 1145 sensibiliter
1388 1119 1535 1145 eorum

226 1175 472 1226 ministerio,
502 1175 708 1214 viveretur
730 1175 1013 1227 superioribus
1036 1175 1257 1227 prepositis
1282 1175 1539 1215 tolerabilius

227 1245 586 1286 etsacerdotibus
625 1259 721 1284 cum
759 1245 921 1297 populo
954 1244 1104 1284 melius
1140 1258 1268 1297 quam
1302 1254 1362 1284 est
1393 1246 1537 1284 modo.

175 1327 212 1358 15
228 1314 423 1354 Defectus
460 1323 603 1354 autem
641 1324 919 1367 patronorum
958 1323 997 1354 et
1038 1314 1185 1366 populi
1218 1324 1360 1366 posset
1391 1328 1538 1367 specu-

227 1385 334 1424 lator
365 1384 553 1436 superior
584 1383 743 1424 facilius
778 1384 979 1436 corrigere
1011 1398 1140 1437 quam
1172 1392 1313 1423 totum
1335 1397 1442 1423 onus
1466 1397 1539 1436 per

228 1468 270 1493 se
302 1468 399 1493 cum
437 1454 548 1493 falsis
585 1454 760 1493 testibus
804 1454 922 1493 litem
965 1453 1230 1506 gignentibus
1275 1461 1535 1505 supportare.

227 1525 312 1563 Nec
353 1523 574 1577 requiritur
610 1524 689 1563 alia
726 1525 790 1563 lex
822 1524 863 1563 in
896 1523 1183 1563 distribuendo
1227 1522 1363 1562 officia
1405 1535 1535 1562 sacer-

228 1594 377 1632 dotum
418 1593 497 1632 nisi
541 1593 732 1646 cognicio
770 1608 793 1632 a
837 1593 968 1646 capite
1014 1606 1087 1645 per
1126 1601 1249 1632 testes
1287 1592 1535 1644 probabiles,

172 1685 213 1706 πο
227 1663 342 1715 quod
373 1676 482 1702 unus
523 1662 573 1702 sit
605 1672 739 1702 rector
769 1662 811 1701 in
844 1661 1075 1702 ministerio
1109 1661 1365 1713 sacerdotali,
1400 1661 1534 1701 solici-

228 1731 313 1771 cior
349 1731 594 1771 habiliorem
632 1744 879 1784 preponere;
918 1732 968 1771 de
1006 1745 1091 1785 quo
1131 1731 1162 1771 si
1197 1745 1284 1770 non
1321 1732 1533 1784 gauderet,

229 1801 444 1854 depositus
488 1801 607 1852 foret,
653 1815 701 1841 ex
743 1801 923 1855 ypocrisi
967 1815 1012 1840 ac
1046 1800 1273 1854 cupiditate
1305 1809 1535 1853 suspectus.

179 1884 217 1917 H
287 1872 341 1911 Et
371 1880 485 1923 patet
516 1871 642 1910 tercio
676 1871 792 1923 quod
825 1884 946 1910 causa
969 1870 1237 1909 dissensionis
1262 1879 1300 1909 et
1322 1870 1537 1922 perturba-

230 1941 359 1980 cionis
411 1941 579 1981 ecclesie
623 1940 674 1980 sit
712 1940 875 1979 malicia
917 1940 1191 1979 sacerdotum.
1244 1940 1354 1979 Nam
1392 1952 1540 1978 eorum

173 2024 211 2056 25
227 2010 465 2050 virtuositas
490 2010 669 2050 maxime
691 2009 925 2062 pacificaret
947 2010 1180 2062 ecclesiam3
1213 2009 1307 2049 ideo
1331 2023 1378 2048 ex
1401 2023 1536 2062 oppo-

227 2080 306 2120 sito
351 2094 499 2120 eorum
541 2080 784 2133 perversitas
828 2079 1009 2119 maxime
1048 2080 1259 2133 perturbat
1305 2079 1534 2131 ecclesiam,

227 2150 324 2203 quia
367 2159 586 2202 peccatum
628 2150 743 2203 quod
780 2158 840 2189 est
871 2163 944 2202 per
977 2163 1017 2188 se
1050 2163 1173 2189 causa
1204 2149 1534 2202 perturbacionis

228 2219 395 2259 ecclesie
425 2219 467 2258 in
498 2219 597 2272 ipsis
630 2229 690 2259 est
721 2219 897 2272 gravius.
931 2219 1086 2259 Dicunt
1109 2219 1221 2258 enim
1244 2227 1387 2258 contra
1407 2217 1534 2257 fidem

230 2291 344 2343 quod
377 2299 472 2329 sunt
494 2289 569 2328 viri
601 2298 738 2329 sancte
766 2289 908 2328 matris
933 2288 1115 2340 ecclesie,
1147 2289 1242 2328 licet
1265 2288 1345 2327 sint
1367 2296 1533 2340 aposta-

173 2371 215 2402 30
231 2367 364 2399 tantes
396 2367 530 2411 partes
563 2359 729 2411 diaboli,
764 2368 804 2398 et
835 2372 907 2411 per
940 2372 1212 2411 consequens,
1247 2357 1403 2396 faciunt
1436 2371 1534 2396 con-

230 2429 438 2468 fusionem
488 2429 531 2467 in
583 2428 683 2480 fide,
742 2428 1034 2468 confusionem
1086 2428 1127 2467 in
1180 2427 1446 2467 sacramentis
1499 2436 1538 2466 et

230 2498 561 2538 subtraccionem
593 2498 816 2550 spiritualis
850 2497 1032 2550 suffragii
1064 2511 1086 2536 a
1108 2497 1197 2536 Deo
1231 2511 1302 2549 per
1333 2497 1448 2549 ipsos
1475 2497 1536 2535 in-

229 2567 551 2607 strumentaliter
582 2567 805 2607 derivandi.

289 2735 329 2754 10.
351 2726 390 2754 B:
412 2727 514 2762 regnis
535 2727 649 2762 regnis.
724 2735 757 2754 11.
780 2735 817 2754 12.
845 2727 883 2754 B:
905 2726 1126 2754 ministrentur.
1154 2727 1195 2755 ib.
1224 2726 1343 2754 Codd.:
1374 2725 1537 2753 videretur.

232 2782 272 2809 ¹9·
294 2774 323 2801 A
342 2773 372 2801 in
393 2782 506 2809 marg:
528 2773 572 2801 De
593 2774 747 2801 eleccione
769 2774 805 2801 ad
833 2774 992 2808 prelacias.
1014 2773 1035 2800 B
1056 2774 1086 2800 in
1106 2781 1216 2808 marg:
1238 2772 1319 2800 Nota
1340 2771 1538 2799 deeleccione

231 2819 260 2846 in
283 2820 506 2855 preposituram
528 2828 588 2855 qua
606 2819 706 2847 forma
727 2820 785 2847 fiet.
806 2820 850 2846 A:
873 2820 995 2854 cognito
1014 2827 1029 2846 a
1048 2819 1156 2854 capite.
1239 2827 1283 2845 ρο.
1301 2818 1375 2845 AB:
1397 2822 1477 2845 recto
1495 2817 1536 2844 in.

232 2873 269 2893 21.
291 2866 329 2892 B:
348 2866 555 2893 humiliorem.
576 2866 616 2894 25.
640 2866 678 2893 B:
701 2865 865 2900 pacificari.

1613 1082 1764 1109 minister.

1552 1533 1618 1560 The
1640 1533 1713 1569 only
1732 1534 1826 1561 need-

1568 1567 1611 1595 ful
1632 1569 1697 1595 rule
1718 1568 1810 1604 being

1551 1603 1614 1630 that
1628 1611 1698 1630 men
1717 1603 1828 1631 should

1553 1639 1589 1664 be
1602 1637 1769 1672 appointed
1783 1638 1831 1665 for

1552 1673 1656 1699 titness
1686 1673 1745 1699 and
1776 1673 1828 1700 de-

1552 1707 1649 1742 posed
1661 1706 1764 1746 isthey
1776 1708 1829 1735 de-

1622 1749 1707 1769 serve
1728 1748 1759 1770 it.

1560 2228 1764 2255 Wickedness
1785 2228 1820 2255 of

1550 2263 1660 2298 priests
1690 2263 1826 2290 troubles

1583 2298 1632 2325 the
1659 2297 1791 2325 Church.
