<?xml version="1.0" encoding="UTF-8"?>
<!DOCTYPE html PUBLIC "-//W3C//DTD XHTML 1.0 Transitional//EN"
    "http://www.w3.org/TR/xhtml1/DTD/xhtml1-transitional.dtd">
<html xmlns="http://www.w3.org/1999/xhtml" xml:lang="en" lang="en">
 <head>
  <title>
</title>
<meta http-equiv="Content-Type" content="text/html;charset=utf-8" />
  <meta name='ocr-system' content='tesseract 3.04.00' />
  <meta name='ocr-capabilities' content='ocr_page ocr_carea ocr_par ocr_line ocrx_word'/>
</head>
<body>
  <div class='ocr_page' id='page_1' title='image "./tractatusdeeccle00wycl_0427.png"; bbox 0 0 2051 3273; ppageno 0'>
   <div class='ocr_carea' id='block_1_1' title="bbox 209 243 1811 300">
    <p class='ocr_par' dir='ltr' id='par_1_1' title="bbox 209 243 1811 300">
     <span class='ocr_line' id='line_1_1' title="bbox 209 243 1811 300; baseline 0.011 -18"><span class='ocrx_word' id='word_1_1' title='bbox 209 255 296 282; x_wconf 75' lang='lat' dir='ltr'>CAP.</span> <span class='ocrx_word' id='word_1_2' title='bbox 318 243 430 300; x_wconf 71' lang='lat' dir='ltr'>xm]</span> <span class='ocrx_word' id='word_1_3' title='bbox 702 257 760 288; x_wconf 83' lang='lat' dir='ltr'>DE</span> <span class='ocrx_word' id='word_1_4' title='bbox 789 256 1025 289; x_wconf 69' lang='lat' dir='ltr'>ECCLEsm.</span> <span class='ocrx_word' id='word_1_5' title='bbox 1732 247 1811 299; x_wconf 80' lang='lat'>393</span> 
     </span>
    </p>
   </div>
   <div class='ocr_carea' id='block_1_2' title="bbox 58 360 1797 432">
    <p class='ocr_par' dir='ltr' id='par_1_2' title="bbox 58 360 1797 432">
     <span class='ocr_line' id='line_1_2' title="bbox 58 360 1797 432; baseline -0.005 -24"><span class='ocrx_word' id='word_1_6' title='bbox 58 374 88 407; x_wconf 87' lang='lat' dir='ltr'>G</span> <span class='ocrx_word' id='word_1_7' title='bbox 118 373 288 416; x_wconf 77' lang='lat' dir='ltr'>183⁰que</span> <span class='ocrx_word' id='word_1_8' title='bbox 320 362 369 401; x_wconf 92' lang='lat' dir='ltr'>ab</span> <span class='ocrx_word' id='word_1_9' title='bbox 401 362 507 401; x_wconf 82' lang='lat' dir='ltr'>Abel</span> <span class='ocrx_word' id='word_1_10' title='bbox 538 362 648 401; x_wconf 90' lang='lat' dir='ltr'>iusto</span> <span class='ocrx_word' id='word_1_11' title='bbox 683 375 815 415; x_wconf 89' lang='lat' dir='ltr'>usque</span> <span class='ocrx_word' id='word_1_12' title='bbox 848 362 900 400; x_wconf 93' lang='lat' dir='ltr'>ad</span> <span class='ocrx_word' id='word_1_13' title='bbox 932 360 1211 401; x_wconf 88' lang='lat' dir='ltr'>novissimum</span> <span class='ocrx_word' id='word_1_14' title='bbox 1253 361 1431 401; x_wconf 87' lang='lat' dir='ltr'>electum</span> <span class='ocrx_word' id='word_1_15' title='bbox 1465 362 1521 400; x_wconf 88' lang='lat' dir='ltr'>sic</span> <span class='ocrx_word' id='word_1_16' title='bbox 1548 368 1797 432; x_wconf 43' lang='lat' dir='ltr'>drggsenqiugssiit</span> 
     </span>
    </p>
   </div>
   <div class='ocr_carea' id='block_1_3' title="bbox 148 431 1803 2717">
    <p class='ocr_par' dir='ltr' id='par_1_3' title="bbox 148 431 1803 2717">
     <span class='ocr_line' id='line_1_3' title="bbox 207 431 1791 502; baseline 0 -31"><span class='ocrx_word' id='word_1_17' title='bbox 207 431 481 483; x_wconf 83' lang='lat' dir='ltr'>fructificavit,</span> <span class='ocrx_word' id='word_1_18' title='bbox 513 440 613 471; x_wconf 89' lang='lat' dir='ltr'>tunc</span> <span class='ocrx_word' id='word_1_19' title='bbox 646 431 715 471; x_wconf 91' lang='lat' dir='ltr'>illa</span> <span class='ocrx_word' id='word_1_20' title='bbox 748 440 809 471; x_wconf 88' lang='lat' dir='ltr'>est</span> <span class='ocrx_word' id='word_1_21' title='bbox 839 431 1048 471; x_wconf 86' lang='lat' dir='ltr'>extencior</span> <span class='ocrx_word' id='word_1_22' title='bbox 1079 431 1122 470; x_wconf 89' lang='lat' dir='ltr'>in</span> <span class='ocrx_word' id='word_1_23' title='bbox 1154 440 1260 471; x_wconf 89' lang='lat' dir='ltr'>etate</span> <span class='ocrx_word' id='word_1_24' title='bbox 1284 445 1411 485; x_wconf 88' lang='lat' dir='ltr'>quam</span> <span class='ocrx_word' id='word_1_25' title='bbox 1444 445 1521 484; x_wconf 95' lang='lat' dir='ltr'>pro</span> <span class='ocrx_word' id='word_1_26' title='bbox 1549 439 1791 502; x_wconf 49' lang='lat' dir='ltr'>efflgmfssrhffir</span> 
     </span>
     <span class='ocr_line' id='line_1_4' title="bbox 208 495 1800 555; baseline -0.001 -14"><span class='ocrx_word' id='word_1_27' title='bbox 208 502 309 541; x_wconf 90' lang='lat' dir='ltr'>hora</span> <span class='ocrx_word' id='word_1_28' title='bbox 331 501 564 541; x_wconf 89' lang='lat' dir='ltr'>undecima.</span> <span class='ocrx_word' id='word_1_29' title='bbox 597 501 793 555; x_wconf 79' lang='lat' dir='ltr'>Sequitur</span> <span class='ocrx_word' id='word_1_30' title='bbox 816 501 948 542; x_wconf 87' lang='lat' dir='ltr'>enirn:</span> <span class='ocrx_word' id='word_1_31' title='bbox 975 502 1087 541; x_wconf 92' lang='lat' dir='ltr'>Deus</span> <span class='ocrx_word' id='word_1_32' title='bbox 1109 501 1233 540; x_wconf 88' lang='lat' dir='ltr'>habet</span> <span class='ocrx_word' id='word_1_33' title='bbox 1254 501 1368 540; x_wconf 89' lang='lat' dir='ltr'>illam</span> <span class='ocrx_word' id='word_1_34' title='bbox 1392 501 1520 541; x_wconf 90' lang='lat' dir='ltr'>eccle·</span> <span class='ocrx_word' id='word_1_35' title='bbox 1794 495 1800 501; x_wconf 75' lang='grc'><strong>’</strong></span> 
     </span>
     <span class='ocr_line' id='line_1_5' title="bbox 208 571 1522 624; baseline 0 -14"><span class='ocrx_word' id='word_1_36' title='bbox 208 571 325 622; x_wconf 88' lang='lat' dir='ltr'>siam,</span> <span class='ocrx_word' id='word_1_37' title='bbox 359 584 456 624; x_wconf 86' lang='lat' dir='ltr'>ergo</span> <span class='ocrx_word' id='word_1_38' title='bbox 488 571 557 610; x_wconf 91' lang='lat' dir='ltr'>illa</span> <span class='ocrx_word' id='word_1_39' title='bbox 580 580 640 610; x_wconf 85' lang='lat' dir='ltr'>est</span> <span class='ocrx_word' id='word_1_40' title='bbox 662 571 846 623; x_wconf 84' lang='lat' dir='ltr'>ecclesia,</span> <span class='ocrx_word' id='word_1_41' title='bbox 879 580 919 611; x_wconf 94' lang='lat' dir='ltr'>et</span> <span class='ocrx_word' id='word_1_42' title='bbox 942 571 1150 624; x_wconf 86' lang='lat' dir='ltr'>sequitur:</span> <span class='ocrx_word' id='word_1_43' title='bbox 1184 571 1250 610; x_wconf 89' lang='lat' dir='ltr'>Ab</span> <span class='ocrx_word' id='word_1_44' title='bbox 1274 571 1381 610; x_wconf 87' lang='lat' dir='ltr'><strong>Abel</strong></span> <span class='ocrx_word' id='word_1_45' title='bbox 1412 571 1522 611; x_wconf 89' lang='lat' dir='ltr'>iusto</span> 
     </span>
     <span class='ocr_line' id='line_1_6' title="bbox 175 640 1523 694; baseline 0 -14"><span class='ocrx_word' id='word_1_46' title='bbox 175 652 341 694; x_wconf 90' lang='lat' dir='ltr'>5usque</span> <span class='ocrx_word' id='word_1_47' title='bbox 374 642 426 680; x_wconf 90' lang='lat' dir='ltr'>ad</span> <span class='ocrx_word' id='word_1_48' title='bbox 463 640 743 680; x_wconf 88' lang='lat' dir='ltr'>novissimum</span> <span class='ocrx_word' id='word_1_49' title='bbox 778 641 957 681; x_wconf 91' lang='lat' dir='ltr'>electum</span> <span class='ocrx_word' id='word_1_50' title='bbox 991 641 1059 680; x_wconf 85' lang='lat' dir='ltr'>illa</span> <span class='ocrx_word' id='word_1_51' title='bbox 1090 640 1225 680; x_wconf 89' lang='lat' dir='ltr'>taliter</span> <span class='ocrx_word' id='word_1_52' title='bbox 1262 641 1523 693; x_wconf 81' lang='lat' dir='ltr'>germinavit,</span> 
     </span>
     <span class='ocr_line' id='line_1_7' title="bbox 208 709 1524 764; baseline -0.001 -13"><span class='ocrx_word' id='word_1_53' title='bbox 208 724 305 764; x_wconf 88' lang='lat' dir='ltr'>ergo</span> <span class='ocrx_word' id='word_1_54' title='bbox 337 724 411 763; x_wconf 92' lang='lat' dir='ltr'>per</span> <span class='ocrx_word' id='word_1_55' title='bbox 442 711 706 750; x_wconf 84' lang='lat' dir='ltr'>tantumdem</span> <span class='ocrx_word' id='word_1_56' title='bbox 750 710 951 763; x_wconf 91' lang='lat' dir='ltr'>temporis</span> <span class='ocrx_word' id='word_1_57' title='bbox 999 711 1089 763; x_wconf 89' lang='lat' dir='ltr'>ipsa</span> <span class='ocrx_word' id='word_1_58' title='bbox 1122 709 1210 750; x_wconf 81' lang='lat' dir='ltr'>fuit.</span> <span class='ocrx_word' id='word_1_59' title='bbox 1256 711 1310 750; x_wconf 92' lang='lat' dir='ltr'>Et</span> <span class='ocrx_word' id='word_1_60' title='bbox 1347 712 1524 750; x_wconf 89' lang='lat' dir='ltr'>eandem</span> 
     </span>
     <span class='ocr_line' id='line_1_8' title="bbox 208 779 1524 833; baseline 0 -13"><span class='ocrx_word' id='word_1_61' title='bbox 208 779 464 820; x_wconf 79' lang='lat' dir='ltr'><strong>sentenciam</strong></span> <span class='ocrx_word' id='word_1_62' title='bbox 481 779 625 819; x_wconf 90' lang='lat' dir='ltr'>dicunt</span> <span class='ocrx_word' id='word_1_63' title='bbox 639 779 915 833; x_wconf 79' lang='lat' dir='ltr'>AugustinUS,</span> <span class='ocrx_word' id='word_1_64' title='bbox 936 779 1225 820; x_wconf 83' lang='lat' dir='ltr'>Crisostomus</span> <span class='ocrx_word' id='word_1_65' title='bbox 1249 790 1288 821; x_wconf 91' lang='lat' dir='ltr'>et</span> <span class='ocrx_word' id='word_1_66' title='bbox 1309 781 1524 821; x_wconf 87' lang='lat' dir='ltr'>decretum</span> 
     </span>
     <span class='ocr_line' id='line_1_9' title="bbox 208 846 1522 904; baseline 0.001 -15"><span class='ocrx_word' id='word_1_67' title='bbox 208 864 256 889; x_wconf 85' lang='lat' dir='ltr'>ex</span> <span class='ocrx_word' id='word_1_68' title='bbox 286 849 366 889; x_wconf 91' lang='lat' dir='ltr'>fide</span> <span class='ocrx_word' id='word_1_69' title='bbox 388 849 588 902; x_wconf 85' lang='lat' dir='ltr'>scripture</span> <span class='ocrx_word' id='word_1_70' title='bbox 620 846 686 904; x_wconf 80' lang='lat' dir='ltr'>(ut</span> <span class='ocrx_word' id='word_1_71' title='bbox 709 849 874 889; x_wconf 87' lang='lat' dir='ltr'>ostendi</span> <span class='ocrx_word' id='word_1_72' title='bbox 898 847 1129 904; x_wconf 88' lang='lat' dir='ltr'>superius);</span> <span class='ocrx_word' id='word_1_73' title='bbox 1153 859 1193 889; x_wconf 92' lang='lat' dir='ltr'>et</span> <span class='ocrx_word' id='word_1_74' title='bbox 1214 863 1354 890; x_wconf 86' lang='lat' dir='ltr'>revera</span> <span class='ocrx_word' id='word_1_75' title='bbox 1376 851 1522 890; x_wconf 88' lang='lat' dir='ltr'>abbre-</span> 
     </span>
     <span class='ocr_line' id='line_1_10' title="bbox 208 918 1523 972; baseline 0 -13"><span class='ocrx_word' id='word_1_76' title='bbox 208 919 319 960; x_wconf 82' lang='lat' dir='ltr'>viare</span> <span class='ocrx_word' id='word_1_77' title='bbox 352 928 504 959; x_wconf 88' lang='lat' dir='ltr'>etatem</span> <span class='ocrx_word' id='word_1_78' title='bbox 536 927 675 959; x_wconf 89' lang='lat' dir='ltr'>sancte</span> <span class='ocrx_word' id='word_1_79' title='bbox 708 918 852 958; x_wconf 78' lang='lat' dir='ltr'>matris</span> <span class='ocrx_word' id='word_1_80' title='bbox 886 919 1056 958; x_wconf 88' lang='lat' dir='ltr'>ecclesie</span> <span class='ocrx_word' id='word_1_81' title='bbox 1089 920 1205 972; x_wconf 88' lang='lat' dir='ltr'>quod</span> <span class='ocrx_word' id='word_1_82' title='bbox 1237 933 1324 959; x_wconf 93' lang='lat' dir='ltr'>non</span> <span class='ocrx_word' id='word_1_83' title='bbox 1372 920 1450 960; x_wconf 89' lang='lat' dir='ltr'>fuit</span> <span class='ocrx_word' id='word_1_84' title='bbox 1480 920 1523 959; x_wconf 90' lang='lat' dir='ltr'>in</span> 
     </span>
     <span class='ocr_line' id='line_1_11' title="bbox 154 987 1522 1042; baseline 0 -13"><span class='ocrx_word' id='word_1_85' title='bbox 154 1012 193 1034; x_wconf 80' lang='lat'>10</span> <span class='ocrx_word' id='word_1_86' title='bbox 208 990 333 1030; x_wconf 88' lang='lat' dir='ltr'>veteri</span> <span class='ocrx_word' id='word_1_87' title='bbox 365 997 615 1030; x_wconf 89' lang='lat' dir='ltr'>testamento</span> <span class='ocrx_word' id='word_1_88' title='bbox 660 987 766 1028; x_wconf 90' lang='lat' dir='ltr'>foret</span> <span class='ocrx_word' id='word_1_89' title='bbox 804 998 1156 1041; x_wconf 84' lang='lat' dir='ltr'>presumptuosus</span> <span class='ocrx_word' id='word_1_90' title='bbox 1189 1003 1301 1028; x_wconf 84' lang='lat' dir='ltr'>error</span> <span class='ocrx_word' id='word_1_91' title='bbox 1345 999 1383 1029; x_wconf 89' lang='lat' dir='ltr'>et</span> <span class='ocrx_word' id='word_1_92' title='bbox 1414 990 1522 1042; x_wconf 88' lang='lat' dir='ltr'>peri-</span> 
     </span>
     <span class='ocr_line' id='line_1_12' title="bbox 210 1058 1522 1111; baseline -0.001 -12"><span class='ocrx_word' id='word_1_93' title='bbox 210 1060 379 1099; x_wconf 88' lang='lat' dir='ltr'>culosus</span> <span class='ocrx_word' id='word_1_94' title='bbox 411 1058 562 1098; x_wconf 89' lang='lat' dir='ltr'>merito</span> <span class='ocrx_word' id='word_1_95' title='bbox 594 1058 874 1110; x_wconf 78' lang='lat' dir='ltr'>revocandus3</span> <span class='ocrx_word' id='word_1_96' title='bbox 908 1059 1024 1111; x_wconf 89' lang='lat' dir='ltr'>quod</span> <span class='ocrx_word' id='word_1_97' title='bbox 1056 1072 1134 1111; x_wconf 86' lang='lat' dir='ltr'>ego</span> <span class='ocrx_word' id='word_1_98' title='bbox 1168 1058 1306 1098; x_wconf 89' lang='lat' dir='ltr'>statim</span> <span class='ocrx_word' id='word_1_99' title='bbox 1331 1059 1522 1110; x_wconf 86' lang='lat' dir='ltr'>facerem,</span> 
     </span>
     <span class='ocr_line' id='line_1_13' title="bbox 210 1126 1521 1184; baseline -0.002 -14"><span class='ocrx_word' id='word_1_100' title='bbox 210 1130 243 1170; x_wconf 89' lang='lat' dir='ltr'>si</span> <span class='ocrx_word' id='word_1_101' title='bbox 267 1128 402 1184; x_wconf 83' lang='lat' dir='ltr'>(quod</span> <span class='ocrx_word' id='word_1_102' title='bbox 424 1126 546 1182; x_wconf 85' lang='lat' dir='ltr'>absit)</span> <span class='ocrx_word' id='word_1_103' title='bbox 580 1127 695 1167; x_wconf 88' lang='lat' dir='ltr'>illam</span> <span class='ocrx_word' id='word_1_104' title='bbox 714 1127 991 1167; x_wconf 88' lang='lat' dir='ltr'>assercionem</span> <span class='ocrx_word' id='word_1_105' title='bbox 1015 1128 1277 1168; x_wconf 82' lang='lat' dir='ltr'>temerariam</span> <span class='ocrx_word' id='word_1_106' title='bbox 1300 1142 1521 1182; x_wconf 87' lang='lat' dir='ltr'>presump-</span> 
     </span>
     <span class='ocr_line' id='line_1_14' title="bbox 210 1199 368 1239; baseline 0 -1"><span class='ocrx_word' id='word_1_107' title='bbox 210 1199 368 1239; x_wconf 87' lang='lat' dir='ltr'>sissem.</span> 
     </span>
     <span class='ocr_line' id='line_1_15' title="bbox 161 1266 1524 1322; baseline 0 -14"><span class='ocrx_word' id='word_1_108' title='bbox 161 1281 195 1314; x_wconf 85' lang='lat' dir='ltr'>D</span> <span class='ocrx_word' id='word_1_109' title='bbox 269 1270 354 1309; x_wconf 89' lang='lat' dir='ltr'>Nec</span> <span class='ocrx_word' id='word_1_110' title='bbox 386 1268 495 1308; x_wconf 83' lang='lat' dir='ltr'>valet</span> <span class='ocrx_word' id='word_1_111' title='bbox 527 1267 661 1307; x_wconf 91' lang='lat' dir='ltr'>dicere</span> <span class='ocrx_word' id='word_1_112' title='bbox 684 1268 801 1321; x_wconf 89' lang='lat' dir='ltr'>quod</span> <span class='ocrx_word' id='word_1_113' title='bbox 823 1267 992 1307; x_wconf 84' lang='lat' dir='ltr'>ecclesia</span> <span class='ocrx_word' id='word_1_114' title='bbox 1022 1266 1099 1307; x_wconf 92' lang='lat' dir='ltr'>fuit</span> <span class='ocrx_word' id='word_1_115' title='bbox 1127 1281 1200 1320; x_wconf 91' lang='lat' dir='ltr'>per</span> <span class='ocrx_word' id='word_1_116' title='bbox 1220 1267 1317 1307; x_wconf 83' lang='lat' dir='ltr'>istas</span> <span class='ocrx_word' id='word_1_117' title='bbox 1341 1277 1524 1322; x_wconf 88' lang='lat' dir='ltr'>quatuor</span> 
     </span>
     <span class='ocr_line' id='line_1_16' title="bbox 156 1337 1523 1390; baseline -0.001 -11"><span class='ocrx_word' id='word_1_118' title='bbox 156 1353 191 1385; x_wconf 76' lang='lat'>15</span> <span class='ocrx_word' id='word_1_119' title='bbox 209 1348 336 1379; x_wconf 91' lang='lat' dir='ltr'>etates</span> <span class='ocrx_word' id='word_1_120' title='bbox 367 1346 462 1378; x_wconf 90' lang='lat' dir='ltr'>ante</span> <span class='ocrx_word' id='word_1_121' title='bbox 494 1337 843 1390; x_wconf 78' lang='lat' dir='ltr'>incarnacionem,</span> <span class='ocrx_word' id='word_1_122' title='bbox 876 1338 946 1376; x_wconf 93' lang='lat' dir='ltr'>sed</span> <span class='ocrx_word' id='word_1_123' title='bbox 978 1346 1078 1377; x_wconf 90' lang='lat' dir='ltr'>tunc</span> <span class='ocrx_word' id='word_1_124' title='bbox 1110 1350 1196 1376; x_wconf 91' lang='lat' dir='ltr'>non</span> <span class='ocrx_word' id='word_1_125' title='bbox 1229 1337 1307 1377; x_wconf 90' lang='lat' dir='ltr'>fuit</span> <span class='ocrx_word' id='word_1_126' title='bbox 1339 1338 1523 1389; x_wconf 81' lang='lat' dir='ltr'>ecclesia,</span> 
     </span>
     <span class='ocr_line' id='line_1_17' title="bbox 176 1406 1521 1463; baseline -0.001 -15"><span class='ocrx_word' id='word_1_127' title='bbox 176 1409 346 1463; x_wconf 90' lang='lat' dir='ltr'>1primo</span> <span class='ocrx_word' id='word_1_128' title='bbox 380 1408 477 1462; x_wconf 88' lang='lat' dir='ltr'>quia</span> <span class='ocrx_word' id='word_1_129' title='bbox 508 1416 595 1447; x_wconf 89' lang='lat' dir='ltr'>tarn</span> <span class='ocrx_word' id='word_1_130' title='bbox 626 1406 835 1447; x_wconf 91' lang='lat' dir='ltr'>literaliter</span> <span class='ocrx_word' id='word_1_131' title='bbox 867 1420 996 1460; x_wconf 90' lang='lat' dir='ltr'>quam</span> <span class='ocrx_word' id='word_1_132' title='bbox 1018 1407 1177 1447; x_wconf 87' lang='lat' dir='ltr'>mistice</span> <span class='ocrx_word' id='word_1_133' title='bbox 1200 1416 1373 1448; x_wconf 85' lang='lat' dir='ltr'>vocatur</span> <span class='ocrx_word' id='word_1_134' title='bbox 1393 1408 1521 1448; x_wconf 93' lang='lat' dir='ltr'>eccle-</span> 
     </span>
     <span class='ocr_line' id='line_1_18' title="bbox 209 1477 1522 1532; baseline -0.002 -14"><span class='ocrx_word' id='word_1_135' title='bbox 209 1479 269 1518; x_wconf 89' lang='lat' dir='ltr'>sia</span> <span class='ocrx_word' id='word_1_136' title='bbox 316 1492 391 1532; x_wconf 90' lang='lat' dir='ltr'>pro</span> <span class='ocrx_word' id='word_1_137' title='bbox 439 1487 629 1530; x_wconf 90' lang='lat' dir='ltr'>ternpore</span> <span class='ocrx_word' id='word_1_138' title='bbox 674 1477 821 1517; x_wconf 80' lang='lat' dir='ltr'>veteris</span> <span class='ocrx_word' id='word_1_139' title='bbox 865 1477 1117 1528; x_wconf 82' lang='lat' dir='ltr'>testamenti,</span> <span class='ocrx_word' id='word_1_140' title='bbox 1175 1477 1281 1516; x_wconf 88' lang='lat' dir='ltr'>sicut</span> <span class='ocrx_word' id='word_1_141' title='bbox 1323 1486 1437 1530; x_wconf 90' lang='lat' dir='ltr'>patet</span> <span class='ocrx_word' id='word_1_142' title='bbox 1480 1478 1522 1517; x_wconf 91' lang='lat' dir='ltr'>in</span> 
     </span>
     <span class='ocr_line' id='line_1_19' title="bbox 209 1546 1524 1602; baseline -0.001 -14"><span class='ocrx_word' id='word_1_143' title='bbox 209 1548 416 1602; x_wconf 85' lang='lat' dir='ltr'>parabolis</span> <span class='ocrx_word' id='word_1_144' title='bbox 451 1546 602 1587; x_wconf 88' lang='lat' dir='ltr'>Christi</span> <span class='ocrx_word' id='word_1_145' title='bbox 633 1547 785 1601; x_wconf 87' lang='lat' dir='ltr'>quibus</span> <span class='ocrx_word' id='word_1_146' title='bbox 817 1547 982 1587; x_wconf 86' lang='lat' dir='ltr'>vocavit</span> <span class='ocrx_word' id='word_1_147' title='bbox 1014 1546 1155 1586; x_wconf 89' lang='lat' dir='ltr'>fideles</span> <span class='ocrx_word' id='word_1_148' title='bbox 1189 1547 1240 1586; x_wconf 86' lang='lat' dir='ltr'>ad</span> <span class='ocrx_word' id='word_1_149' title='bbox 1278 1546 1451 1600; x_wconf 89' lang='lat' dir='ltr'>nupcias</span> <span class='ocrx_word' id='word_1_150' title='bbox 1485 1557 1524 1587; x_wconf 93' lang='lat' dir='ltr'>et</span> 
     </span>
     <span class='ocr_line' id='line_1_20' title="bbox 209 1616 1523 1671; baseline 0 -14"><span class='ocrx_word' id='word_1_151' title='bbox 209 1619 260 1657; x_wconf 83' lang='lat' dir='ltr'>ad</span> <span class='ocrx_word' id='word_1_152' title='bbox 303 1618 585 1657; x_wconf 87' lang='lat' dir='ltr'>laborandum</span> <span class='ocrx_word' id='word_1_153' title='bbox 629 1617 671 1656; x_wconf 91' lang='lat' dir='ltr'>in</span> <span class='ocrx_word' id='word_1_154' title='bbox 714 1617 836 1656; x_wconf 85' lang='lat' dir='ltr'>vinea</span> <span class='ocrx_word' id='word_1_155' title='bbox 893 1616 957 1671; x_wconf 89' lang='lat' dir='ltr'>(ut</span> <span class='ocrx_word' id='word_1_156' title='bbox 1000 1625 1113 1670; x_wconf 91' lang='lat' dir='ltr'>patet</span> <span class='ocrx_word' id='word_1_157' title='bbox 1156 1617 1255 1655; x_wconf 86' lang='lat' dir='ltr'>Mat.</span> <span class='ocrx_word' id='word_1_158' title='bbox 1306 1617 1444 1657; x_wconf 78' lang='grc' dir='ltr'>ΧΧΙΙΟ</span> <span class='ocrx_word' id='word_1_159' title='bbox 1485 1627 1523 1657; x_wconf 88' lang='lat' dir='ltr'>et</span> 
     </span>
     <span class='ocr_line' id='line_1_21' title="bbox 150 1685 1522 1741; baseline 0 -14"><span class='ocrx_word' id='word_1_160' title='bbox 150 1712 191 1734; x_wconf 87' lang='lat'>20</span> <span class='ocrx_word' id='word_1_161' title='bbox 206 1687 306 1727; x_wconf 81' lang='lat' dir='ltr'>Mat.</span> <span class='ocrx_word' id='word_1_162' title='bbox 339 1685 470 1741; x_wconf 79' lang='lat' dir='ltr'>XXO),</span> <span class='ocrx_word' id='word_1_163' title='bbox 515 1696 554 1726; x_wconf 93' lang='lat' dir='ltr'>et</span> <span class='ocrx_word' id='word_1_164' title='bbox 592 1687 829 1726; x_wconf 86' lang='lat' dir='ltr'>secundum</span> <span class='ocrx_word' id='word_1_165' title='bbox 874 1687 1030 1740; x_wconf 86' lang='lat' dir='ltr'>peritos</span> <span class='ocrx_word' id='word_1_166' title='bbox 1070 1687 1310 1739; x_wconf 86' lang='lat' dir='ltr'>linguarum</span> <span class='ocrx_word' id='word_1_167' title='bbox 1351 1687 1522 1727; x_wconf 87' lang='lat' dir='ltr'>ecclesia</span> 
     </span>
     <span class='ocr_line' id='line_1_22' title="bbox 207 1755 1520 1811; baseline 0.001 -15"><span class='ocrx_word' id='word_1_168' title='bbox 207 1757 356 1798; x_wconf 90' lang='lat' dir='ltr'>dicitur</span> <span class='ocrx_word' id='word_1_169' title='bbox 388 1756 640 1796; x_wconf 86' lang='lat' dir='ltr'>convocacio</span> <span class='ocrx_word' id='word_1_170' title='bbox 672 1755 874 1809; x_wconf 85' lang='lat' dir='ltr'>fidelium,</span> <span class='ocrx_word' id='word_1_171' title='bbox 915 1770 1130 1810; x_wconf 85' lang='lat' dir='ltr'>synagoga</span> <span class='ocrx_word' id='word_1_172' title='bbox 1161 1766 1304 1796; x_wconf 89' lang='lat' dir='ltr'>autem</span> <span class='ocrx_word' id='word_1_173' title='bbox 1348 1771 1520 1811; x_wconf 88' lang='lat' dir='ltr'>congre-</span> 
     </span>
     <span class='ocr_line' id='line_1_23' title="bbox 205 1826 1521 1881; baseline 0 -15"><span class='ocrx_word' id='word_1_174' title='bbox 205 1827 322 1881; x_wconf 85' lang='lat' dir='ltr'>gacio</span> <span class='ocrx_word' id='word_1_175' title='bbox 355 1826 556 1866; x_wconf 88' lang='lat' dir='ltr'>fidelium.</span> <span class='ocrx_word' id='word_1_176' title='bbox 590 1826 687 1866; x_wconf 90' lang='lat' dir='ltr'>Ideo</span> <span class='ocrx_word' id='word_1_177' title='bbox 717 1826 830 1879; x_wconf 85' lang='lat' dir='ltr'>prius</span> <span class='ocrx_word' id='word_1_178' title='bbox 864 1826 972 1865; x_wconf 88' lang='lat' dir='ltr'>dicta</span> <span class='ocrx_word' id='word_1_179' title='bbox 996 1835 1055 1865; x_wconf 92' lang='lat' dir='ltr'>est</span> <span class='ocrx_word' id='word_1_180' title='bbox 1079 1826 1261 1878; x_wconf 84' lang='lat' dir='ltr'>ecclesia,</span> <span class='ocrx_word' id='word_1_181' title='bbox 1295 1836 1521 1880; x_wconf 86' lang='lat' dir='ltr'>antequam</span> 
     </span>
     <span class='ocr_line' id='line_1_24' title="bbox 207 1896 1520 1950; baseline -0.001 -14"><span class='ocrx_word' id='word_1_182' title='bbox 207 1896 339 1936; x_wconf 88' lang='lat' dir='ltr'>fuerat</span> <span class='ocrx_word' id='word_1_183' title='bbox 371 1905 517 1936; x_wconf 86' lang='lat' dir='ltr'>vocata</span> <span class='ocrx_word' id='word_1_184' title='bbox 550 1910 774 1950; x_wconf 86' lang='lat' dir='ltr'>synagoga.</span> <span class='ocrx_word' id='word_1_185' title='bbox 829 1897 881 1935; x_wconf 90' lang='lat' dir='ltr'>Et</span> <span class='ocrx_word' id='word_1_186' title='bbox 914 1897 1055 1950; x_wconf 86' lang='lat' dir='ltr'>quoad</span> <span class='ocrx_word' id='word_1_187' title='bbox 1095 1909 1268 1936; x_wconf 85' lang='lat' dir='ltr'>sensum</span> <span class='ocrx_word' id='word_1_188' title='bbox 1305 1896 1520 1948; x_wconf 84' lang='lat' dir='ltr'>literalem,</span> 
     </span>
     <span class='ocr_line' id='line_1_25' title="bbox 205 1966 1520 2020; baseline 0 -15"><span class='ocrx_word' id='word_1_189' title='bbox 205 1975 320 2019; x_wconf 87' lang='lat' dir='ltr'>patet</span> <span class='ocrx_word' id='word_1_190' title='bbox 352 1967 465 2020; x_wconf 89' lang='lat' dir='ltr'>quod</span> <span class='ocrx_word' id='word_1_191' title='bbox 489 1980 584 2018; x_wconf 92' lang='lat' dir='ltr'>sepe</span> <span class='ocrx_word' id='word_1_192' title='bbox 606 1974 756 2005; x_wconf 87' lang='lat' dir='ltr'>vocata</span> <span class='ocrx_word' id='word_1_193' title='bbox 778 1975 838 2006; x_wconf 91' lang='lat' dir='ltr'>est</span> <span class='ocrx_word' id='word_1_194' title='bbox 862 1966 1032 2005; x_wconf 87' lang='lat' dir='ltr'>ecclesia</span> <span class='ocrx_word' id='word_1_195' title='bbox 1054 1979 1130 2018; x_wconf 91' lang='lat' dir='ltr'>pro</span> <span class='ocrx_word' id='word_1_196' title='bbox 1160 1975 1350 2019; x_wconf 89' lang='lat' dir='ltr'>tempore</span> <span class='ocrx_word' id='word_1_197' title='bbox 1372 1966 1520 2006; x_wconf 88' lang='lat' dir='ltr'>veteris</span> 
     </span>
     <span class='ocr_line' id='line_1_26' title="bbox 164 2035 1520 2089; baseline 0 -13"><span class='ocrx_word' id='word_1_198' title='bbox 164 2036 454 2083; x_wconf 84' lang='lat' dir='ltr'>2testamenti.</span> <span class='ocrx_word' id='word_1_199' title='bbox 517 2036 726 2087; x_wconf 88' lang='lat' dir='ltr'>Similiter,</span> <span class='ocrx_word' id='word_1_200' title='bbox 773 2036 804 2075; x_wconf 90' lang='lat' dir='ltr'>si</span> <span class='ocrx_word' id='word_1_201' title='bbox 848 2036 1018 2076; x_wconf 87' lang='lat' dir='ltr'>ecclesia</span> <span class='ocrx_word' id='word_1_202' title='bbox 1052 2035 1129 2076; x_wconf 89' lang='lat' dir='ltr'>fuit</span> <span class='ocrx_word' id='word_1_203' title='bbox 1170 2036 1212 2075; x_wconf 87' lang='lat' dir='ltr'>in</span> <span class='ocrx_word' id='word_1_204' title='bbox 1246 2036 1379 2089; x_wconf 89' lang='lat' dir='ltr'>prima</span> <span class='ocrx_word' id='word_1_205' title='bbox 1414 2045 1520 2076; x_wconf 87' lang='lat' dir='ltr'>etate</span> 
     </span>
     <span class='ocr_line' id='line_1_27' title="bbox 204 2106 1519 2160; baseline 0.002 -16"><span class='ocrx_word' id='word_1_206' title='bbox 204 2106 367 2158; x_wconf 89' lang='lat' dir='ltr'>mundi,</span> <span class='ocrx_word' id='word_1_207' title='bbox 400 2116 499 2146; x_wconf 90' lang='lat' dir='ltr'>tunc</span> <span class='ocrx_word' id='word_1_208' title='bbox 533 2106 596 2146; x_wconf 93' lang='lat' dir='ltr'>vel</span> <span class='ocrx_word' id='word_1_209' title='bbox 628 2106 732 2146; x_wconf 88' lang='lat' dir='ltr'>illud</span> <span class='ocrx_word' id='word_1_210' title='bbox 765 2106 881 2160; x_wconf 90' lang='lat' dir='ltr'>quod</span> <span class='ocrx_word' id='word_1_211' title='bbox 914 2115 974 2146; x_wconf 88' lang='lat' dir='ltr'>est</span> <span class='ocrx_word' id='word_1_212' title='bbox 997 2106 1168 2146; x_wconf 87' lang='lat' dir='ltr'>ecclesia</span> <span class='ocrx_word' id='word_1_213' title='bbox 1189 2106 1255 2145; x_wconf 85' lang='lat' dir='ltr'>vel</span> <span class='ocrx_word' id='word_1_214' title='bbox 1275 2106 1380 2146; x_wconf 90' lang='lat' dir='ltr'>illud</span> <span class='ocrx_word' id='word_1_215' title='bbox 1404 2108 1519 2160; x_wconf 88' lang='lat' dir='ltr'>quod</span> 
     </span>
     <span class='ocr_line' id='line_1_28' title="bbox 206 2175 1517 2228; baseline 0.001 -13"><span class='ocrx_word' id='word_1_216' title='bbox 206 2175 282 2216; x_wconf 88' lang='lat' dir='ltr'>fuit</span> <span class='ocrx_word' id='word_1_217' title='bbox 337 2175 519 2216; x_wconf 86' lang='lat' dir='ltr'>ecclesia.</span> <span class='ocrx_word' id='word_1_218' title='bbox 575 2175 764 2215; x_wconf 89' lang='lat' dir='ltr'>Primum</span> <span class='ocrx_word' id='word_1_219' title='bbox 816 2175 1034 2228; x_wconf 82' lang='lat' dir='ltr'>negabitur</span> <span class='ocrx_word' id='word_1_220' title='bbox 1082 2185 1120 2216; x_wconf 94' lang='lat' dir='ltr'>et</span> <span class='ocrx_word' id='word_1_221' title='bbox 1175 2177 1271 2215; x_wconf 86' lang='lat' dir='ltr'>dato</span> <span class='ocrx_word' id='word_1_222' title='bbox 1331 2177 1517 2216; x_wconf 88' lang='lat' dir='ltr'>secundo</span> 
     </span>
     <span class='ocr_line' id='line_1_29' title="bbox 205 2245 1517 2299; baseline 0.001 -14"><span class='ocrx_word' id='word_1_223' title='bbox 205 2254 372 2299; x_wconf 88' lang='lat' dir='ltr'>oportet</span> <span class='ocrx_word' id='word_1_224' title='bbox 404 2260 501 2286; x_wconf 87' lang='lat' dir='ltr'>cum</span> <span class='ocrx_word' id='word_1_225' title='bbox 532 2246 635 2285; x_wconf 84' lang='lat' dir='ltr'>veris</span> <span class='ocrx_word' id='word_1_226' title='bbox 669 2245 803 2285; x_wconf 90' lang='lat' dir='ltr'>dicere</span> <span class='ocrx_word' id='word_1_227' title='bbox 835 2247 951 2299; x_wconf 86' lang='lat' dir='ltr'>quod</span> <span class='ocrx_word' id='word_1_228' title='bbox 982 2246 1051 2285; x_wconf 85' lang='lat' dir='ltr'>illa</span> <span class='ocrx_word' id='word_1_229' title='bbox 1094 2246 1299 2299; x_wconf 86' lang='lat' dir='ltr'>adequata</span> <span class='ocrx_word' id='word_1_230' title='bbox 1348 2246 1517 2287; x_wconf 89' lang='lat' dir='ltr'>ecclesia</span> 
     </span>
     <span class='ocr_line' id='line_1_30' title="bbox 206 2315 1516 2369; baseline 0.001 -14"><span class='ocrx_word' id='word_1_231' title='bbox 206 2329 286 2369; x_wconf 90' lang='lat' dir='ltr'>que</span> <span class='ocrx_word' id='word_1_232' title='bbox 319 2315 396 2355; x_wconf 89' lang='lat' dir='ltr'>fuit</span> <span class='ocrx_word' id='word_1_233' title='bbox 427 2315 469 2354; x_wconf 91' lang='lat' dir='ltr'>in</span> <span class='ocrx_word' id='word_1_234' title='bbox 501 2316 636 2368; x_wconf 88' lang='lat' dir='ltr'>prima</span> <span class='ocrx_word' id='word_1_235' title='bbox 668 2324 772 2355; x_wconf 90' lang='lat' dir='ltr'>etate</span> <span class='ocrx_word' id='word_1_236' title='bbox 805 2315 953 2355; x_wconf 86' lang='lat' dir='ltr'>mundi</span> <span class='ocrx_word' id='word_1_237' title='bbox 986 2315 1064 2355; x_wconf 89' lang='lat' dir='ltr'>fuit</span> <span class='ocrx_word' id='word_1_238' title='bbox 1094 2316 1135 2354; x_wconf 90' lang='lat' dir='ltr'>in</span> <span class='ocrx_word' id='word_1_239' title='bbox 1169 2315 1237 2354; x_wconf 90' lang='lat' dir='ltr'>illa</span> <span class='ocrx_word' id='word_1_240' title='bbox 1260 2324 1365 2355; x_wconf 87' lang='lat' dir='ltr'>etate</span> <span class='ocrx_word' id='word_1_241' title='bbox 1389 2316 1516 2356; x_wconf 91' lang='lat' dir='ltr'>eccle-</span> 
     </span>
     <span class='ocr_line' id='line_1_31' title="bbox 148 2385 1518 2438; baseline 0 -14"><span class='ocrx_word' id='word_1_242' title='bbox 148 2397 189 2430; x_wconf 82' lang='lat'>30</span> <span class='ocrx_word' id='word_1_243' title='bbox 206 2386 277 2437; x_wconf 86' lang='lat' dir='ltr'>sia,</span> <span class='ocrx_word' id='word_1_244' title='bbox 330 2393 368 2424; x_wconf 90' lang='lat' dir='ltr'>et</span> <span class='ocrx_word' id='word_1_245' title='bbox 418 2399 515 2425; x_wconf 90' lang='lat' dir='ltr'>cum</span> <span class='ocrx_word' id='word_1_246' title='bbox 558 2385 627 2425; x_wconf 87' lang='lat' dir='ltr'>illa</span> <span class='ocrx_word' id='word_1_247' title='bbox 671 2394 754 2425; x_wconf 90' lang='lat' dir='ltr'>etas</span> <span class='ocrx_word' id='word_1_248' title='bbox 803 2386 919 2438; x_wconf 88' lang='lat' dir='ltr'>lapsa</span> <span class='ocrx_word' id='word_1_249' title='bbox 969 2394 1028 2424; x_wconf 91' lang='lat' dir='ltr'>est</span> <span class='ocrx_word' id='word_1_250' title='bbox 1078 2398 1150 2437; x_wconf 93' lang='lat' dir='ltr'>per</span> <span class='ocrx_word' id='word_1_251' title='bbox 1208 2385 1341 2425; x_wconf 87' lang='lat' dir='ltr'>multa</span> <span class='ocrx_word' id='word_1_252' title='bbox 1386 2385 1518 2425; x_wconf 90' lang='lat' dir='ltr'>millia</span> 
     </span>
     <span class='ocr_line' id='line_1_32' title="bbox 204 2452 1519 2508; baseline 0 -14"><span class='ocrx_word' id='word_1_253' title='bbox 204 2468 413 2495; x_wconf 88' lang='lat' dir='ltr'>annorum</span> <span class='ocrx_word' id='word_1_254' title='bbox 435 2465 528 2494; x_wconf 88' lang='lat' dir='ltr'>ante</span> <span class='ocrx_word' id='word_1_255' title='bbox 550 2455 886 2495; x_wconf 88' lang='lat' dir='ltr'>incarnacionem</span> <span class='ocrx_word' id='word_1_256' title='bbox 909 2452 1075 2506; x_wconf 89' lang='lat' dir='ltr'>Christi,</span> <span class='ocrx_word' id='word_1_257' title='bbox 1098 2455 1285 2508; x_wconf 88' lang='lat' dir='ltr'>sequitur</span> <span class='ocrx_word' id='word_1_258' title='bbox 1306 2456 1424 2508; x_wconf 88' lang='lat' dir='ltr'>quod</span> <span class='ocrx_word' id='word_1_259' title='bbox 1446 2469 1519 2508; x_wconf 93' lang='lat' dir='ltr'>per</span> 
     </span>
     <span class='ocr_line' id='line_1_33' title="bbox 203 2523 1513 2577; baseline 0 -13"><span class='ocrx_word' id='word_1_260' title='bbox 203 2533 368 2564; x_wconf 88' lang='lat' dir='ltr'>tanturn</span> <span class='ocrx_word' id='word_1_261' title='bbox 413 2525 614 2577; x_wconf 90' lang='lat' dir='ltr'>temporis</span> <span class='ocrx_word' id='word_1_262' title='bbox 666 2534 761 2565; x_wconf 90' lang='lat' dir='ltr'>ante</span> <span class='ocrx_word' id='word_1_263' title='bbox 803 2525 1141 2565; x_wconf 88' lang='lat' dir='ltr'>incarnacionem</span> <span class='ocrx_word' id='word_1_264' title='bbox 1197 2523 1273 2564; x_wconf 89' lang='lat' dir='ltr'>fuit</span> <span class='ocrx_word' id='word_1_265' title='bbox 1324 2525 1513 2577; x_wconf 88' lang='lat' dir='ltr'>ecclesia;</span> 
     </span>
     <span class='ocr_line' id='line_1_34' title="bbox 204 2593 1779 2648; baseline 0.001 -14"><span class='ocrx_word' id='word_1_266' title='bbox 204 2596 320 2648; x_wconf 83' lang='lat' dir='ltr'>quod</span> <span class='ocrx_word' id='word_1_267' title='bbox 353 2609 430 2648; x_wconf 87' lang='lat' dir='ltr'>ego</span> <span class='ocrx_word' id='word_1_268' title='bbox 465 2596 589 2634; x_wconf 91' lang='lat' dir='ltr'>credo</span> <span class='ocrx_word' id='word_1_269' title='bbox 623 2608 710 2634; x_wconf 89' lang='lat' dir='ltr'>esse</span> <span class='ocrx_word' id='word_1_270' title='bbox 743 2595 792 2634; x_wconf 93' lang='lat' dir='ltr'>de</span> <span class='ocrx_word' id='word_1_271' title='bbox 824 2593 904 2633; x_wconf 86' lang='lat' dir='ltr'>fide</span> <span class='ocrx_word' id='word_1_272' title='bbox 937 2594 1120 2634; x_wconf 88' lang='lat' dir='ltr'>ecclesie.</span> <span class='ocrx_word' id='word_1_273' title='bbox 1154 2593 1352 2634; x_wconf 88' lang='lat' dir='ltr'>Similiter</span> <span class='ocrx_word' id='word_1_274' title='bbox 1382 2595 1513 2635; x_wconf 91' lang='lat' dir='ltr'>modo</span> <span class='ocrx_word' id='word_1_275' title='bbox 1558 2605 1627 2646; x_wconf 64' lang='lat' dir='ltr'>The</span> <span class='ocrx_word' id='word_1_276' title='bbox 1648 2606 1779 2647; x_wconf 58' lang='lat' dir='ltr'>chureii</span> 
     </span>
     <span class='ocr_line' id='line_1_35' title="bbox 163 2641 1803 2717; baseline 0 -13"><span class='ocrx_word' id='word_1_277' title='bbox 163 2677 188 2710; x_wconf 88' lang='lat'>3</span> <span class='ocrx_word' id='word_1_278' title='bbox 205 2673 265 2704; x_wconf 87' lang='lat' dir='ltr'>est</span> <span class='ocrx_word' id='word_1_279' title='bbox 297 2664 465 2704; x_wconf 89' lang='lat' dir='ltr'>ecclesia</span> <span class='ocrx_word' id='word_1_280' title='bbox 488 2664 750 2717; x_wconf 89' lang='lat' dir='ltr'>triumphans</span> <span class='ocrx_word' id='word_1_281' title='bbox 775 2677 855 2717; x_wconf 93' lang='lat' dir='ltr'>que</span> <span class='ocrx_word' id='word_1_282' title='bbox 889 2663 965 2703; x_wconf 88' lang='lat' dir='ltr'>suit</span> <span class='ocrx_word' id='word_1_283' title='bbox 997 2664 1037 2702; x_wconf 89' lang='lat' dir='ltr'>in</span> <span class='ocrx_word' id='word_1_284' title='bbox 1061 2663 1195 2716; x_wconf 87' lang='lat' dir='ltr'>prima</span> <span class='ocrx_word' id='word_1_285' title='bbox 1224 2672 1328 2703; x_wconf 85' lang='lat' dir='ltr'>etate</span> <span class='ocrx_word' id='word_1_286' title='bbox 1351 2665 1512 2717; x_wconf 89' lang='lat' dir='ltr'>mundi,</span> <span class='ocrx_word' id='word_1_287' title='bbox 1528 2641 1757 2711; x_wconf 44' lang='lat' dir='ltr'>migllisixgsgteeg</span> <span class='ocrx_word' id='word_1_288' title='bbox 1768 2650 1803 2704; x_wconf 57' lang='grc' dir='ltr'>ἐξ</span> 
     </span>
    </p>
   </div>
   <div class='ocr_carea' id='block_1_4' title="bbox 1528 2710 1804 2781">
    <p class='ocr_par' dir='ltr' id='par_1_4' title="bbox 1528 2710 1804 2781">
     <span class='ocr_line' id='line_1_36' title="bbox 1528 2710 1804 2739; baseline 0.004 -1"><span class='ocrx_word' id='word_1_289' title='bbox 1528 2710 1660 2739; x_wconf 86' lang='lat' dir='ltr'>militant</span> <span class='ocrx_word' id='word_1_290' title='bbox 1678 2711 1704 2739; x_wconf 84' lang='lat' dir='ltr'>is</span> <span class='ocrx_word' id='word_1_291' title='bbox 1733 2719 1804 2739; x_wconf 88' lang='lat' dir='ltr'>now</span> 
     </span>
     <span class='ocr_line' id='line_1_37' title="bbox 1562 2745 1765 2781; baseline 0.005 -8"><span class='ocrx_word' id='word_1_292' title='bbox 1562 2745 1765 2781; x_wconf 85' lang='lat' dir='ltr'>triumphant.</span> 
     </span>
    </p>
   </div>
   <div class='ocr_carea' id='block_1_5' title="bbox 202 2834 1511 2917">
    <p class='ocr_par' dir='ltr' id='par_1_5' title="bbox 202 2834 1511 2917">
     <span class='ocr_line' id='line_1_38' title="bbox 254 2834 1511 2870; baseline -0.001 -7"><span class='ocrx_word' id='word_1_293' title='bbox 254 2843 279 2863; x_wconf 91' lang='lat'>2.</span> <span class='ocrx_word' id='word_1_294' title='bbox 300 2836 344 2863; x_wconf 82' lang='lat' dir='ltr'>A:</span> <span class='ocrx_word' id='word_1_295' title='bbox 377 2835 538 2863; x_wconf 86' lang='lat' dir='ltr'>extensior.</span> <span class='ocrx_word' id='word_1_296' title='bbox 681 2843 718 2863; x_wconf 87' lang='lat'>12.</span> <span class='ocrx_word' id='word_1_297' title='bbox 742 2834 778 2863; x_wconf 81' lang='lat'>13.</span> <span class='ocrx_word' id='word_1_298' title='bbox 809 2835 848 2863; x_wconf 78' lang='lat' dir='ltr'>B:</span> <span class='ocrx_word' id='word_1_299' title='bbox 882 2835 1124 2870; x_wconf 83' lang='lat' dir='ltr'>presumpsisse.</span> <span class='ocrx_word' id='word_1_300' title='bbox 1153 2837 1180 2863; x_wconf 92' lang='lat' dir='ltr'>A</span> <span class='ocrx_word' id='word_1_301' title='bbox 1201 2836 1231 2864; x_wconf 89' lang='lat' dir='ltr'>in</span> <span class='ocrx_word' id='word_1_302' title='bbox 1254 2843 1368 2870; x_wconf 68' lang='lat' dir='ltr'>marg:</span> <span class='ocrx_word' id='word_1_303' title='bbox 1398 2836 1511 2864; x_wconf 78' lang='lat' dir='ltr'>Ficcio.</span> 
     </span>
     <span class='ocr_line' id='line_1_39' title="bbox 202 2881 1068 2917; baseline 0 -9"><span class='ocrx_word' id='word_1_304' title='bbox 202 2889 240 2908; x_wconf 83' lang='lat'>21.</span> <span class='ocrx_word' id='word_1_305' title='bbox 261 2881 307 2908; x_wconf 88' lang='lat' dir='ltr'>A:</span> <span class='ocrx_word' id='word_1_306' title='bbox 328 2882 533 2917; x_wconf 83' lang='lat' dir='ltr'>congregacio</span> <span class='ocrx_word' id='word_1_307' title='bbox 553 2882 701 2910; x_wconf 82' lang='lat' dir='ltr'>fidelium.</span> <span class='ocrx_word' id='word_1_308' title='bbox 739 2884 779 2917; x_wconf 85' lang='lat' dir='ltr'>A¹</span> <span class='ocrx_word' id='word_1_309' title='bbox 799 2882 870 2910; x_wconf 85' lang='lat' dir='ltr'>add.</span> <span class='ocrx_word' id='word_1_310' title='bbox 890 2882 1068 2911; x_wconf 86' lang='lat' dir='ltr'>Iudeorum.</span> 
     </span>
    </p>
   </div>
  </div>
 </body>
</html>
