2051 3273
196 198 279 249 408

199 1080 287 1108 Faith
308 1079 333 1107 is
354 1079 405 1105 tlic
427 1083 474 1105 act

200 1115 235 1142 of
255 1113 416 1148 believing‚
439 1120 474 1140 or

201 1150 250 1176 1he
284 1148 472 1183 disposition

246 1188 276 1211 to
300 1183 425 1210 believe.

226 2188 329 2216 Three
350 2195 459 2214 senses

252 2223 286 2250 of
304 2222 447 2250 Churcli:

220 2259 254 2291 a)
273 2258 310 2285 all
331 2257 401 2283 who
425 2264 474 2284 are

263 2291 432 2328 nominally

255 2326 439 2362 Christians,

916 201 1139 234 JOHANNIS
1167 200 1362 233 WYCLIF.
1574 186 1680 244 [eff.
1699 197 1793 225 xvii.

486 322 615 349 unam
636 316 796 360 partem
820 305 1141 360 quantitativam
1173 303 1429 344 uniformem
1461 305 1600 358 quoad
1633 304 1793 344 subiec-
1813 313 1889 348 185b
1909 315 1945 348 N

485 388 578 418 turn
610 386 649 417 et
679 385 860 428 tempus,
881 376 951 415 sed
974 375 1098 413 aliam
1121 383 1283 427 partem
1305 374 1627 427 quantitativam
1649 374 1795 414 utrim-

488 460 568 501 que
613 445 860 485 difformem.
914 444 959 483 In
1004 442 1135 496 patria
1179 451 1321 482 autem
1365 453 1462 482 sunt
1507 443 1657 497 singuli
1701 443 1816 483 fidei'

487 515 721 566 uniformis,
757 528 854 554 cum
885 513 940 551 ibi
974 511 1239 552 evacuabitur
1272 511 1576 565 imperfectum.
1611 512 1653 552 Si
1686 512 1797 552 enim

488 585 670 625 eundem
702 583 895 622 habitum
932 581 1028 621 fidei
1059 581 1103 620 in
1135 594 1314 621 numero
1348 581 1525 621 omnino
1557 581 1830 635 simpliciter5

486 654 610 693 habet
643 653 820 706 quilibet
852 652 1114 703 christianus,
1161 651 1349 703 sequitur
1387 652 1501 704 quod
1533 651 1601 690 ille
1633 652 1798 691 habitus

487 737 593 777 eque
632 722 812 776 perfecte
851 721 1141 761 denominaret
1183 721 1420 760 subiectum
1464 735 1590 761 suum
1636 722 1799 760 credere

488 802 534 833 ut
564 792 669 832 alius
702 791 957 845 quicunque.
1012 790 1162 829 Omnis
1195 789 1308 829 enim
1346 790 1523 843 qualitas
1556 789 1800 829 denominat

487 862 725 903 subiectum
779 874 906 900 suum
961 859 1147 912 primum
1198 860 1430 899 secundum
1475 859 1540 899 sui
1586 859 1799 910 ultimum,

488 931 585 986 quia
621 930 802 970 variacio
842 929 1133 982 disposicionis
1177 929 1352 968 variaret
1373 925 1396 950 ⁷³²
1418 930 1595 982 gradum
1633 928 1798 968 habitus
1820 937 1895 971 ι85ὓ

488 1010 527 1041 et
559 1000 615 1039 sic
648 1000 790 1052 ipsum
822 999 1024 1038 habitum.

545 1069 599 1109 Et
630 1068 707 1108 ista
739 1076 800 1108 est
840 1068 1052 1107 sentencia
1073 1067 1315 1120 Augustini,
1348 1081 1437 1106 non
1470 1068 1583 1120 quod
1615 1067 1727 1106 idem
1759 1067 1802 1106 in

488 1151 665 1179 numero
705 1137 859 1177 scilicet
903 1146 1018 1176 actus
1055 1137 1120 1176 vel
1159 1137 1326 1177 habitus
1358 1136 1454 1176 fidei
1492 1137 1543 1176 sit
1575 1136 1802 1176 formaliter

490 1209 529 1248 in
576 1207 745 1247 diversis
790 1206 992 1260 personis,
1027 1206 1124 1259 quia
1157 1215 1255 1246 tunc
1298 1206 1481 1259 quelibet
1511 1205 1678 1245 illarum
1708 1218 1799 1259 per—

490 1290 692 1317 sonarum
725 1276 830 1316 foret
858 1274 960 1314 fides
984 1275 1179 1329 quelibet.
1213 1276 1335 1315 Fides
1368 1275 1481 1314 enim
1513 1288 1598 1314 non
1632 1283 1693 1314 est
1725 1274 1801 1314 nisi
1822 1285 1859 1317 15

491 1360 717 1401 personam
750 1345 915 1385 credere
946 1345 1011 1384 vel
1034 1344 1200 1397 disponi
1223 1345 1274 1383 ad
1297 1346 1564 1384 credendum.
1599 1344 1680 1384 Sed
1701 1343 1802 1383 fides

493 1431 574 1471 que
591 1416 770 1456 creditur
784 1424 843 1454 est
860 1413 1008 1454 veritas
1023 1428 1046 1453 a
1065 1413 1325 1453 credentibus
1341 1414 1485 1454 aliena.
1510 1415 1562 1453 Et
1582 1414 1638 1453 sic
1654 1427 1802 1466 quam-

491 1487 552 1525 vis
576 1484 754 1525 infidelis
778 1484 909 1524 eciam
932 1483 1136 1537 dyabolus
1160 1483 1297 1523 credat
1313 1483 1529 1523 veritatem
1546 1482 1641 1522 fidei
1665 1482 1802 1522 catho-

491 1555 580 1607 lice,
628 1563 951 1606 verumptamen
986 1553 1221 1592 secundum
1260 1562 1422 1605 partem
1454 1562 1514 1592 est
1544 1551 1721 1591 infidelis
1766 1559 1805 1590 et

492 1625 661 1666 racione
692 1623 880 1663 mortalis
912 1623 1036 1662 habet
1068 1621 1195 1661 fidem
1229 1631 1470 1675 corruptam
1502 1630 1542 1661 et
1564 1621 1803 1661 informem.
1821 1643 1863 1665 20

495 1697 580 1735 Nec
602 1693 725 1734 refert
749 1693 890 1746 quoad
912 1692 1027 1731 illam
1049 1691 1363 1742 informitatem,
1381 1691 1465 1731 sive
1482 1690 1582 1730 fides
1604 1689 1805 1743 acquisita

495 1764 616 1804 fuerit
646 1763 729 1802 sive
750 1761 900 1812 infusa,
929 1770 975 1801 ut
996 1760 1186 1814 loquitur
1209 1761 1424 1800 decretalis
1455 1761 1498 1799 in
1532 1759 1807 1800 Clementinis

494 1836 555 1874 De
572 1832 963 1874 SummaTrinitate
980 1840 1018 1871 et
1033 1830 1133 1870 Fide
1147 1829 1377 1878 Catholica‚
1396 1830 1577 1882 capitulo
1588 1829 1806 1880 Firmiter,

496 1904 635 1943 dicens
676 1903 792 1956 quod
825 1900 1066 1954 regulariter
1099 1899 1202 1939 fides
1235 1899 1470 1939 infunditur
1500 1899 1543 1938 in
1577 1898 1806 1951 baptismo;

497 1974 610 2027 quod
644 1986 722 2025 ego
762 1972 884 2011 credo
924 1972 973 2010 de
1006 1970 1123 2010 omni
1162 1969 1442 2023 predestinato
1473 1969 1548 2008 rite
1583 1968 1863 2021 baptizato.25

554 2044 607 2082 Et
640 2042 671 2081 si
705 2050 903 2095 queratur
935 2041 1107 2094 quando
1156 2039 1396 2092 regulariter
1437 2039 1581 2078 incidit
1628 2038 1720 2091 quis
1764 2037 1854 2084 ino

496 2111 787 2152 infidelitatem
819 2119 859 2150 et
890 2111 1062 2163 quando
1096 2117 1282 2148 remanet
1320 2108 1451 2148 fidelis
1484 2108 1593 2147 filius
1625 2107 1806 2158 ecclesie,

498 2182 648 2222 dicitur
691 2182 808 2235 quod
845 2180 1059 2234 tripliciter
1102 2179 1255 2219 dicitur
1294 2179 1386 2232 quis
1421 2192 1507 2218 esse
1541 2179 1590 2217 de
1623 2176 1806 2229 ecclesia,

500 2251 605 2291 sicut
636 2250 852 2303 tripliciter
898 2249 1047 2289 dicitur
1085 2262 1170 2288 esse
1211 2247 1381 2287 ecclesia
1418 2256 1554 2300 preter
1590 2247 1807 2287 ecclesiam

500 2319 842 2372 nuncupativam.
894 2318 1048 2372 Aliqua
1092 2317 1202 2357 enirn
1243 2327 1303 2356 est
1336 2316 1586 2356 convocacio
1618 2315 1837 2361 fidelium1

501 2389 733 2429 secundum
781 2388 881 2441 quid
923 2388 989 2427 vel
1032 2388 1085 2426 ad
1122 2396 1291 2439 tempus
1328 2386 1393 2426 vel
1431 2387 1541 2426 nude
1578 2386 1810 2425 secundum

554 2511 592 2541 13.
614 2512 635 2540 Β
657 2513 687 2540 in
709 2520 825 2547 marg.:
856 2511 946 2539 Nota.
969 2513 997 2539 A
1018 2510 1039 2538 B
1061 2511 1091 2538 in
1113 2519 1228 2546 marg.:
1250 2510 1333 2545 Quid
1354 2515 1399 2537 est
1418 2509 1503 2537 fides.
1647 2508 1684 2537 15.
1705 2510 1733 2537 A
1754 2510 1810 2545 Al:

501 2559 581 2587 foret
609 2558 753 2595 quelibet.
896 2558 940 2585 26.
969 2559 997 2584 A
1023 2558 1054 2585 in
1079 2565 1195 2592 marg.:
1226 2556 1366 2591 Questio.
1509 2563 1555 2591 29.
1586 2556 1608 2582 B
1638 2555 1667 2583 in
1696 2563 1810 2590 marg.:

503 2605 640 2633 Solucio.
662 2604 724 2632 AB
741 2606 772 2632 in
788 2612 904 2639 marg:
926 2604 1007 2632 Nota
1028 2604 1110 2639 quod
1133 2603 1291 2638 tripliciter
1311 2603 1421 2630 dicitur
1442 2602 1509 2638 quis
1531 2602 1568 2629 de
1588 2602 1717 2630 ecclesia
1732 2601 1813 2630 sicut

506 2652 669 2688 tripliciter
689 2651 803 2679 dicitur
823 2652 880 2685 (A:
902 2651 1033 2686 capitur)
1053 2650 1189 2678 ecclesia.

1909 2573 1914 2592 f

565 2757 616 2788 24.
632 2746 700 2779 Not
715 2746 748 2778 in
766 2746 1003 2787 Clementinis,
1022 2745 1083 2778 but
1098 2746 1131 2777 in
1146 2746 1245 2777 Decr.
1262 2745 1363 2786 Greg.
1379 2744 1433 2786 IX,
1448 2744 1505 2777 lib.
1523 2744 1546 2785 1,
1563 2744 1613 2776 tit.
1640 2744 1663 2785 1,
1689 2754 1763 2787 cap.
1790 2744 1812 2776 1.

505 2806 557 2838 31.
585 2804 634 2837 Cf.
666 2803 834 2837 Johannis
860 2804 1000 2847 Wyclif,
1031 2805 1079 2835 De
1107 2803 1208 2836 Civili
1235 2803 1399 2835 Dominio
1426 2813 1504 2846 pag.
1532 2801 1606 2834 288.
