<?xml version="1.0" encoding="UTF-8"?>
<!DOCTYPE html PUBLIC "-//W3C//DTD XHTML 1.0 Transitional//EN"
    "http://www.w3.org/TR/xhtml1/DTD/xhtml1-transitional.dtd">
<html xmlns="http://www.w3.org/1999/xhtml" xml:lang="en" lang="en">
 <head>
  <title>
</title>
<meta http-equiv="Content-Type" content="text/html;charset=utf-8" />
  <meta name='ocr-system' content='tesseract 3.04.00' />
  <meta name='ocr-capabilities' content='ocr_page ocr_carea ocr_par ocr_line ocrx_word'/>
</head>
<body>
  <div class='ocr_page' id='page_1' title='image "./tractatusdeeccle00wycl_0360.png"; bbox 0 0 2051 3273; ppageno 0'>
   <div class='ocr_carea' id='block_1_1' title="bbox 241 191 1837 249">
    <p class='ocr_par' dir='ltr' id='par_1_1' title="bbox 241 191 1837 249">
     <span class='ocr_line' id='line_1_1' title="bbox 241 191 1837 249; baseline -0.009 -6"><span class='ocrx_word' id='word_1_1' title='bbox 241 197 320 236; x_wconf 80' lang='lat'>326</span> <span class='ocrx_word' id='word_1_2' title='bbox 973 205 1198 236; x_wconf 75' lang='lat' dir='ltr'>JOHANNJS</span> <span class='ocrx_word' id='word_1_3' title='bbox 1223 205 1419 237; x_wconf 67' lang='lat' dir='ltr'>WYCLIF.</span> <span class='ocrx_word' id='word_1_4' title='bbox 1630 191 1734 249; x_wconf 81' lang='lat' dir='ltr'>[CAP.</span> <span class='ocrx_word' id='word_1_5' title='bbox 1756 201 1837 229; x_wconf 74' lang='lat' dir='ltr'>xiv.</span> 
     </span>
    </p>
   </div>
   <div class='ocr_carea' id='block_1_2' title="bbox 246 308 1989 383">
    <p class='ocr_par' dir='ltr' id='par_1_2' title="bbox 246 308 1989 383">
     <span class='ocr_line' id='line_1_2' title="bbox 246 308 1989 383; baseline -0.001 -35"><span class='ocrx_word' id='word_1_6' title='bbox 246 322 504 383; x_wconf 42' lang='lat' dir='ltr'>apgaffipiepleltiessrlit</span> <span class='ocrx_word' id='word_1_7' title='bbox 528 309 758 362; x_wconf 77' lang='lat' dir='ltr'>specialiter</span> <span class='ocrx_word' id='word_1_8' title='bbox 802 323 909 361; x_wconf 83' lang='lat' dir='ltr'>papa</span> <span class='ocrx_word' id='word_1_9' title='bbox 953 317 1092 361; x_wconf 85' lang='lat' dir='ltr'>potest</span> <span class='ocrx_word' id='word_1_10' title='bbox 1126 308 1341 361; x_wconf 84' lang='lat' dir='ltr'>iniungere</span> <span class='ocrx_word' id='word_1_11' title='bbox 1384 309 1620 362; x_wconf 82' lang='lat' dir='ltr'>cuicunque</span> <span class='ocrx_word' id='word_1_12' title='bbox 1663 308 1838 361; x_wconf 85' lang='lat' dir='ltr'>principi</span> <span class='ocrx_word' id='word_1_13' title='bbox 1860 322 1989 363; x_wconf 77' lang='lat' dir='ltr'>174⁰V</span> 
     </span>
    </p>
   </div>
   <div class='ocr_carea' id='block_1_3' title="bbox 273 378 1901 1126">
    <p class='ocr_par' dir='ltr' id='par_1_3' title="bbox 274 378 1901 1056">
     <span class='ocr_line' id='line_1_3' title="bbox 274 378 1840 431; baseline 0 -14"><span class='ocrx_word' id='word_1_14' title='bbox 274 390 354 428; x_wconf 64' lang='lat' dir='ltr'>yieid</span> <span class='ocrx_word' id='word_1_15' title='bbox 376 398 415 424; x_wconf 72' lang='lat' dir='ltr'>up</span> <span class='ocrx_word' id='word_1_16' title='bbox 437 389 482 416; x_wconf 79' lang='lat' dir='ltr'>his</span> <span class='ocrx_word' id='word_1_17' title='bbox 527 379 678 418; x_wconf 88' lang='lat' dir='ltr'>virtute</span> <span class='ocrx_word' id='word_1_18' title='bbox 732 378 948 431; x_wconf 87' lang='lat' dir='ltr'>potestatis</span> <span class='ocrx_word' id='word_1_19' title='bbox 1007 378 1188 417; x_wconf 88' lang='lat' dir='ltr'>clavium</span> <span class='ocrx_word' id='word_1_20' title='bbox 1246 379 1360 431; x_wconf 86' lang='lat' dir='ltr'>quod</span> <span class='ocrx_word' id='word_1_21' title='bbox 1420 378 1705 417; x_wconf 85' lang='lat' dir='ltr'>renunciando</span> <span class='ocrx_word' id='word_1_22' title='bbox 1762 378 1840 417; x_wconf 90' lang='lat' dir='ltr'>toti</span> 
     </span>
     <span class='ocr_line' id='line_1_4' title="bbox 300 425 1839 501; baseline -0.001 -13"><span class='ocrx_word' id='word_1_23' title='bbox 300 425 457 459; x_wconf 43' lang='lat' dir='ltr'>iungi-tom.</span> <span class='ocrx_word' id='word_1_24' title='bbox 527 448 813 488; x_wconf 86' lang='lat' dir='ltr'>dominacioni</span> <span class='ocrx_word' id='word_1_25' title='bbox 841 462 914 487; x_wconf 89' lang='lat' dir='ltr'>sue</span> <span class='ocrx_word' id='word_1_26' title='bbox 937 448 1005 487; x_wconf 90' lang='lat' dir='ltr'>det</span> <span class='ocrx_word' id='word_1_27' title='bbox 1028 447 1196 487; x_wconf 80' lang='lat' dir='ltr'>ecclesie</span> <span class='ocrx_word' id='word_1_28' title='bbox 1228 448 1270 487; x_wconf 90' lang='lat' dir='ltr'>in</span> <span class='ocrx_word' id='word_1_29' title='bbox 1293 457 1540 501; x_wconf 86' lang='lat' dir='ltr'>perpetuam</span> <span class='ocrx_word' id='word_1_30' title='bbox 1563 448 1839 487; x_wconf 83' lang='lat' dir='ltr'>elemosinam</span> 
     </span>
     <span class='ocr_line' id='line_1_5' title="bbox 529 516 1835 570; baseline -0.002 -13"><span class='ocrx_word' id='word_1_31' title='bbox 529 526 697 557; x_wconf 62' lang='lat' dir='ltr'>cuncta,</span> <span class='ocrx_word' id='word_1_32' title='bbox 728 531 809 570; x_wconf 88' lang='lat' dir='ltr'>que</span> <span class='ocrx_word' id='word_1_33' title='bbox 860 516 1057 570; x_wconf 87' lang='lat' dir='ltr'>possidet.</span> <span class='ocrx_word' id='word_1_34' title='bbox 1110 516 1296 557; x_wconf 86' lang='lat' dir='ltr'>Vicarius</span> <span class='ocrx_word' id='word_1_35' title='bbox 1342 531 1438 570; x_wconf 85' lang='lat' dir='ltr'>ergo</span> <span class='ocrx_word' id='word_1_36' title='bbox 1492 517 1644 557; x_wconf 87' lang='lat' dir='ltr'>Christi</span> <span class='ocrx_word' id='word_1_37' title='bbox 1697 526 1835 570; x_wconf 89' lang='lat' dir='ltr'>potest</span> 
     </span>
     <span class='ocr_line' id='line_1_6' title="bbox 528 582 1874 640; baseline -0.001 -15"><span class='ocrx_word' id='word_1_38' title='bbox 528 587 678 626; x_wconf 87' lang='lat' dir='ltr'>virtute</span> <span class='ocrx_word' id='word_1_39' title='bbox 723 586 904 626; x_wconf 83' lang='lat' dir='ltr'>clavium</span> <span class='ocrx_word' id='word_1_40' title='bbox 957 586 1106 626; x_wconf 88' lang='lat' dir='ltr'>habere</span> <span class='ocrx_word' id='word_1_41' title='bbox 1150 582 1364 640; x_wconf 84' lang='lat' dir='ltr'>quotquot</span> <span class='ocrx_word' id='word_1_42' title='bbox 1419 588 1529 626; x_wconf 90' lang='lat' dir='ltr'>bona</span> <span class='ocrx_word' id='word_1_43' title='bbox 1571 587 1748 626; x_wconf 86' lang='lat' dir='ltr'>voluerit</span> <span class='ocrx_word' id='word_1_44' title='bbox 1794 597 1874 629; x_wconf 81' lang='lat' dir='ltr'>ex5</span> 
     </span>
     <span class='ocr_line' id='line_1_7' title="bbox 529 654 1841 710; baseline -0.001 -16"><span class='ocrx_word' id='word_1_45' title='bbox 529 656 746 708; x_wconf 84' lang='lat' dir='ltr'>privilegio</span> <span class='ocrx_word' id='word_1_46' title='bbox 780 669 978 695; x_wconf 90' lang='lat' dir='ltr'>concesso</span> <span class='ocrx_word' id='word_1_47' title='bbox 1010 656 1132 695; x_wconf 83' lang='lat' dir='ltr'>Petro</span> <span class='ocrx_word' id='word_1_48' title='bbox 1165 655 1338 695; x_wconf 88' lang='lat' dir='ltr'>Matthei</span> <span class='ocrx_word' id='word_1_49' title='bbox 1371 656 1501 696; x_wconf 75' lang='lat' dir='ltr'>XVIO.</span> <span class='ocrx_word' id='word_1_50' title='bbox 1550 656 1629 695; x_wconf 85' lang='lat' dir='ltr'>Sed</span> <span class='ocrx_word' id='word_1_51' title='bbox 1664 655 1728 710; x_wconf 80' lang='lat' dir='ltr'>(ut</span> <span class='ocrx_word' id='word_1_52' title='bbox 1760 654 1841 693; x_wconf 82' lang='lat' dir='ltr'>dixi</span> 
     </span>
     <span class='ocr_line' id='line_1_8' title="bbox 529 723 1841 779; baseline 0 -15"><span class='ocrx_word' id='word_1_53' title='bbox 529 723 735 779; x_wconf 81' lang='lat' dir='ltr'>superius)</span> <span class='ocrx_word' id='word_1_54' title='bbox 782 739 857 764; x_wconf 87' lang='lat' dir='ltr'>nec</span> <span class='ocrx_word' id='word_1_55' title='bbox 890 734 1054 765; x_wconf 87' lang='lat' dir='ltr'>tenetur</span> <span class='ocrx_word' id='word_1_56' title='bbox 1086 725 1280 765; x_wconf 81' lang='lat' dir='ltr'>secularis</span> <span class='ocrx_word' id='word_1_57' title='bbox 1313 727 1495 778; x_wconf 88' lang='lat' dir='ltr'>pandere</span> <span class='ocrx_word' id='word_1_58' title='bbox 1540 725 1614 764; x_wconf 88' lang='lat' dir='ltr'>sibi</span> <span class='ocrx_word' id='word_1_59' title='bbox 1661 733 1841 777; x_wconf 88' lang='lat' dir='ltr'>peccata,</span> 
     </span>
     <span class='ocr_line' id='line_1_9' title="bbox 529 795 1842 848; baseline 0 -15"><span class='ocrx_word' id='word_1_60' title='bbox 529 803 908 848; x_wconf 84' lang='lat' dir='ltr'>quantumcunque</span> <span class='ocrx_word' id='word_1_61' title='bbox 948 795 1198 834; x_wconf 83' lang='lat' dir='ltr'>restrinxerit</span> <span class='ocrx_word' id='word_1_62' title='bbox 1236 804 1486 847; x_wconf 88' lang='lat' dir='ltr'>potestatem</span> <span class='ocrx_word' id='word_1_63' title='bbox 1521 795 1715 846; x_wconf 83' lang='lat' dir='ltr'>clavium,</span> <span class='ocrx_word' id='word_1_64' title='bbox 1767 808 1842 834; x_wconf 92' lang='lat' dir='ltr'>nec</span> 
     </span>
     <span class='ocr_line' id='line_1_10' title="bbox 530 864 1842 917; baseline -0.002 -13"><span class='ocrx_word' id='word_1_65' title='bbox 530 864 658 904; x_wconf 84' lang='lat' dir='ltr'>talem</span> <span class='ocrx_word' id='word_1_66' title='bbox 703 878 855 916; x_wconf 85' lang='lat' dir='ltr'>penam</span> <span class='ocrx_word' id='word_1_67' title='bbox 898 873 1112 917; x_wconf 85' lang='lat' dir='ltr'>acceptare</span> <span class='ocrx_word' id='word_1_68' title='bbox 1157 864 1240 903; x_wconf 77' lang='lat' dir='ltr'>sive</span> <span class='ocrx_word' id='word_1_69' title='bbox 1285 864 1509 904; x_wconf 87' lang='lat' dir='ltr'>consilium</span> <span class='ocrx_word' id='word_1_70' title='bbox 1552 878 1629 917; x_wconf 87' lang='lat' dir='ltr'>pro</span> <span class='ocrx_word' id='word_1_71' title='bbox 1675 864 1842 904; x_wconf 86' lang='lat' dir='ltr'>salutari</span> 
     </span>
     <span class='ocr_line' id='line_1_11' title="bbox 530 932 1901 987; baseline 0.002 -14"><span class='ocrx_word' id='word_1_72' title='bbox 530 933 766 986; x_wconf 77' lang='lat' dir='ltr'>penitencia</span> <span class='ocrx_word' id='word_1_73' title='bbox 814 933 891 972; x_wconf 90' lang='lat' dir='ltr'>nisi</span> <span class='ocrx_word' id='word_1_74' title='bbox 923 933 1047 987; x_wconf 85' lang='lat' dir='ltr'>gratis</span> <span class='ocrx_word' id='word_1_75' title='bbox 1080 932 1273 985; x_wconf 80' lang='lat' dir='ltr'>voluerit,</span> <span class='ocrx_word' id='word_1_76' title='bbox 1320 943 1358 973; x_wconf 88' lang='lat' dir='ltr'>et</span> <span class='ocrx_word' id='word_1_77' title='bbox 1403 933 1433 972; x_wconf 92' lang='lat' dir='ltr'>si</span> <span class='ocrx_word' id='word_1_78' title='bbox 1478 933 1655 973; x_wconf 79' lang='lat' dir='ltr'>vicarius</span> <span class='ocrx_word' id='word_1_79' title='bbox 1689 933 1901 976; x_wconf 77' lang='lat' dir='ltr'>Christixo</span> 
     </span>
     <span class='ocr_line' id='line_1_12' title="bbox 530 1003 1378 1056; baseline 0.002 -14"><span class='ocrx_word' id='word_1_80' title='bbox 530 1003 763 1043; x_wconf 88' lang='lat' dir='ltr'>inordinate</span> <span class='ocrx_word' id='word_1_81' title='bbox 796 1012 952 1056; x_wconf 81' lang='lat' dir='ltr'>urgeat,</span> <span class='ocrx_word' id='word_1_82' title='bbox 985 1012 1148 1043; x_wconf 89' lang='lat' dir='ltr'>tenetur</span> <span class='ocrx_word' id='word_1_83' title='bbox 1180 1004 1378 1045; x_wconf 87' lang='lat' dir='ltr'>resistere.</span> 
     </span>
    </p>

    <p class='ocr_par' dir='ltr' id='par_1_4' title="bbox 273 1073 1875 1126">
     <span class='ocr_line' id='line_1_13' title="bbox 273 1073 1875 1126; baseline 0.004 -17"><span class='ocrx_word' id='word_1_84' title='bbox 273 1080 315 1109; x_wconf 85' lang='lat' dir='ltr'>So</span> <span class='ocrx_word' id='word_1_85' title='bbox 335 1081 386 1107; x_wconf 75' lang='lat'>1110</span> <span class='ocrx_word' id='word_1_86' title='bbox 407 1080 489 1107; x_wconf 81' lang='lat' dir='ltr'>chief</span> <span class='ocrx_word' id='word_1_87' title='bbox 590 1074 674 1112; x_wconf 88' lang='lat' dir='ltr'>Nec</span> <span class='ocrx_word' id='word_1_88' title='bbox 697 1082 865 1112; x_wconf 83' lang='lat' dir='ltr'>moveat</span> <span class='ocrx_word' id='word_1_89' title='bbox 887 1074 1001 1126; x_wconf 84' lang='lat' dir='ltr'>quod</span> <span class='ocrx_word' id='word_1_90' title='bbox 1021 1073 1244 1126; x_wconf 82' lang='lat' dir='ltr'>Gregorius</span> <span class='ocrx_word' id='word_1_91' title='bbox 1260 1074 1327 1114; x_wconf 85' lang='lat' dir='ltr'>XI.</span> <span class='ocrx_word' id='word_1_92' title='bbox 1354 1073 1475 1112; x_wconf 86' lang='lat' dir='ltr'>fuerit</span> <span class='ocrx_word' id='word_1_93' title='bbox 1491 1073 1531 1111; x_wconf 91' lang='lat' dir='ltr'>in</span> <span class='ocrx_word' id='word_1_94' title='bbox 1555 1087 1704 1126; x_wconf 86' lang='lat' dir='ltr'>genere</span> <span class='ocrx_word' id='word_1_95' title='bbox 1726 1086 1841 1112; x_wconf 87' lang='lat' dir='ltr'>secu-</span> <span class='ocrx_word' id='word_1_96' title='bbox 1861 1086 1875 1115; x_wconf 93' lang='lat'>1</span> 
     </span>
    </p>
   </div>
   <div class='ocr_carea' id='block_1_4' title="bbox 242 1115 1846 1195">
    <p class='ocr_par' dir='ltr' id='par_1_5' title="bbox 242 1115 1846 1195">
     <span class='ocr_line' id='line_1_14' title="bbox 242 1115 1846 1195; baseline 0.003 -19"><span class='ocrx_word' id='word_1_97' title='bbox 242 1115 515 1177; x_wconf 48' lang='lat' dir='ltr'>miffassnclha&#39;ifi&#39;issgd</span> <span class='ocrx_word' id='word_1_98' title='bbox 532 1142 626 1181; x_wconf 88' lang='lat' dir='ltr'>laris</span> <span class='ocrx_word' id='word_1_99' title='bbox 649 1141 826 1181; x_wconf 89' lang='lat' dir='ltr'>dominii</span> <span class='ocrx_word' id='word_1_100' title='bbox 849 1142 1032 1195; x_wconf 81' lang='lat' dir='ltr'>capitalis</span> <span class='ocrx_word' id='word_1_101' title='bbox 1057 1142 1254 1182; x_wconf 86' lang='lat' dir='ltr'>dominus</span> <span class='ocrx_word' id='word_1_102' title='bbox 1269 1142 1382 1195; x_wconf 82' lang='lat' dir='ltr'>regni</span> <span class='ocrx_word' id='word_1_103' title='bbox 1398 1142 1542 1194; x_wconf 87' lang='lat' dir='ltr'>nostri,</span> <span class='ocrx_word' id='word_1_104' title='bbox 1567 1156 1614 1181; x_wconf 87' lang='lat' dir='ltr'>ex</span> <span class='ocrx_word' id='word_1_105' title='bbox 1628 1142 1708 1181; x_wconf 91' lang='lat' dir='ltr'>hoc</span> <span class='ocrx_word' id='word_1_106' title='bbox 1731 1143 1846 1195; x_wconf 90' lang='lat' dir='ltr'>quod</span> 
     </span>
    </p>
   </div>
   <div class='ocr_carea' id='block_1_5' title="bbox 241 1185 1938 2030">
    <p class='ocr_par' dir='ltr' id='par_1_6' title="bbox 241 1185 1903 1752">
     <span class='ocr_line' id='line_1_15' title="bbox 241 1185 1844 1264; baseline -0.001 -13"><span class='ocrx_word' id='word_1_107' title='bbox 241 1185 289 1213; x_wconf 83' lang='lat' dir='ltr'>for</span> <span class='ocrx_word' id='word_1_108' title='bbox 310 1185 452 1221; x_wconf 76' lang='lat' dir='ltr'>Gregory</span> <span class='ocrx_word' id='word_1_109' title='bbox 466 1185 518 1213; x_wconf 69' lang='lat' dir='ltr'>M.</span> <span class='ocrx_word' id='word_1_110' title='bbox 534 1212 672 1264; x_wconf 85' lang='lat' dir='ltr'>potuit</span> <span class='ocrx_word' id='word_1_111' title='bbox 703 1211 949 1251; x_wconf 86' lang='lat' dir='ltr'>catholicare</span> <span class='ocrx_word' id='word_1_112' title='bbox 973 1225 1119 1251; x_wconf 88' lang='lat' dir='ltr'>omnes</span> <span class='ocrx_word' id='word_1_113' title='bbox 1152 1221 1279 1251; x_wconf 84' lang='lat' dir='ltr'>cartas</span> <span class='ocrx_word' id='word_1_114' title='bbox 1302 1212 1594 1264; x_wconf 75' lang='lat' dir='ltr'>religiosorum</span> <span class='ocrx_word' id='word_1_115' title='bbox 1616 1211 1844 1264; x_wconf 87' lang='lat' dir='ltr'>possessio-</span> 
     </span>
     <span class='ocr_line' id='line_1_16' title="bbox 534 1280 1902 1334; baseline 0.002 -14"><span class='ocrx_word' id='word_1_116' title='bbox 534 1290 729 1320; x_wconf 82' lang='lat' dir='ltr'>natorum</span> <span class='ocrx_word' id='word_1_117' title='bbox 753 1281 794 1320; x_wconf 74' lang='lat' dir='ltr'>ln</span> <span class='ocrx_word' id='word_1_118' title='bbox 816 1280 980 1334; x_wconf 83' lang='lat' dir='ltr'>Anglia,</span> <span class='ocrx_word' id='word_1_119' title='bbox 1005 1295 1089 1334; x_wconf 89' lang='lat' dir='ltr'>quo</span> <span class='ocrx_word' id='word_1_120' title='bbox 1104 1281 1214 1321; x_wconf 85' lang='lat' dir='ltr'>facto</span> <span class='ocrx_word' id='word_1_121' title='bbox 1231 1281 1404 1320; x_wconf 88' lang='lat' dir='ltr'>fuissent</span> <span class='ocrx_word' id='word_1_122' title='bbox 1420 1281 1599 1334; x_wconf 80' lang='lat' dir='ltr'>exempti</span> <span class='ocrx_word' id='word_1_123' title='bbox 1622 1281 1844 1321; x_wconf 79' lang='lat' dir='ltr'>alurisdic-</span> <span class='ocrx_word' id='word_1_124' title='bbox 1865 1291 1902 1324; x_wconf 86' lang='lat'>15</span> 
     </span>
     <span class='ocr_line' id='line_1_17' title="bbox 536 1350 1885 1404; baseline 0.001 -15"><span class='ocrx_word' id='word_1_125' title='bbox 536 1351 653 1390; x_wconf 89' lang='lat' dir='ltr'>cione</span> <span class='ocrx_word' id='word_1_126' title='bbox 674 1350 811 1404; x_wconf 85' lang='lat' dir='ltr'>regali.</span> <span class='ocrx_word' id='word_1_127' title='bbox 837 1351 952 1402; x_wconf 86' lang='lat' dir='ltr'>Item,</span> <span class='ocrx_word' id='word_1_128' title='bbox 976 1351 1114 1403; x_wconf 84' lang='lat' dir='ltr'>potuit</span> <span class='ocrx_word' id='word_1_129' title='bbox 1135 1360 1328 1390; x_wconf 84' lang='lat' dir='ltr'>arrestare</span> <span class='ocrx_word' id='word_1_130' title='bbox 1352 1364 1423 1404; x_wconf 89' lang='lat' dir='ltr'>per</span> <span class='ocrx_word' id='word_1_131' title='bbox 1440 1351 1572 1390; x_wconf 84' lang='lat' dir='ltr'>bullas</span> <span class='ocrx_word' id='word_1_132' title='bbox 1590 1365 1683 1390; x_wconf 90' lang='lat' dir='ltr'>suas</span> <span class='ocrx_word' id='word_1_133' title='bbox 1699 1364 1845 1404; x_wconf 87' lang='lat' dir='ltr'>quem—</span> <span class='ocrx_word' id='word_1_134' title='bbox 1860 1362 1885 1394; x_wconf 80' lang='lat'>2</span> 
     </span>
     <span class='ocr_line' id='line_1_18' title="bbox 536 1420 1847 1474; baseline -0.001 -15"><span class='ocrx_word' id='word_1_135' title='bbox 536 1434 701 1474; x_wconf 88' lang='lat' dir='ltr'>cunque</span> <span class='ocrx_word' id='word_1_136' title='bbox 723 1420 943 1460; x_wconf 87' lang='lat' dir='ltr'>hominem</span> <span class='ocrx_word' id='word_1_137' title='bbox 959 1420 1117 1473; x_wconf 83' lang='lat' dir='ltr'>legium</span> <span class='ocrx_word' id='word_1_138' title='bbox 1131 1421 1236 1473; x_wconf 79' lang='lat' dir='ltr'>regis</span> <span class='ocrx_word' id='word_1_139' title='bbox 1253 1420 1381 1460; x_wconf 86' lang='lat' dir='ltr'>nostri</span> <span class='ocrx_word' id='word_1_140' title='bbox 1405 1420 1534 1460; x_wconf 86' lang='lat' dir='ltr'>eciam</span> <span class='ocrx_word' id='word_1_141' title='bbox 1549 1420 1653 1459; x_wconf 85' lang='lat' dir='ltr'>infra</span> <span class='ocrx_word' id='word_1_142' title='bbox 1670 1433 1847 1473; x_wconf 87' lang='lat' dir='ltr'>regnum</span> 
     </span>
     <span class='ocr_line' id='line_1_19' title="bbox 533 1488 1886 1544; baseline -0.001 -15"><span class='ocrx_word' id='word_1_143' title='bbox 533 1500 738 1538; x_wconf 83' lang='lat' dir='ltr'>nostrum,</span> <span class='ocrx_word' id='word_1_144' title='bbox 773 1504 859 1529; x_wconf 89' lang='lat' dir='ltr'>non</span> <span class='ocrx_word' id='word_1_145' title='bbox 892 1490 1021 1542; x_wconf 87' lang='lat' dir='ltr'>petita</span> <span class='ocrx_word' id='word_1_146' title='bbox 1052 1490 1224 1529; x_wconf 82' lang='lat' dir='ltr'>licencia</span> <span class='ocrx_word' id='word_1_147' title='bbox 1262 1505 1284 1529; x_wconf 90' lang='lat' dir='ltr'>a</span> <span class='ocrx_word' id='word_1_148' title='bbox 1316 1504 1423 1543; x_wconf 83' lang='lat' dir='ltr'>rege,</span> <span class='ocrx_word' id='word_1_149' title='bbox 1468 1500 1506 1530; x_wconf 88' lang='lat' dir='ltr'>et</span> <span class='ocrx_word' id='word_1_150' title='bbox 1550 1490 1677 1530; x_wconf 89' lang='lat' dir='ltr'>tercio</span> <span class='ocrx_word' id='word_1_151' title='bbox 1712 1488 1886 1544; x_wconf 78' lang='lat' dir='ltr'>(quodss</span> 
     </span>
     <span class='ocr_line' id='line_1_20' title="bbox 534 1557 1844 1613; baseline -0.002 -14"><span class='ocrx_word' id='word_1_152' title='bbox 534 1560 768 1599; x_wconf 81' lang='lat' dir='ltr'>maximum</span> <span class='ocrx_word' id='word_1_153' title='bbox 791 1557 869 1613; x_wconf 87' lang='lat' dir='ltr'>est)</span> <span class='ocrx_word' id='word_1_154' title='bbox 903 1559 990 1612; x_wconf 87' lang='lat' dir='ltr'>ipse</span> <span class='ocrx_word' id='word_1_155' title='bbox 1013 1568 1151 1612; x_wconf 89' lang='lat' dir='ltr'>potest</span> <span class='ocrx_word' id='word_1_156' title='bbox 1172 1559 1394 1599; x_wconf 81' lang='lat' dir='ltr'>hereticare</span> <span class='ocrx_word' id='word_1_157' title='bbox 1417 1560 1532 1613; x_wconf 90' lang='lat' dir='ltr'>quod</span> <span class='ocrx_word' id='word_1_158' title='bbox 1556 1559 1716 1598; x_wconf 87' lang='lat' dir='ltr'>domini</span> <span class='ocrx_word' id='word_1_159' title='bbox 1739 1568 1844 1598; x_wconf 89' lang='lat' dir='ltr'>tem-</span> 
     </span>
     <span class='ocr_line' id='line_1_21' title="bbox 535 1628 1903 1682; baseline 0 -16"><span class='ocrx_word' id='word_1_160' title='bbox 535 1630 697 1682; x_wconf 86' lang='lat' dir='ltr'>porales</span> <span class='ocrx_word' id='word_1_161' title='bbox 731 1638 909 1681; x_wconf 85' lang='lat' dir='ltr'>possunt</span> <span class='ocrx_word' id='word_1_162' title='bbox 947 1628 1107 1668; x_wconf 86' lang='lat' dir='ltr'>auferre</span> <span class='ocrx_word' id='word_1_163' title='bbox 1139 1629 1385 1682; x_wconf 86' lang='lat' dir='ltr'>temporalia</span> <span class='ocrx_word' id='word_1_164' title='bbox 1417 1630 1466 1669; x_wconf 84' lang='lat' dir='ltr'>ab</span> <span class='ocrx_word' id='word_1_165' title='bbox 1513 1628 1681 1668; x_wconf 86' lang='lat' dir='ltr'>ecclesia</span> <span class='ocrx_word' id='word_1_166' title='bbox 1714 1628 1842 1668; x_wconf 88' lang='lat' dir='ltr'>delin-</span> <span class='ocrx_word' id='word_1_167' title='bbox 1863 1651 1903 1671; x_wconf 82' lang='lat'>20</span> 
     </span>
     <span class='ocr_line' id='line_1_22' title="bbox 534 1698 1843 1752; baseline 0 -15"><span class='ocrx_word' id='word_1_168' title='bbox 534 1708 700 1752; x_wconf 85' lang='lat' dir='ltr'>quente,</span> <span class='ocrx_word' id='word_1_169' title='bbox 735 1707 773 1737; x_wconf 91' lang='lat' dir='ltr'>et</span> <span class='ocrx_word' id='word_1_170' title='bbox 804 1711 876 1750; x_wconf 90' lang='lat' dir='ltr'>per</span> <span class='ocrx_word' id='word_1_171' title='bbox 899 1711 1160 1751; x_wconf 89' lang='lat' dir='ltr'>consequens</span> <span class='ocrx_word' id='word_1_172' title='bbox 1193 1698 1441 1738; x_wconf 85' lang='lat' dir='ltr'>catholicare</span> <span class='ocrx_word' id='word_1_173' title='bbox 1474 1698 1560 1738; x_wconf 89' lang='lat' dir='ltr'>eius</span> <span class='ocrx_word' id='word_1_174' title='bbox 1584 1698 1843 1751; x_wconf 85' lang='lat' dir='ltr'>oppositum.</span> 
     </span>
    </p>

    <p class='ocr_par' dir='ltr' id='par_1_7' title="bbox 272 1767 1938 1961">
     <span class='ocr_line' id='line_1_23' title="bbox 272 1767 1938 1836; baseline -0.001 -29"><span class='ocrx_word' id='word_1_175' title='bbox 272 1774 483 1836; x_wconf 23' lang='lat' dir='ltr'>Suq-{higffiiffl‘s</span> <span class='ocrx_word' id='word_1_176' title='bbox 591 1769 683 1819; x_wconf 86' lang='lat' dir='ltr'>Ista,</span> <span class='ocrx_word' id='word_1_177' title='bbox 717 1767 913 1821; x_wconf 89' lang='lat' dir='ltr'>inquiunt</span> <span class='ocrx_word' id='word_1_178' title='bbox 945 1767 1130 1820; x_wconf 85' lang='lat' dir='ltr'>quidam,</span> <span class='ocrx_word' id='word_1_179' title='bbox 1166 1767 1260 1807; x_wconf 89' lang='lat' dir='ltr'>fecit</span> <span class='ocrx_word' id='word_1_180' title='bbox 1292 1769 1354 1833; x_wconf 17' lang='lat' dir='ltr'>de*</span> <span class='ocrx_word' id='word_1_181' title='bbox 1375 1768 1482 1807; x_wconf 86' lang='lat' dir='ltr'>facto</span> <span class='ocrx_word' id='word_1_182' title='bbox 1516 1768 1612 1807; x_wconf 86' lang='lat' dir='ltr'>satis</span> <span class='ocrx_word' id='word_1_183' title='bbox 1646 1768 1876 1820; x_wconf 79' lang='lat' dir='ltr'>legitime.1</span> <span class='ocrx_word' id='word_1_184' title='bbox 1900 1779 1938 1811; x_wconf 84' lang='lat' dir='ltr'><strong>X</strong></span> 
     </span>
     <span class='ocr_line' id='line_1_24' title="bbox 534 1837 1846 1891; baseline 0 -14"><span class='ocrx_word' id='word_1_185' title='bbox 534 1838 615 1878; x_wconf 85' lang='lat' dir='ltr'>Sed</span> <span class='ocrx_word' id='word_1_186' title='bbox 647 1837 915 1877; x_wconf 80' lang='lat' dir='ltr'>deliramenta</span> <span class='ocrx_word' id='word_1_187' title='bbox 950 1847 1047 1877; x_wconf 90' lang='lat' dir='ltr'>sunt</span> <span class='ocrx_word' id='word_1_188' title='bbox 1080 1838 1170 1890; x_wconf 82' lang='lat' dir='ltr'>ista,</span> <span class='ocrx_word' id='word_1_189' title='bbox 1204 1838 1301 1891; x_wconf 83' lang='lat' dir='ltr'>quia</span> <span class='ocrx_word' id='word_1_190' title='bbox 1334 1838 1390 1877; x_wconf 91' lang='lat' dir='ltr'>sic</span> <span class='ocrx_word' id='word_1_191' title='bbox 1426 1851 1493 1877; x_wconf 81' lang='lat' dir='ltr'>rex</span> <span class='ocrx_word' id='word_1_192' title='bbox 1516 1838 1666 1890; x_wconf 82' lang='lat' dir='ltr'>Anglie</span> <span class='ocrx_word' id='word_1_193' title='bbox 1689 1847 1846 1877; x_wconf 85' lang='lat' dir='ltr'>teneret</span> 
     </span>
     <span class='ocr_line' id='line_1_25' title="bbox 535 1907 1846 1961; baseline 0.001 -15"><span class='ocrx_word' id='word_1_194' title='bbox 535 1909 584 1947; x_wconf 92' lang='lat' dir='ltr'>de</span> <span class='ocrx_word' id='word_1_195' title='bbox 618 1916 795 1961; x_wconf 89' lang='lat' dir='ltr'>utroque</span> <span class='ocrx_word' id='word_1_196' title='bbox 819 1907 1131 1960; x_wconf 82' lang='lat' dir='ltr'>archiepiscopo</span> <span class='ocrx_word' id='word_1_197' title='bbox 1155 1908 1195 1946; x_wconf 93' lang='lat' dir='ltr'>in</span> <span class='ocrx_word' id='word_1_198' title='bbox 1220 1907 1367 1960; x_wconf 86' lang='lat' dir='ltr'>capite,</span> <span class='ocrx_word' id='word_1_199' title='bbox 1401 1921 1486 1946; x_wconf 89' lang='lat' dir='ltr'>non</span> <span class='ocrx_word' id='word_1_200' title='bbox 1520 1917 1706 1959; x_wconf 73' lang='lat' dir='ltr'>econtra,</span> <span class='ocrx_word' id='word_1_201' title='bbox 1741 1907 1846 1947; x_wconf 87' lang='lat' dir='ltr'>sicut</span> 
     </span>
    </p>

    <p class='ocr_par' dir='ltr' id='par_1_8' title="bbox 247 1977 1902 2030">
     <span class='ocr_line' id='line_1_26' title="bbox 247 1977 1902 2030; baseline 0.005 -18"><span class='ocrx_word' id='word_1_202' title='bbox 247 1977 647 2020; x_wconf 68' lang='lat' dir='ltr'>supremepowerenim</span> <span class='ocrx_word' id='word_1_203' title='bbox 691 1991 799 2030; x_wconf 83' lang='lat' dir='ltr'>papa</span> <span class='ocrx_word' id='word_1_204' title='bbox 837 1991 878 2016; x_wconf 92' lang='lat' dir='ltr'>se</span> <span class='ocrx_word' id='word_1_205' title='bbox 922 1977 1045 2016; x_wconf 85' lang='lat' dir='ltr'>habet</span> <span class='ocrx_word' id='word_1_206' title='bbox 1084 1978 1134 2015; x_wconf 83' lang='lat' dir='ltr'>ad</span> <span class='ocrx_word' id='word_1_207' title='bbox 1168 1990 1362 2028; x_wconf 80' lang='lat' dir='ltr'>cesarem,</span> <span class='ocrx_word' id='word_1_208' title='bbox 1409 1977 1465 2016; x_wconf 86' lang='lat' dir='ltr'>sic</span> <span class='ocrx_word' id='word_1_209' title='bbox 1509 1977 1845 2030; x_wconf 85' lang='lat' dir='ltr'>archiepiscopus</span> <span class='ocrx_word' id='word_1_210' title='bbox 1864 1988 1902 2020; x_wconf 76' lang='lat'>25</span> 
     </span>
    </p>
   </div>
   <div class='ocr_carea' id='block_1_6' title="bbox 257 2020 1843 2100">
    <p class='ocr_par' dir='ltr' id='par_1_9' title="bbox 257 2020 1843 2100">
     <span class='ocr_line' id='line_1_27' title="bbox 257 2020 1843 2100; baseline -0.002 -12"><span class='ocrx_word' id='word_1_211' title='bbox 257 2020 513 2092; x_wconf 44' lang='lat' dir='ltr'>§Jigl&#39;jissjcgv‘ssss&#39;s</span> <span class='ocrx_word' id='word_1_212' title='bbox 534 2057 674 2088; x_wconf 90' lang='lat' dir='ltr'>noster</span> <span class='ocrx_word' id='word_1_213' title='bbox 705 2062 746 2087; x_wconf 87' lang='lat' dir='ltr'>se</span> <span class='ocrx_word' id='word_1_214' title='bbox 778 2048 901 2087; x_wconf 90' lang='lat' dir='ltr'>habet</span> <span class='ocrx_word' id='word_1_215' title='bbox 933 2048 985 2086; x_wconf 90' lang='lat' dir='ltr'>ad</span> <span class='ocrx_word' id='word_1_216' title='bbox 1016 2061 1156 2100; x_wconf 80' lang='lat' dir='ltr'>regem</span> <span class='ocrx_word' id='word_1_217' title='bbox 1180 2048 1319 2100; x_wconf 89' lang='lat' dir='ltr'>quoad</span> <span class='ocrx_word' id='word_1_218' title='bbox 1356 2047 1460 2086; x_wconf 89' lang='lat' dir='ltr'>illud</span> <span class='ocrx_word' id='word_1_219' title='bbox 1491 2060 1621 2100; x_wconf 84' lang='lat' dir='ltr'>genus</span> <span class='ocrx_word' id='word_1_220' title='bbox 1654 2046 1843 2085; x_wconf 90' lang='lat' dir='ltr'>dominii.</span> 
     </span>
    </p>
   </div>
   <div class='ocr_carea' id='block_1_7' title="bbox 288 2092 1943 2541">
    <p class='ocr_par' dir='ltr' id='par_1_10' title="bbox 288 2092 1943 2448">
     <span class='ocr_line' id='line_1_28' title="bbox 288 2092 1883 2168; baseline -0.002 -11"><span class='ocrx_word' id='word_1_221' title='bbox 288 2092 480 2125; x_wconf 59' lang='lat' dir='ltr'>uverymar,</span> <span class='ocrx_word' id='word_1_222' title='bbox 593 2119 709 2168; x_wconf 87' lang='lat' dir='ltr'>Item,</span> <span class='ocrx_word' id='word_1_223' title='bbox 753 2126 853 2156; x_wconf 90' lang='lat' dir='ltr'>tunc</span> <span class='ocrx_word' id='word_1_224' title='bbox 897 2130 1043 2156; x_wconf 81' lang='lat' dir='ltr'>omnes</span> <span class='ocrx_word' id='word_1_225' title='bbox 1077 2116 1217 2155; x_wconf 87' lang='lat' dir='ltr'>fratres</span> <span class='ocrx_word' id='word_1_226' title='bbox 1251 2130 1298 2155; x_wconf 81' lang='lat' dir='ltr'>ex</span> <span class='ocrx_word' id='word_1_227' title='bbox 1331 2116 1369 2153; x_wconf 82' lang='lat' dir='ltr'>vi</span> <span class='ocrx_word' id='word_1_228' title='bbox 1403 2116 1618 2168; x_wconf 86' lang='lat' dir='ltr'>potestatis</span> <span class='ocrx_word' id='word_1_229' title='bbox 1663 2115 1883 2159; x_wconf 82' lang='lat' dir='ltr'>clavium2</span> 
     </span>
     <span class='ocr_line' id='line_1_29' title="bbox 535 2184 1943 2238; baseline -0.002 -12"><span class='ocrx_word' id='word_1_230' title='bbox 535 2188 852 2227; x_wconf 87' lang='lat' dir='ltr'>dominarentur</span> <span class='ocrx_word' id='word_1_231' title='bbox 876 2186 1109 2226; x_wconf 88' lang='lat' dir='ltr'>seculariter</span> <span class='ocrx_word' id='word_1_232' title='bbox 1132 2186 1208 2225; x_wconf 90' lang='lat' dir='ltr'>toti</span> <span class='ocrx_word' id='word_1_233' title='bbox 1232 2187 1408 2236; x_wconf 89' lang='lat' dir='ltr'>mundo,</span> <span class='ocrx_word' id='word_1_234' title='bbox 1443 2186 1558 2238; x_wconf 87' lang='lat' dir='ltr'>quod</span> <span class='ocrx_word' id='word_1_235' title='bbox 1582 2194 1641 2224; x_wconf 87' lang='lat' dir='ltr'>est</span> <span class='ocrx_word' id='word_1_236' title='bbox 1664 2184 1846 2224; x_wconf 59' lang='lat' dir='ltr'>contrass</span> <span class='ocrx_word' id='word_1_237' title='bbox 1867 2194 1943 2237; x_wconf 63' lang='lat'>174⁶</span> 
     </span>
     <span class='ocr_line' id='line_1_30' title="bbox 535 2254 1846 2310; baseline 0 -17"><span class='ocrx_word' id='word_1_238' title='bbox 535 2256 841 2310; x_wconf 81' lang='lat' dir='ltr'>professionem</span> <span class='ocrx_word' id='word_1_239' title='bbox 874 2270 1021 2295; x_wconf 90' lang='lat' dir='ltr'>eorum</span> <span class='ocrx_word' id='word_1_240' title='bbox 1056 2264 1094 2295; x_wconf 90' lang='lat' dir='ltr'>et</span> <span class='ocrx_word' id='word_1_241' title='bbox 1127 2254 1191 2310; x_wconf 85' lang='lat' dir='ltr'>(ut</span> <span class='ocrx_word' id='word_1_242' title='bbox 1223 2255 1301 2308; x_wconf 87' lang='lat' dir='ltr'>ipsi</span> <span class='ocrx_word' id='word_1_243' title='bbox 1332 2269 1424 2294; x_wconf 86' lang='lat' dir='ltr'>vere</span> <span class='ocrx_word' id='word_1_244' title='bbox 1465 2254 1656 2306; x_wconf 88' lang='lat' dir='ltr'>credunt)</span> <span class='ocrx_word' id='word_1_245' title='bbox 1704 2263 1846 2293; x_wconf 86' lang='lat' dir='ltr'>contra</span> 
     </span>
     <span class='ocr_line' id='line_1_31' title="bbox 535 2323 1905 2379; baseline -0.003 -13"><span class='ocrx_word' id='word_1_246' title='bbox 535 2328 673 2379; x_wconf 84' lang='lat' dir='ltr'>legem</span> <span class='ocrx_word' id='word_1_247' title='bbox 708 2325 874 2365; x_wconf 87' lang='lat' dir='ltr'>Christi.</span> <span class='ocrx_word' id='word_1_248' title='bbox 921 2325 986 2365; x_wconf 85' lang='lat' dir='ltr'>Sic</span> <span class='ocrx_word' id='word_1_249' title='bbox 1033 2325 1145 2364; x_wconf 88' lang='lat' dir='ltr'>enim</span> <span class='ocrx_word' id='word_1_250' title='bbox 1190 2324 1364 2378; x_wconf 85' lang='lat' dir='ltr'>quilibet</span> <span class='ocrx_word' id='word_1_251' title='bbox 1408 2324 1606 2363; x_wconf 88' lang='lat' dir='ltr'>dominus</span> <span class='ocrx_word' id='word_1_252' title='bbox 1652 2323 1845 2363; x_wconf 87' lang='lat' dir='ltr'>secularis</span> <span class='ocrx_word' id='word_1_253' title='bbox 1864 2335 1905 2367; x_wconf 78' lang='lat'>30</span> 
     </span>
     <span class='ocr_line' id='line_1_32' title="bbox 536 2392 1717 2448; baseline -0.001 -13"><span class='ocrx_word' id='word_1_254' title='bbox 536 2396 801 2435; x_wconf 86' lang='lat' dir='ltr'>iniuriaretur</span> <span class='ocrx_word' id='word_1_255' title='bbox 833 2394 1062 2448; x_wconf 79' lang='lat' dir='ltr'>presbitero</span> <span class='ocrx_word' id='word_1_256' title='bbox 1095 2394 1320 2434; x_wconf 87' lang='lat' dir='ltr'>detinendo</span> <span class='ocrx_word' id='word_1_257' title='bbox 1354 2408 1427 2433; x_wconf 86' lang='lat' dir='ltr'>sua</span> <span class='ocrx_word' id='word_1_258' title='bbox 1459 2392 1717 2446; x_wconf 84' lang='lat' dir='ltr'>temporalia.</span> 
     </span>
    </p>

    <p class='ocr_par' dir='ltr' id='par_1_11' title="bbox 302 2463 1887 2541">
     <span class='ocr_line' id='line_1_33' title="bbox 302 2463 1887 2541; baseline -0.003 -36"><span class='ocrx_word' id='word_1_259' title='bbox 302 2471 467 2541; x_wconf 35' lang='lat' dir='ltr'>⁰¹bs⁵iiss³ssllle</span> <span class='ocrx_word' id='word_1_260' title='bbox 593 2465 709 2516; x_wconf 87' lang='lat' dir='ltr'>Item,</span> <span class='ocrx_word' id='word_1_261' title='bbox 733 2465 907 2518; x_wconf 90' lang='lat' dir='ltr'>quilibet</span> <span class='ocrx_word' id='word_1_262' title='bbox 929 2464 1104 2516; x_wconf 85' lang='lat' dir='ltr'>simplex</span> <span class='ocrx_word' id='word_1_263' title='bbox 1127 2464 1318 2503; x_wconf 85' lang='lat' dir='ltr'>sacerdos</span> <span class='ocrx_word' id='word_1_264' title='bbox 1341 2463 1465 2502; x_wconf 90' lang='lat' dir='ltr'>habet</span> <span class='ocrx_word' id='word_1_265' title='bbox 1489 2476 1631 2516; x_wconf 85' lang='lat' dir='ltr'>parem</span> <span class='ocrx_word' id='word_1_266' title='bbox 1664 2471 1844 2515; x_wconf 84' lang='lat' dir='ltr'>potesta·</span> <span class='ocrx_word' id='word_1_267' title='bbox 1862 2475 1887 2507; x_wconf 89' lang='lat'>3</span> 
     </span>
    </p>
   </div>
   <div class='ocr_carea' id='block_1_8' title="bbox 535 2531 1846 2657">
    <p class='ocr_par' dir='ltr' id='par_1_12' title="bbox 535 2531 1846 2657">
     <span class='ocr_line' id='line_1_34' title="bbox 536 2531 1846 2586; baseline -0.004 -12"><span class='ocrx_word' id='word_1_268' title='bbox 536 2544 621 2574; x_wconf 84' lang='lat' dir='ltr'>tem</span> <span class='ocrx_word' id='word_1_269' title='bbox 655 2534 809 2573; x_wconf 89' lang='lat' dir='ltr'>ordinis</span> <span class='ocrx_word' id='word_1_270' title='bbox 846 2547 943 2573; x_wconf 88' lang='lat' dir='ltr'>cum</span> <span class='ocrx_word' id='word_1_271' title='bbox 980 2547 1101 2586; x_wconf 86' lang='lat' dir='ltr'>papa,</span> <span class='ocrx_word' id='word_1_272' title='bbox 1133 2543 1171 2572; x_wconf 88' lang='lat' dir='ltr'>et</span> <span class='ocrx_word' id='word_1_273' title='bbox 1202 2535 1252 2571; x_wconf 89' lang='lat' dir='ltr'>ad</span> <span class='ocrx_word' id='word_1_274' title='bbox 1281 2533 1394 2572; x_wconf 81' lang='lat' dir='ltr'>illam</span> <span class='ocrx_word' id='word_1_275' title='bbox 1418 2541 1669 2585; x_wconf 86' lang='lat' dir='ltr'>potestatem</span> <span class='ocrx_word' id='word_1_276' title='bbox 1691 2531 1846 2571; x_wconf 87' lang='lat' dir='ltr'>ordinis</span> 
     </span>
     <span class='ocr_line' id='line_1_35' title="bbox 535 2601 1840 2657; baseline -0.003 -14"><span class='ocrx_word' id='word_1_277' title='bbox 535 2603 806 2657; x_wconf 88' lang='lat' dir='ltr'>consequitur</span> <span class='ocrx_word' id='word_1_278' title='bbox 821 2602 1095 2642; x_wconf 87' lang='lat' dir='ltr'>essencialiter</span> <span class='ocrx_word' id='word_1_279' title='bbox 1118 2602 1449 2655; x_wconf 79' lang='lat' dir='ltr'>proporcionalis</span> <span class='ocrx_word' id='word_1_280' title='bbox 1471 2610 1655 2654; x_wconf 89' lang='lat' dir='ltr'>potestas</span> <span class='ocrx_word' id='word_1_281' title='bbox 1679 2601 1840 2640; x_wconf 80' lang='lat' dir='ltr'>secula-</span> 
     </span>
    </p>
   </div>
   <div class='ocr_carea' id='block_1_9' title="bbox 536 2725 1843 2853">
    <p class='ocr_par' dir='ltr' id='par_1_13' title="bbox 536 2725 1843 2853">
     <span class='ocr_line' id='line_1_36' title="bbox 588 2725 1843 2761; baseline -0.002 -8"><span class='ocrx_word' id='word_1_282' title='bbox 588 2734 626 2753; x_wconf 75' lang='lat'>12.</span> <span class='ocrx_word' id='word_1_283' title='bbox 648 2728 673 2754; x_wconf 84' lang='lat' dir='ltr'>A</span> <span class='ocrx_word' id='word_1_284' title='bbox 696 2726 724 2754; x_wconf 90' lang='lat' dir='ltr'>in</span> <span class='ocrx_word' id='word_1_285' title='bbox 742 2735 855 2761; x_wconf 49' lang='lat' dir='ltr'>marga</span> <span class='ocrx_word' id='word_1_286' title='bbox 877 2726 1005 2761; x_wconf 73' lang='lat' dir='ltr'>Triplex</span> <span class='ocrx_word' id='word_1_287' title='bbox 1025 2727 1174 2753; x_wconf 72' lang='lat' dir='ltr'>obiectus.</span> <span class='ocrx_word' id='word_1_288' title='bbox 1319 2725 1359 2753; x_wconf 77' lang='lat'>10.</span> <span class='ocrx_word' id='word_1_289' title='bbox 1383 2725 1418 2752; x_wconf 71' lang='lat'>13:</span> <span class='ocrx_word' id='word_1_290' title='bbox 1438 2726 1534 2752; x_wconf 83' lang='lat' dir='ltr'>bullas</span> <span class='ocrx_word' id='word_1_291' title='bbox 1551 2733 1621 2752; x_wconf 78' lang='lat' dir='ltr'>suas</span> <span class='ocrx_word' id='word_1_292' title='bbox 1637 2725 1843 2761; x_wconf 82' lang='lat' dir='ltr'>quidcunque.</span> 
     </span>
     <span class='ocr_line' id='line_1_37' title="bbox 536 2771 1842 2807; baseline -0.002 -8"><span class='ocrx_word' id='word_1_293' title='bbox 536 2780 577 2799; x_wconf 77' lang='lat'>22.</span> <span class='ocrx_word' id='word_1_294' title='bbox 601 2774 627 2799; x_wconf 81' lang='grc' dir='ltr'>Α</span> <span class='ocrx_word' id='word_1_295' title='bbox 649 2773 676 2799; x_wconf 88' lang='lat' dir='ltr'>in</span> <span class='ocrx_word' id='word_1_296' title='bbox 694 2781 808 2807; x_wconf 46' lang='lat' dir='ltr'>marga</span> <span class='ocrx_word' id='word_1_297' title='bbox 830 2772 1014 2806; x_wconf 73' lang='lat' dir='ltr'>Responsio.</span> <span class='ocrx_word' id='word_1_298' title='bbox 1157 2781 1198 2806; x_wconf 82' lang='lat'>27.</span> <span class='ocrx_word' id='word_1_299' title='bbox 1222 2773 1248 2799; x_wconf 87' lang='grc' dir='ltr'><strong>Λ</strong></span> <span class='ocrx_word' id='word_1_300' title='bbox 1270 2771 1298 2798; x_wconf 91' lang='lat' dir='ltr'>in</span> <span class='ocrx_word' id='word_1_301' title='bbox 1316 2780 1429 2805; x_wconf 48' lang='lat' dir='ltr'>murga</span> <span class='ocrx_word' id='word_1_302' title='bbox 1458 2771 1571 2798; x_wconf 83' lang='lat' dir='ltr'>Contra</span> <span class='ocrx_word' id='word_1_303' title='bbox 1593 2771 1842 2798; x_wconf 73' lang='lat' dir='ltr'>dominacionem</span> 
     </span>
     <span class='ocr_line' id='line_1_38' title="bbox 536 2818 1490 2853; baseline -0.001 -8"><span class='ocrx_word' id='word_1_304' title='bbox 536 2819 654 2846; x_wconf 73' lang='lat' dir='ltr'>civilcin</span> <span class='ocrx_word' id='word_1_305' title='bbox 676 2819 748 2846; x_wconf 76' lang='lat' dir='ltr'>cleri</span> <span class='ocrx_word' id='word_1_306' title='bbox 779 2819 893 2853; x_wconf 71' lang='lat' dir='ltr'>(Delow</span> <span class='ocrx_word' id='word_1_307' title='bbox 915 2825 977 2853; x_wconf 65' lang='lat'>171⁰</span> <span class='ocrx_word' id='word_1_308' title='bbox 1001 2819 1128 2846; x_wconf 77' lang='lat' dir='ltr'>without</span> <span class='ocrx_word' id='word_1_309' title='bbox 1156 2819 1240 2846; x_wconf 68' lang='lat' dir='ltr'>nian&#39;lt</span> <span class='ocrx_word' id='word_1_310' title='bbox 1261 2818 1294 2845; x_wconf 76' lang='lat' dir='ltr'>ol&#39;</span> <span class='ocrx_word' id='word_1_311' title='bbox 1313 2818 1490 2851; x_wconf 70' lang='lat' dir='ltr'>reference).</span> 
     </span>
    </p>
   </div>
  </div>
 </body>
</html>
