2051 3273
244 207 416 265 CAP.X1.]
727 221 786 252 DE
813 221 1046 253 ECCLEsxA.

93 326 350 377 0161²dere,
398 339 449 364 ne
496 325 740 364 subtrahant
784 325 993 365 iusticiam
1036 326 1101 364 vel
1144 325 1322 364 inferant
1356 324 1552 363 iniuriam

242 394 376 434 alicui.
423 395 542 434 Unde
574 395 722 446 XXV'd,
768 409 806 447 q.
842 395 889 447 II,
950 395 1073 442 Quod
1115 395 1228 446 vero,
1262 394 1359 433 dicit
1392 393 1549 446 Grego-

241 464 343 504 rius:
402 463 519 503 Absit
569 464 645 503 hoc
688 476 714 502 a
759 478 823 504 me
874 470 918 503 ut
968 470 1131 504 statuta
1181 465 1396 504 maiorum
1455 475 1549 502 cum

241 532 535 573 sacerdotibus
586 534 689 573 meis
740 535 783 573 in
835 534 1026 586 qualibet
1067 535 1247 574 ecclesia
1292 532 1550 588 infringam,

208 604 341 655 5quia
386 603 489 642 mihi
532 604 738 643 iniuriam
759 604 901 658 facio,
934 605 972 644 si
989 604 1194 658 fratrum
1228 616 1419 644 meorum
1453 603 1550 641 iura

232 673 457 725 perturbo.
521 673 574 712 Et
604 672 774 712 indubie
806 673 918 712 idem
958 672 1063 713 foret
1108 673 1313 713 iudicium
1350 673 1400 711 de
1443 685 1550 724 quo-

239 742 339 782 libet
368 742 539 792 viatore,
584 742 702 795 quod
733 742 766 781 si
798 742 1100 795 privilegiando
1133 742 1341 796 precludit
1379 741 1549 781 cuicun-

241 826 321 866 que
339 811 558 863 iusticiam,
574 810 844 864 dampnificat
866 820 952 851 tam
975 825 1016 851 se
1038 826 1166 866 quam
1181 811 1550 865 privilegiandum3

240 883 355 936 quod
386 895 474 921 non
504 881 600 921 licet
630 881 695 920 vel
726 881 817 920 Deo
850 881 995 921 facere.

1757 208 1831 247 231

185 959 220 993 D
296 952 358 991 Ex
388 951 475 991 istis
516 951 701 990 secundo
735 950 922 1004 sequitur
954 951 1069 1004 quod
1102 950 1268 1005 fugitivi
1300 950 1549 1004 privilegiati
1564 953 1670 982 Hence
1696 954 1839 989 fugitives

1587 997 1638 1016 are
1658 995 1713 1016 not
1732 990 1822 1017 made

238 1021 281 1061 in
313 1020 695 1061 westmonasterio
739 1034 827 1059 non
874 1034 921 1059 ex
952 1020 1049 1060 hinc
1093 1021 1350 1072 Iibertantur,
1383 1029 1430 1060 ut
1464 1033 1551 1059 non
1576 1024 1748 1059 altogether
1765 1024 1830 1051 free

240 1089 492 1130 satisfaciant
534 1089 712 1130 debitori
755 1090 820 1129 vel
864 1090 978 1143 quod
1020 1090 1176 1130 ibidem
1225 1099 1423 1130 maneant
1473 1103 1549 1142 pro

240 1174 316 1200 suo
367 1168 572 1214 perpetuo
625 1159 712 1199 sine
764 1173 872 1212 pena
924 1159 1197 1200 correccionis
1242 1159 1431 1211 salubris,
1479 1160 1550 1198 sed

239 1230 424 1284 aliquam
469 1228 757 1268 defensionem
789 1229 1044 1282 singularem
1081 1229 1236 1269 habent
1273 1229 1429 1268 ibidem
1467 1242 1549 1282 que

186 1308 222 1340 15
239 1308 360 1339 sonat
404 1298 460 1338 eis
505 1298 547 1337 in
592 1299 871 1338 commodum
917 1307 955 1338 et
999 1312 1086 1338 non
1129 1298 1173 1337 in
1217 1299 1453 1352 dampnum
1485 1300 1549 1338 vel

237 1368 434 1407 iniuriam
467 1367 602 1408 alicui.
637 1367 775 1407 Prima
806 1381 902 1421 pars
935 1377 1062 1420 patet,
1095 1377 1187 1407 tum
1220 1368 1318 1422 quia
1348 1368 1429 1408 hoc
1462 1382 1548 1407 non

1588 1058 1622 1085 of
1641 1059 1712 1086 dcbt
1732 1067 1767 1086 or
1786 1059 1821 1086 of

1597 1092 1808 1130 punishment,

237 1437 423 1492 sequitur
467 1451 514 1477 ex
556 1447 700 1477 tenore
744 1438 969 1476 verborum
1013 1437 1231 1490 privilegii,
1279 1447 1373 1477 tum
1417 1438 1547 1478 eciam
1563 1440 1838 1469 sincethiswould

238 1508 334 1562 quia
369 1508 449 1547 hoc
486 1520 573 1546 non
613 1506 719 1547 foret
750 1507 916 1546 libertas
948 1507 1014 1546 vel
1046 1507 1315 1560 privilegium
1349 1508 1421 1547 sed
1452 1521 1546 1560 pra-

237 1577 407 1617 vissima
450 1577 698 1629 corruptela.
744 1578 854 1616 Nam
898 1578 1147 1617 mandatum
1180 1577 1362 1630 apostoli
1408 1586 1447 1617 et
1491 1577 1547 1616 sic

182 1667 222 1688 20
238 1648 312 1687 Dei
347 1657 406 1687 est
431 1648 556 1687 Rom.
580 1648 694 1686 ΧΙΙΙΟ
717 1647 760 1687 8:
786 1647 958 1687 Nemini
985 1647 1218 1701 quidquam
1244 1648 1430 1688 debeatis
1464 1648 1549 1687 nisi

241 1725 285 1758 ut
328 1718 506 1758 invicem
551 1716 759 1771 diligatis.
805 1718 1040 1767 Quomodo
1089 1731 1188 1770 ergo
1234 1717 1330 1757 licet
1363 1726 1546 1757 creature

236 1787 450 1827 licenciare
483 1787 679 1840 aliquem,
713 1795 759 1827 ut
791 1796 1002 1827 remaneat
1034 1787 1075 1826 in
1107 1787 1248 1827 debito
1281 1787 1428 1839 fratris,
1461 1801 1546 1827 non

238 1857 502 1908 satisfaciens,
536 1857 667 1896 eciam
700 1858 841 1910 quoad
871 1854 1033 1896 Deum?
1056 1857 1181 1896 Tales
1212 1857 1353 1911 itaque
1384 1857 1547 1896 hereses

239 1927 270 1966 si
322 1926 620 1980 pullulaverint
672 1927 803 1966 eciam
861 1940 933 1979 per
984 1926 1183 1966 dominos
1234 1927 1349 1978 regni
1402 1926 1546 1977 nostri,

182 2003 222 2036 25
239 2005 433 2036 tenentur
461 1996 605 2049 prelati
636 1997 857 2036 destruere.
896 1997 1019 2036 Unde
1062 1997 1211 2047 XXV²³‚
1263 2010 1302 2049 q.
1349 1996 1377 2047 Ι,
1412 1996 1547 2035 Omne

237 2066 367 2119 quod,
413 2066 468 2106 sic
502 2065 708 2106 scribitur:
754 2066 967 2106 Iniustum
1010 2065 1215 2106 iudicium
1262 2072 1302 2105 et
1334 2065 1545 2119 diffinicio

237 2136 396 2176 iniusta
440 2137 561 2189 regio
608 2143 719 2176 metu
767 2138 832 2175 vel
864 2137 983 2176 iussu
1017 2150 1041 2174 a
1081 2136 1297 2175 iudicibus
1345 2135 1545 2175 ordinata

238 2219 321 2245 non
368 2206 521 2257 valeat,
566 2216 840 2258 nequaquam
875 2206 983 2245 enim
1016 2205 1132 2258 quod
1164 2211 1315 2244 contra
1360 2217 1545 2258 evange-

239 2276 362 2315 licam
408 2276 474 2315 νεῖ
514 2276 813 2327 propheticam
858 2275 923 2314 vel
974 2275 1251 2327 apostolicam
1304 2274 1544 2313 doctrinam

182 2349 225 2382 30
241 2344 637 2384 constitucionemve
681 2357 827 2384 eorum
860 2345 949 2384 sive
979 2351 1230 2384 sanctorum
1255 2350 1434 2396 patrum
1475 2357 1544 2383 ac-

238 2420 327 2453 tum
339 2414 498 2468 fuerit,
520 2414 659 2454 stabit.
684 2415 806 2455 Unde
824 2414 948 2453 istam
970 2413 1204 2454 doctrinam
1226 2413 1375 2453 dicitur
1389 2415 1545 2453 Roma-

290 2572 329 2592 ιο.
363 2565 392 2591 A
412 2564 442 2591 in
468 2571 583 2599 marg:
616 2561 758 2591 Secunda
778 2562 945 2590 conclusio.
1088 2570 1132 2589 20.
1164 2562 1196 2589 In
1227 2562 1334 2589 codd:
1364 2561 1451 2589 Rom.
1478 2560 1544 2588 XII.

237 2611 325 2639 28.ss
346 2611 376 2638 In
397 2617 511 2645 marg:
541 2610 595 2637 Est
620 2609 668 2637 hic
689 2608 851 2637 manifeste
878 2608 1007 2637 elicibile
1038 2609 1121 2645 quod
1151 2617 1214 2636 non
1242 2608 1313 2636 licet
1340 2611 1448 2635 contra
1474 2615 1545 2642 apo-

237 2658 351 2685 stolum
373 2657 567 2692 dispensare:

299 2785 327 2806 2.
353 2775 453 2807 Decr.
480 2783 549 2806 sec.
574 2783 664 2817 pars,
697 2784 800 2806 causa
827 2774 934 2812 XXV,
967 2784 1002 2816 q.
1029 2773 1068 2815 II,
1100 2784 1173 2816 cap.
1199 2774 1240 2805 X.
1383 2772 1434 2805 25.
1461 2773 1544 2805 Dec.

239 2841 307 2865 sec.
338 2841 428 2874 pars,
461 2841 564 2864 causa
588 2831 693 2872 XXV,
733 2841 766 2874 q.
793 2831 816 2871 Ι,
851 2841 878 2863 e.
906 2831 990 2863 VIII.

1563 1476 1599 1503 be
1614 1476 1835 1503 mischievous.
