2051 3273
330 2233 478 2261 Answer:

982 233 1202 266 JOHANNIS
1228 234 1421 266 WYCLIF.
1647 221 1752 275 [CAP.
1772 232 1853 261 xiv.

550 338 665 377 Sicut
698 351 793 390 ergo
827 338 970 376 beatus
1004 337 1198 377 Silvester
1232 352 1317 377 non
1351 337 1512 390 accepit
1543 337 1658 377 illam
1696 348 2009 392 partem173dp

550 407 712 459 imperii
745 421 768 445 a
801 406 1096 457 Constantino,
1129 407 1185 446 sic
1219 421 1293 446 nec
1326 406 1474 459 aliquis
1507 408 1697 446 sacerdos
1721 408 1859 447 cuius-

551 491 678 530 quam
721 475 871 515 terreni
918 475 1117 528 principis
1164 476 1322 528 accepit
1353 476 1403 514 ab
1436 490 1486 515 eo
1519 476 1861 516 dominacionem

550 545 794 585 huiusmodi
827 545 1056 584 secularem
1088 546 1159 584 sed
1191 545 1431 584 immediate
1464 559 1485 583 a
1519 535 1708 596 Chris't03
1749 546 1862 598 prius

553 614 665 654 enim
697 623 888 667 tempore
920 614 985 653 vel
1017 624 1165 654 natura
1198 614 1276 654 suit
1307 615 1452 654 beatus
1485 614 1681 654 Silvester
1712 615 1895 669 dignus5

550 684 699 723 habere
744 684 1088 723 dominacionem
1119 684 1236 723 illam
1274 684 1437 736 imperii
1477 697 1607 737 quam
1640 697 1751 723 cesar
1786 684 1863 723 sibi

551 752 756 804 diviserat,
805 762 844 792 et
890 767 963 806 per
1010 767 1269 807 consequens
1309 754 1424 806 prius
1463 753 1540 793 fuit
1573 754 1667 792 data
1705 767 1727 792 a
1758 753 1862 804 Deo,

551 836 679 875 quam
723 836 835 861 cesar
878 823 1014 875 ipsam
1064 822 1139 862 sibi
1189 822 1479 875 resignaverat,
1532 832 1571 862 et
1618 837 1715 862 curn
1758 837 1864 876 eque

551 891 665 945 digni
699 891 868 931 fuerunt
905 892 1020 944 prius
1053 892 1121 931 alii
1154 892 1306 932 Christi
1350 892 1504 943 vicarii,
1542 892 1705 931 videtur
1747 892 1864 945 quod

551 962 682 1001 eciam
715 961 794 1000 illis
826 961 951 1001 infuit
985 971 1170 1014 potestas
1201 962 1337 1001 taliter
1369 961 1628 1001 dominandi.
1692 962 1745 1000 Et
1787 961 1921 1006 istam

552 1030 716 1070 videtur
768 1031 980 1070 sentencia
1031 1031 1251 1070 cuiusdam
1310 1030 1508 1070 Nicolai
1561 1030 1862 1070 Putanensis

553 1114 678 1153 super
711 1101 934 1153 epistolam
965 1101 1016 1139 ad
1048 1101 1280 1151 Romanos,
1313 1100 1385 1153 qui
1416 1109 1540 1139 vocat
1563 1100 1783 1152 episcopos
1816 1113 1864 1139 ex

557 1169 652 1227 hinc
684 1169 875 1222 miseros,
908 1171 1024 1224 quod
1053 1171 1205 1209 volunt
1229 1184 1271 1209 se
1294 1170 1478 1210 subicere
1501 1170 1544 1209 in
1567 1183 1692 1214 onere
1721 1169 1863 1209 tributi

559 1248 599 1278 et
631 1239 719 1278 aliis
751 1240 931 1279 serviciis
964 1240 1116 1279 exactis
1149 1254 1171 1278 a
1203 1239 1372 1279 brachio
1406 1239 1591 1279 seculari.
1628 1240 1681 1278 Et
1719 1240 1865 1278 fundat

555 1322 597 1347 se
649 1322 774 1361 super
817 1310 928 1349 dicto
973 1309 1169 1362 Apostoli
1215 1309 1387 1348 Hebreis
1425 1309 1540 1349 V110:
1615 1308 1922 1354 Omnimod015

556 1379 694 1417 maior
714 1386 776 1418 est
806 1380 877 1419 ille
907 1380 980 1433 qui
1005 1378 1221 1429 benedicit,
1249 1392 1376 1432 quain
1408 1379 1479 1417 ille
1501 1378 1572 1418 cm·
1593 1378 1867 1428 benedicitur,

556 1457 595 1486 et
632 1462 705 1500 per
736 1448 816 1488 hoc
860 1449 1010 1502 probat
1041 1449 1274 1501 Apostolus
1306 1449 1422 1501 quod
1454 1447 1761 1487 Melchisedech
1800 1461 1870 1486 rex

555 1517 695 1556 Salem
751 1518 824 1571 qui
879 1519 1004 1571 gessit
1049 1528 1199 1572 typum
1245 1517 1399 1557 Christi
1444 1516 1521 1556 fuit
1563 1517 1698 1556 maior
1741 1530 1870 1569 quam

554 1588 769 1627 Abraham
802 1587 867 1627 cui
900 1588 1110 1627 benedixit
1141 1587 1205 1641 (ut
1243 1587 1394 1640 legitur
1428 1586 1531 1626 Gen.
1564 1585 1714 1641 XIV0).
1754 1586 1870 1626 Sicut

558 1670 655 1710 ergo
709 1657 993 1697 sacerdocium
1048 1666 1109 1697 est
1160 1657 1328 1709 dignius
1360 1656 1555 1709 imperio,
1600 1656 1657 1695 sic
1702 1664 1869 1708 oportet
1886 1681 1927 1702 20

555 1727 802 1767 Romanum
864 1726 1111 1779 pontificem
1172 1740 1260 1766 esse
1322 1726 1557 1778 digniorem
1617 1726 1867 1779 imperatore

558 1797 787 1850 accipiente
830 1797 1059 1850 imperium
1103 1797 1153 1835 ab
1194 1796 1267 1835 illo
1299 1795 1513 1849 pontifice,
1547 1805 1586 1835 et
1617 1809 1690 1848 per
1722 1808 1867 1834 conse-

556 1880 703 1919 quens,
748 1876 917 1919 oportet
959 1866 1248 1906 conferentem
1289 1865 1441 1905 habere
1480 1865 1584 1905 illud
1630 1864 1869 1917 imperium,

557 1945 596 1975 et
638 1949 725 1975 non
771 1949 858 1975 esse
903 1935 1141 1975 subiectum
1173 1949 1251 1974 suo
1285 1934 1595 1985 elemosinario,
1640 1934 1738 1987 quia
1769 1942 1870 1973 tunc

556 2018 641 2044 non
675 2005 781 2044 foret
813 2019 921 2058 papa
954 2005 1201 2045 omnimode
1233 2005 1327 2057 ipso
1361 2004 1507 2055 maior,
1532 2005 1603 2043 sed
1636 2005 1870 2044 secundum
1887 2016 1927 2049 25

557 2075 734 2114 eandem
765 2075 976 2114 racionem
1008 2089 1092 2128 qua
1135 2074 1340 2113 benedicit
1373 2083 1411 2113 et
1444 2073 1603 2113 confert
1641 2074 1716 2112 sibi
1750 2073 1868 2126 spiri—

557 2145 667 2183 tuale
699 2144 926 2197 imperium
958 2144 1063 2183 foret
1094 2143 1186 2196 ipso
1220 2143 1461 2183 subieccior.

617 2214 663 2252 In.
694 2213 773 2252 isto
806 2223 966 2266 puncto
1001 2222 1098 2252 sunt
1130 2212 1254 2252 nimis
1287 2212 1409 2251 multi
1450 2212 1642 2262 maniaci,
1675 2221 1920 2266 putantesQ

557 2283 714 2321 nedum
738 2283 916 2322 maiores
940 2283 1173 2322 sacerdotes
1199 2283 1271 2321 sed
1295 2282 1480 2321 minores
1511 2282 1698 2334 singulos
1721 2282 1870 2321 debere

610 2489 637 2516 6.
659 2497 684 2524 7.
714 2489 752 2515 ss:
784 2488 843 2515 sibi
875 2489 1043 2516 dimiserat¹
1188 2487 1214 2514 8.
1236 2489 1264 2515 A
1285 2489 1342 2522 A1:
1369 2488 1469 2522 ipsam
1497 2488 1593 2515 deest.
1740 2495 1769 2514 11.
1791 2489 1818 2514 A
1839 2487 1869 2514 in

558 2543 672 2569 mamm:
700 2534 848 2562 Nicotaus
869 2536 1063 2563 Putanensis.
1207 2533 1252 2561 28.
1279 2536 1307 2562 A
1327 2534 1356 2561 in
1378 2542 1494 2569 marg.:
1519 2534 1700 2569 Responsio.
1722 2534 1872 2569 Arguitur

558 2589 613 2616 pro
629 2581 846 2608 dominacione
860 2581 943 2609 civili
962 2583 1161 2610 sacerdotum
1183 2586 1209 2608 et
1225 2581 1405 2608 dissolvitur
1428 2581 1544 2614 (Beiow
1559 2580 1621 2615 175‘1
1640 2580 1768 2607 without
1784 2580 1871 2607 mark

558 2629 594 2654 of
611 2628 790 2662 reference).

622 2780 671 2812 15.
711 2781 825 2813 Verba
852 2781 1000 2824 apostoli
1035 2781 1075 2813 ad
1116 2781 1203 2813 Heb.
1229 2782 1301 2822 VII,
1339 2792 1375 2823 7:
1415 2781 1500 2813 Sine
1527 2781 1598 2813 ulla
1641 2784 1757 2812 autem
1790 2789 1870 2811 con-

559 2839 793 2877 tradiccione,
821 2839 914 2880 quod
940 2839 1054 2871 minus
1080 2843 1132 2871 est
1158 2849 1178 2871 a
1207 2839 1345 2871 meliori
1371 2839 1600 2871 benedicitur.
