2051 3273
245 219 325 257 260
950 225 1172 258 JOHANNIS
1199 224 1394 258 WYCLIF.
1658 212 1763 271 [CAP.
1778 223 1844 251 ΧΠ.

533 330 742 381 iniuriam,
796 332 892 384 quia
943 330 1057 369 iuxta
1100 330 1207 369 dicta
1258 329 1300 368 in
1345 330 1539 382 proximo
1592 338 1993 383 argumento165bG

533 408 700 452 oportet
744 400 1052 453 subintelligere
1096 399 1138 438 in
1182 399 1299 438 omni
1343 400 1414 438 tali
1463 400 1640 451 generali
1687 408 1842 438 statuto

533 469 844 521 beneplacitum
883 470 1017 522 prime
1049 468 1224 508 iusticie.
1259 467 1440 520 Oportet
1473 483 1570 522 ergo
1610 470 1844 508 secundum

261 547 329 574 The
354 547 500 586 privilege
534 538 695 590 regulas
748 538 948 590 scripture
1011 539 1158 577 docere
1217 538 1333 590 quod
1383 537 1578 590 implecio
1640 537 1843 591 privilegii

244 583 517 655 ecligffssemuseeaciiin
533 607 733 660 generalis
782 607 822 646 in
868 621 964 647 casu
996 607 1136 660 posito
1170 607 1221 646 sit
1254 620 1441 646 consona
1471 607 1551 660 legi
1584 608 1672 646 Dei.
1726 607 1779 646 Et
1810 607 1876 649 si5

243 652 517 720 acccf’giiiizniaexaem
534 676 756 716 consiliarii
809 677 1016 730 sapientes
1069 676 1338 716 mundialiter
1389 676 1560 730 exigunt
1611 690 1659 715 ex
1708 676 1843 715 verbis

532 746 735 798 privilegii
780 755 1000 799 tamquam
1045 760 1293 785 concessum
1326 759 1452 784 omne
1485 747 1601 799 quod
1650 745 1844 785 sciverint

532 816 757 868 sophistice
789 816 971 868 palliare,
1006 825 1147 856 exacta
1179 824 1238 855 est
1271 829 1369 855 cum
1416 816 1587 868 satrapis
1620 816 1843 854 Medorum

531 884 774 937 blasphema
811 885 985 938 peticio,
1032 886 1111 938 ipsi
1159 885 1271 925 enim
1316 885 1487 938 exigunt
1530 898 1777 925 concessum
1821 899 1843 924 a

531 954 716 1006 principe
739 968 866 994 omne
889 956 1004 1008 quod
1023 955 1248 1008 sophistice
1267 954 1417 994 inferre
1441 964 1616 1007 possunt
1640 969 1687 994 ex
1709 955 1842 994 verbis
1863 975 1900 995 10

531 1023 749 1075 privilegii,
783 1023 867 1063 sive
899 1024 1057 1063 iustum
1091 1024 1212 1063 fuerit
1245 1024 1329 1063 sive
1369 1023 1585 1076 iniustum,
1625 1037 1696 1063 seu
1735 1023 1841 1077 parti

532 1092 812 1145 privilegianti
866 1102 937 1132 aut
988 1093 1245 1146 privilegiate
1295 1093 1559 1133 meritorium
1606 1093 1728 1133 fuerit
1772 1102 1842 1133 aut

531 1162 863 1213 demeritorium,
910 1170 948 1202 et
992 1162 1048 1201 ita
1093 1162 1177 1201 sive
1209 1162 1321 1201 Deus
1374 1163 1478 1201 illud
1527 1162 1707 1202 voluerit
1758 1163 1841 1201 sive

531 1232 725 1272 noluerit.
760 1233 842 1273 Sed
873 1232 915 1271 in
948 1232 1071 1272 istam
1103 1232 1410 1285 blasphemiam
1442 1246 1528 1272 non
1560 1241 1698 1285 potest
1729 1232 1841 1285 prin-

532 1315 629 1354 ceps
663 1302 790 1342 seculi
823 1316 898 1341 nec
932 1302 1064 1341 eciam
1095 1302 1208 1341 Deus
1240 1301 1342 1354 ipse,
1366 1302 1460 1341 ideo
1492 1302 1722 1341 instruendi
1745 1310 1897 1342 sunt15

530 1371 724 1424 religiose
747 1371 911 1411 domini
934 1371 1152 1422 seculares,
1177 1385 1226 1409 ne
1251 1385 1298 1410 ex
1320 1371 1561 1425 ignorancia
1584 1371 1842 1411 condicionis

532 1440 737 1493 privilegii
796 1450 835 1481 et
894 1440 1256 1493 interpretacionis
1309 1441 1397 1479 eius
1455 1440 1704 1493 participent
1772 1441 1840 1480 tali

533 1510 810 1563 blasphemie3
849 1511 1043 1549 videntur
1087 1510 1199 1549 enim
1244 1509 1348 1549 cecis
1396 1511 1629 1549 secundum
1662 1509 1839 1549 formam

241 1593 299 1613 nor
324 1594 395 1623 may
420 1586 516 1614 rulers
532 1579 658 1618 talem
703 1581 931 1619 concedere
977 1581 1047 1618 sed
1092 1593 1177 1618 non
1212 1588 1402 1632 possunt.
1437 1580 1550 1619 Sicut
1582 1588 1722 1619 autem
1754 1592 1840 1618 non

265 1621 454 1659 grant-what
473 1622 498 1648 is

256 1661 497 1726 tiissiffss‘issssetccis
531 1658 709 1701 possunt
741 1651 966 1689 concedere
989 1650 1105 1703 quod
1127 1649 1346 1691 manifeste,
1367 1659 1550 1702 vergeret
1575 1650 1626 1688 ad
1656 1650 1838 1688 destruc·
1856 1668 1898 1689 20

241 1733 276 1751 or
297 1726 512 1787 torii‘rjfftigidual
533 1719 699 1758 cionem
731 1719 845 1771 regni
879 1719 941 1758 sui
974 1719 1039 1757 vel
1070 1718 1146 1757 Dei
1179 1718 1375 1757 iniuriam
1397 1716 1433 1769 κ,
1457 1718 1513 1757 sic
1545 1732 1630 1757 non
1663 1727 1841 1771 possunt
1861 1727 1935 1760 165⁰

355 1781 371 1795 ζ’
426 1781 432 1788 ’
532 1789 760 1827 concedere
803 1788 1069 1841 privilegium
1122 1788 1238 1841 quod
1289 1787 1454 1827 inferret
1502 1801 1575 1840 per
1626 1801 1667 1826 se
1718 1787 1840 1827 alicui

530 1857 728 1896 iniuriam
773 1858 836 1896 vel
881 1859 996 1910 quod
1041 1857 1261 1896 occasione
1305 1858 1399 1897 data
1443 1857 1527 1896 suis
1572 1857 1746 1897 subditis
1789 1857 1841 1897 sit

531 1927 833 1979 dampnosum.
870 1926 1099 1966 Concessio
1145 1927 1258 1966 enim
1302 1928 1391 1966 talis
1437 1927 1612 1966 subdola
1656 1941 1742 1966 non
1781 1934 1841 1966 est

532 1996 759 2048 concessio,
784 1997 890 2036 sicut
922 2009 997 2035 nec
1020 1995 1236 2035 luciferina
1258 1996 1480 2049 promissio
1504 1996 1675 2036 Matthei
1692 1997 1782 2047 IV0,
1802 2010 1839 2048 9,
1858 2006 1897 2038 25

529 2079 612 2118 qua
647 2067 742 2105 Jesu
778 2075 921 2105 nostro
956 2066 1056 2104 false
1091 2066 1339 2118 promiserat
1375 2066 1489 2119 quod
1522 2067 1664 2105 omnia
1702 2078 1842 2119 regna

529 2135 678 2174 mundi
719 2136 800 2175 sihi
843 2135 980 2187 daret,
1013 2135 1052 2175 si
1083 2135 1240 2175 cadens
1273 2136 1411 2187 ipsum
1445 2135 1706 2186 adoraverit,
1755 2148 1840 2174 non

530 2204 674 2244 fuisset
719 2205 913 2255 donacio,
947 2218 1022 2244 nec
1056 2205 1114 2243 fas
1148 2213 1208 2243 est
1241 2204 1523 2257 dogmatizare
1566 2205 1689 2245 istam
1733 2205 1838 2243 blas-

528 2274 754 2325 phemiam,
789 2283 833 2313 ut
867 2288 915 2313 eo
949 2274 1040 2326 ipso
1075 2288 1160 2327 quo
1184 2274 1377 2326 princeps
1400 2283 1587 2313 terrenus
1618 2273 1841 2313 decreverit

528 2343 583 2381 sic
637 2357 736 2395 esse,
791 2344 977 2397 sequitur
1026 2344 1142 2396 quod
1195 2343 1245 2382 sit
1297 2343 1468 2395 iustum,
1521 2343 1620 2396 quia
1672 2351 1838 2382 sanctus
1854 2352 1896 2383 30

528 2413 923 2452 Nabuchodonosor
945 2413 1015 2465 qui
1046 2412 1122 2451 fuit
1146 2426 1254 2451 unus
1287 2413 1336 2451 de
1369 2412 1682 2465 potencioribus
1715 2426 1836 2451 mon-

527 2482 658 2520 archis
692 2497 713 2520 a
746 2483 892 2521 mundi
929 2482 1135 2534 principio
1168 2496 1255 2520 non
1289 2483 1427 2534 potuit
1458 2481 1673 2520 vendicare
1716 2482 1837 2520 istam

527 2551 777 2603 potenciam,
811 2565 907 2590 cum
941 2552 1017 2590 soli
1050 2552 1139 2590 Deo
1173 2552 1223 2591 sit
1256 2552 1436 2605 propria.
1486 2553 1537 2590 Et
1569 2551 1660 2590 dico
1698 2551 1837 2604 ipsum

578 2743 605 2770 Β,
637 2744 673 2770 13:
705 2748 809 2770 exacta
839 2751 920 2771 cum.
1038 2752 1077 2776 14⁴
1101 2752 1160 2771 non
1183 2749 1291 2779 potest.
1314 2752 1355 2771 sc.
1377 2744 1520 2772 incidere.
1630 2752 1668 2778 17.
1695 2744 1735 2773 18.
1769 2743 1835 2772 talis

526 2790 715 2825 blasphemie
748 2790 775 2816 in
809 2790 899 2817 codd.
1054 2800 1093 2826 ις).
1128 2792 1154 2818 Α
1187 2792 1215 2818 in
1250 2799 1362 2826 marg:
1394 2789 1570 2818 Conclusio.
1718 2792 1763 2819 26.
1797 2791 1835 2818 B:

526 2842 631 2863 contra
650 2836 738 2870 Jcsu3
761 2845 836 2872 qum
859 2836 952 2863 adde:
975 2836 1126 2864 diabolus.
1271 2837 1314 2864 28.
1337 2838 1364 2864 A
1384 2837 1412 2864 in
1435 2844 1550 2870 marg:
1573 2835 1752 2865 Conclusio.
