2051 3273
226 611 359 648 Cyprian
384 610 451 637 tells

249 655 283 674 us
305 647 367 673 that
388 654 433 672 we

229 681 324 716 ought
346 685 398 708 not
418 686 448 707 10

203 724 311 743 mourn
328 716 377 743 for
392 716 479 742 those

202 751 270 778 who
298 751 373 778 have
399 758 478 785 gone

284 787 401 815 before¹

211 2084 264 2113 Yet
290 2085 338 2112 tlle
360 2084 484 2112 Cliurcli

234 2120 355 2147 reaches
377 2128 412 2146 us
432 2124 463 2146 to

245 2163 313 2182 care
334 2154 382 2181 for
402 2155 449 2181 the

308 2189 395 2225 dead,

928 213 1153 245 „IOHANNIS
1179 213 1373 245 WYCLIF.
1579 200 1686 257 [CAP.
1709 210 1804 238 xxii.

494 329 531 358 et
579 319 941 371 pulchritudinem
989 318 1174 357 universi
1221 318 1334 370 quod
1380 318 1529 356 Petrus
1575 331 1686 357 nunc
1732 333 1805 371 per
1823 328 1956 363 202¹³P

493 389 716 428 dominum
743 388 973 439 occidatur,
1000 388 1220 440 quomodo
1244 388 1340 426 licet
1364 387 1466 426 mihi
1492 401 1805 427 remurmurare

493 466 638 497 contra
681 458 802 497 istam
850 458 1060 497 iusticiam
1102 467 1141 497 et
1179 457 1543 509 pulchritudinem
1583 471 1665 510 que
1701 458 1805 497 adeo

491 529 626 580 placet
653 528 753 566 Deo.
781 527 904 567 Unde
923 527 1053 579 Xllta,
1080 541 1118 580 q.
1144 527 1198 565 11³
1222 527 1299 565 sub
1323 527 1577 566 auctoritate
1605 526 1806 580 Cypriani

492 598 548 637 sic
582 597 799 636 scribitur:
841 596 980 645 Quam
1021 604 1320 650 preposterum
1355 603 1431 647 est,
1464 610 1677 650 quamque
1703 608 1840 649 per-5

491 681 676 717 versum,
722 673 765 706 ut
809 680 902 706 cum
952 667 1037 706 Dei
1081 666 1338 706 voluntatem
1380 666 1488 719 fieri
1522 667 1807 719 postulemus,

492 737 662 791 quando
707 744 850 777 evocat
895 750 970 776 nos
1009 743 1047 776 et
1086 737 1265 776 accersit
1302 736 1352 776 de
1390 736 1466 775 lzoc
1505 736 1677 788 mundo,
1724 750 1805 776 non

491 809 630 847 statim
672 808 903 847 voluntatis
943 808 1033 846 eius
1066 807 1244 859 imperio
1270 819 1509 859 pareamus
1541 813 1578 845 et
1603 807 1803 858 pervica-

493 879 603 918 cium
651 891 769 918 more
813 891 1035 918 servorum
1082 877 1138 916 ad
1181 883 1449 929 conspectum
1504 876 1666 916 domini
1710 889 1805 915 cum

494 949 671 988 tristicia
725 954 763 987 et
814 960 982 987 merore
1032 946 1334 1000 perducimur,
1394 953 1595 986 exeuntes
1658 945 1867 989 istlzinc10

494 1018 760 1058 necessitatis
787 1018 968 1067 vinculo,
994 1030 1075 1056 non
1100 1017 1330 1056 voluntatis
1353 1016 1566 1070 obsequio,
1601 1016 1809 1070 quomodo

493 1089 689 1128 volumus
722 1088 773 1127 ab
806 1101 852 1127 eo
878 1088 1060 1140 premiis
1098 1088 1320 1127 celestibus
1353 1087 1562 1126 honorari
1593 1086 1650 1126 ad
1688 1099 1808 1139 quem

494 1159 686 1198 venimus
719 1158 850 1198 inviti.
896 1158 1143 1210 Preceptum
1178 1163 1252 1206 est,
1298 1157 1449 1209 inquit,
1490 1170 1514 1195 a
1557 1155 1726 1195 domino
1768 1162 1812 1195 ut

494 1235 704 1269 contester
738 1227 912 1267 assidue
946 1233 984 1266 et
1007 1227 1180 1280 publice
1205 1226 1482 1279 predicarem
1517 1226 1695 1279 fratres
1728 1239 1809 1265 non

495 1312 584 1340 esse
603 1297 812 1353 lugendos
827 1298 1070 1337 accersione
1093 1297 1233 1336 divina
1251 1296 1302 1336 de
1319 1296 1463 1336 seculo
1481 1296 1694 1343 liberatos,
1713 1308 1809 1335 cum
1829 1307 1865 1338 15

495 1371 682 1410 sciamus
710 1382 792 1408 non
816 1368 952 1407 amitti
972 1368 1047 1407 sea'
1076 1367 1280 1420 premitti,
1304 1365 1546 1406 recedentes
1580 1365 1630 1405 de
1652 1365 1808 1406 seculo.

555 1440 598 1478 In
648 1440 727 1478 isto
761 1439 875 1477 dicto
915 1438 1081 1476 videtur
1121 1438 1295 1476 innuere
1330 1436 1537 1488 triplicem
1573 1436 1861 1485 racionem2Q

497 1510 638 1549 Prima
692 1522 739 1547 ex
787 1508 866 1547 hoc
919 1507 1035 1559 quod
1090 1520 1215 1545 nemo
1269 1507 1394 1545 debet
1439 1519 1558 1544 orare
1608 1505 1685 1543 sibi
1731 1505 1810 1557 ipsi

496 1579 718 1630 contrarie,
772 1578 843 1617 sed
897 1590 1068 1616 oramus
1122 1576 1285 1615 Deum:
1337 1576 1436 1614 Fiat
1487 1575 1685 1614 voluntas
1738 1581 1811 1613 tua

497 1649 695 1701 undique,
741 1647 836 1687 ideo
892 1661 973 1686 non
1030 1647 1234 1685 debemus
1281 1646 1384 1685 velle
1434 1646 1531 1684 huic
1584 1645 1806 1684 contrarie.
1827 1663 1869 1685 20

499 1719 693 1759 Secunda
739 1717 850 1756 racio
891 1726 952 1756 est
993 1730 1040 1755 ex
1080 1717 1160 1755 hoc
1200 1716 1315 1769 quod
1349 1723 1521 1769 oportet
1560 1714 1810 1754 salvandum

497 1788 711 1828 meritorie
746 1797 784 1827 et
815 1801 889 1840 per
921 1799 1183 1839 consequens
1222 1786 1458 1825 voluntarie
1493 1785 1577 1839 pati
1610 1793 1808 1823 mortem.

499 1859 648 1899 Tereia
684 1857 797 1898 racio
831 1865 913 1896 stat
947 1857 988 1896 in
1021 1857 1102 1895 isto
1127 1856 1241 1909 quod
1273 1855 1449 1908 diligens
1476 1868 1517 1893 se
1543 1855 1606 1894 vel
1630 1856 1810 1894 alterum

498 1930 622 1969 debet
668 1928 903 1979 gaudenter
937 1936 1154 1979 acceptare
1194 1939 1407 1965 accessum
1444 1925 1531 1964 eius
1571 1924 1808 1977 proprium,

500 2000 607 2039 sicut
652 2007 714 2038 est
758 2010 870 2036 mors
917 1996 1089 2035 cuilibet
1137 1996 1351 2048 salvando,
1387 2004 1426 2034 et
1459 1995 1642 2048 prescito
1677 1992 1808 2033 eciam
1828 2001 1866 2034 25

501 2078 562 2109 est
603 2070 653 2108 ad
690 2070 865 2119 bonum,
909 2080 1003 2105 cum
1040 2067 1240 2105 continue
1274 2066 1368 2118 plus
1404 2073 1527 2104 nocet
1561 2063 1733 2103 ecclesie
1772 2072 1812 2102 et

500 2138 681 2190 amplius
727 2138 979 2178 demeretur.
1030 2138 1073 2176 ln
1120 2136 1367 2189 oppositum
1402 2143 1498 2174 sunt
1545 2133 1811 2173 consuetudo

500 2218 539 2248 et
592 2209 702 2259 leges
757 2208 929 2247 ecclesie
975 2207 1026 2246 de
1070 2220 1167 2246 cura
1213 2205 1373 2257 agenda
1420 2217 1495 2257 pro
1541 2203 1718 2242 mortuis
1772 2211 1812 2242 et

500 2278 778 2317 ecclesiastica
803 2278 1035 2330 sepultura,
1061 2276 1172 2315 unde
1196 2275 1437 2315 oblaciones
1463 2273 1567 2313 Jude
1591 2272 1811 2312 Machabei

499 2348 643 2387 laudat
703 2348 888 2397 ecclesia,
943 2346 1274 2386 Machabeorum
1329 2344 1438 2395 ΧΙΙΟ,
1500 2353 1537 2382 et
1597 2342 1810 2394 sepultura
1828 2350 1869 2383 30

502 2428 770 2457 mortuorum
803 2426 1076 2469 computatur
1110 2416 1217 2455 inter
1250 2428 1377 2468 opera
1403 2413 1699 2463 misericordie,
1735 2425 1811 2464 pro

554 2587 581 2614 7.
605 2578 649 2604 A:
671 2577 833 2604 accerscit:
863 2577 926 2603 scil.
950 2576 1031 2602 Deus
1053 2580 1084 2602 ut
1104 2575 1196 2602 habet
1217 2574 1328 2601 decret.
1491 2580 1523 2599 11.
1545 2573 1579 2599 In
1600 2571 1760 2599 decretali:
1783 2576 1810 2598 et

502 2625 657 2652 volumus.
820 2621 857 2649 13.
887 2622 920 2649 In
951 2622 1032 2649 decr.
1064 2626 1243 2656 preceptum
1268 2625 1311 2647 est
1341 2623 1373 2646 ut
1402 2622 1592 2646 contestarer
1619 2618 1743 2645 assidue
1771 2622 1811 2644 ut.

503 2671 545 2699 16.
566 2672 597 2698 In
615 2671 744 2697 decret:
768 2669 944 2697 recedentes
967 2668 1130 2703 precedere
1151 2689 1156 2694 .
1181 2688 1186 2694 .
1210 2688 1215 2694 .
1378 2674 1418 2699 ¹9·
1446 2667 1472 2693 A
1494 2664 1515 2691 Β
1537 2665 1567 2692 in
1590 2672 1707 2699 marg.:
1734 2664 1812 2692 Nota

503 2722 608 2745 contra
636 2718 775 2751 lugentes
800 2719 954 2743 mortuos.
1062 2714 1107 2742 30.
1129 2714 1173 2741 A:
1196 2712 1261 2740 XlI.
1283 2713 1377 2740 deest.

561 2858 592 2888 4.
621 2848 702 2888 Cap.
730 2845 832 2876 XXV.
