2051 3273
252 253 342 281 CAP.
363 243 446 300 xv]
741 256 800 287 DE
827 254 1061 287 ECCLEsm.

94 372 128 404 Β
154 369 231 415 1751>
247 370 306 399 est
334 360 522 413 superius
545 360 631 400 XII.
657 371 767 413 cap.;
801 369 839 399 et
871 360 911 398 in
935 359 1155 412 proposito
1178 357 1308 398 inficit
1341 372 1382 397 se
1405 358 1554 410 ipsam.

247 431 493 482 Quomodo,
528 429 715 482 inquam,
760 442 888 482 regno
923 437 1070 467 nostro
1104 427 1257 467 inesset
1288 428 1555 480 prosperitas,

245 501 413 552 quando
446 513 469 538 a
500 512 594 550 rege
629 508 667 539 et
707 498 949 551 capitalibus
989 497 1075 536 eius
1108 506 1196 537 tam
1228 497 1394 550 prelatis
1428 511 1557 550 quam

244 568 425 607 dominis
458 567 749 607 defenderetur
781 576 894 607 tanta
926 567 1137 619 iniquitas
1171 566 1314 606 Error
1343 568 1453 606 enim
1488 567 1557 606 cui

211 649 326 680 §non
373 638 585 676 resistitur
630 637 922 689 approbatum·
976 637 1048 674 sed
1101 636 1227 675 altera
1270 635 1443 675 istarum
1496 645 1557 675 est

244 707 400 745 nedum
440 720 551 745 error
594 707 664 745 sed
703 706 855 745 heresis
898 719 974 757 pro
1019 718 1102 758 qua
1140 705 1317 757 dignum
1362 714 1467 744 esset
1512 714 1557 744 ut

244 789 312 815 rex
346 785 384 815 et
415 785 555 816 totum
587 790 713 815 suum
746 775 1034 814 sacerdocium
1058 775 1305 814 destruatur.
1340 775 1438 813 Ideo
1472 788 1556 813 non

243 846 420 885 dubium
453 860 521 885 rex
554 855 594 885 et
626 845 786 884 domini
820 844 1023 883 seculares
1057 845 1128 883 sed
1151 843 1383 896 specialiter
1411 844 1557 896 prelati

244 915 357 967 regni
392 915 571 954 facerent
602 914 644 953 in
678 914 757 953 isto
792 913 1010 966 diligenter
1043 913 1250 966 inquirere
1272 913 1489 952 veritatem
1519 922 1557 952 et

190 1006 228 1027 10
245 984 469 1024 excitarent
520 983 872 1036 defenderentque
922 982 1143 1035 theologos
1190 982 1270 1022 hoc
1321 991 1556 1034 tractantes,

246 1067 342 1093 cum
365 1053 421 1093 eis
450 1053 656 1093 incumbit
679 1066 834 1092 errores
858 1052 958 1091 tales
992 1051 1193 1091 discutere
1217 1061 1257 1090 et
1288 1053 1338 1091 de
1370 1052 1557 1104 periculo

242 1137 384 1175 regem
417 1132 456 1162 et
489 1122 604 1175 regni
637 1122 794 1161 incolas
828 1121 1080 1174 premunire.
1115 1121 1167 1160 Et
1198 1134 1339 1160 revera
1366 1135 1414 1160 ex
1447 1131 1556 1160 utra-

246 1206 325 1246 que
358 1201 473 1245 parte
512 1191 859 1231 contradiccionis
894 1191 1081 1244 sequitur
1118 1191 1272 1243 grande
1310 1190 1558 1243 periculum,

244 1276 293 1302 eo
333 1263 461 1315 quod,
508 1262 592 1301 sive
625 1262 676 1301 sit
708 1261 938 1300 hereticum
973 1261 1055 1300 sive
1101 1273 1186 1299 non
1220 1261 1271 1299 sit
1314 1260 1557 1311 hereticum,

190 1331 463 1383 15supposito
497 1330 604 1370 facto
638 1344 789 1383 magna
813 1344 905 1382 pars
938 1330 1054 1382 regni
1087 1330 1218 1369 nostri
1250 1344 1297 1369 ex
1319 1329 1557 1380 adhesione,

242 1414 289 1439 ex
322 1400 564 1440 defensione
596 1400 660 1438 vel
689 1399 917 1439 omissione
941 1398 1121 1438 inficitur
1143 1399 1321 1439 heretica
1343 1400 1556 1452 pravitate.

300 1470 474 1509 Intendo
490 1484 586 1522 ergo
602 1470 683 1509 isto
707 1471 838 1509 modo
862 1470 1104 1522 procedere:
1128 1469 1266 1522 primo
1289 1482 1451 1508 narrare
1476 1469 1556 1508 fac-

242 1549 332 1578 tum
354 1552 501 1591 regum
519 1539 667 1592 Anglie
690 1539 731 1577 in
754 1539 830 1578 hac
852 1548 981 1591 parte,
1005 1539 1190 1578 secundo
1205 1539 1374 1578 recitare
1390 1539 1556 1591 opinio—

242 1623 313 1647 nes
337 1609 558 1647 doctorum
590 1609 631 1647 in
661 1608 846 1660 materia,
877 1618 915 1647 et
945 1609 1071 1648 tercio
1095 1609 1258 1648 obicere
1288 1618 1433 1647 contra
1455 1609 1555 1650 illas,

161 1689 227 1721 01
301 1679 521 1726 Quantum
553 1678 603 1716 ad
637 1678 836 1730 primum,
882 1687 995 1730 patet
1036 1678 1189 1730 legenti
1224 1678 1410 1718 cronicas
1443 1678 1557 1732 regni

241 1748 372 1787 nostri
401 1748 623 1801 quomodo
647 1748 890 1787 Willelmus
924 1757 1180 1801 conquestor
1211 1748 1365 1787 multas
1399 1748 1555 1787 elemo-

240 1817 349 1856 sinas
377 1830 526 1869 regum
549 1817 765 1856 Saxonum
788 1818 837 1856 de
872 1817 1060 1868 abbatiis,
1097 1818 1146 1856 de
1178 1817 1486 1870 episcopatibus
1520 1826 1558 1857 et

240 1886 329 1926 aliis
364 1886 657 1926 dotacionibus
681 1887 758 1926 sub
782 1886 955 1926 nomine
993 1896 1194 1940 perpetue
1221 1886 1448 1926 elemosine
1482 1901 1557 1940 pro

240 1964 443 2008 perpetuo
468 1956 652 2007 variavit,
677 1970 789 1996 nunc
813 1956 1111 2007 subtrahendo,
1137 1970 1248 1996 nunc
1271 1956 1556 1996 transferendo

184 2035 224 2067 25
242 2035 281 2065 et
303 2039 415 2064 nunc
436 2025 530 2065 loco
555 2026 648 2065 cleri
671 2025 819 2078 prioris
835 2035 1052 2065 extraneos
1068 2026 1323 2066 inducendo.
1342 2026 1428 2065 Nec
1450 2026 1559 2065 valet

238 2094 393 2147 fingere
415 2095 611 2147 sompnia
641 2096 757 2148 quod
787 2096 851 2135 vel
874 2109 896 2134 a
918 2109 1028 2148 papa
1050 2095 1196 2135 habuit
1217 2095 1436 2135 licenciam
1462 2096 1558 2148 plus

239 2165 291 2202 ad
313 2164 390 2204 ista
421 2178 551 2217 quam
583 2165 634 2203 ad
668 2175 950 2218 conquestum
980 2165 1094 2219 regni
1125 2166 1175 2204 de
1197 2165 1283 2204 iure
1307 2164 1382 2204 sibi
1416 2165 1556 2205 debiti.

240 2233 293 2272 Et
325 2233 380 2272 sic
415 2234 464 2272 de
497 2234 695 2285 sompnio
730 2248 816 2287 quo
849 2233 1020 2287 fingitur
1052 2235 1193 2287 ipsum
1225 2243 1322 2287 post
1343 2234 1557 2274 restituere

241 2316 389 2342 omnes
422 2302 643 2342 ablatarios
676 2303 860 2355 clericos,
906 2304 1011 2343 sicut
1056 2317 1130 2343 nec
1175 2303 1354 2343 restituit
1386 2304 1557 2344 heredes

185 2383 227 2413 30
242 2372 457 2411 Saxonum
488 2372 753 2424 rebellantes3
788 2382 827 2413 et
858 2387 999 2413 revera
1030 2373 1253 2413 hereticare
1282 2374 1421 2426 ipsum
1453 2373 1556 2413 fina-

240 2441 344 2491 liter,
379 2454 475 2479 cum
509 2450 648 2481 totum
692 2441 755 2481 ius
800 2442 915 2494 regni
962 2442 1039 2482 fuit
1083 2443 1132 2482 ab
1176 2442 1270 2495 ipso
1315 2444 1366 2482 ad
1411 2458 1558 2483 omnes

241 2523 355 2562 reges
388 2510 549 2549 medios
572 2511 834 2551 successione
857 2512 1100 2551 hereditaria
1126 2525 1259 2566 usque
1292 2513 1417 2552 hodie
1452 2513 1556 2552 deri-

241 2587 398 2629 vatum,
424 2579 528 2619 foret
550 2579 674 2619 minis
698 2580 891 2620 infectiva
914 2582 1195 2634 presumpcio.
1231 2581 1426 2622 Infectiva
1449 2582 1557 2634 dico,

242 2648 340 2701 quia
372 2648 614 2689 hereticaret
646 2663 759 2703 reges
785 2651 943 2690 clerum
971 2660 1009 2690 et
1041 2651 1253 2703 populum
1274 2651 1439 2691 interim
1463 2666 1555 2691 suc-

296 2791 328 2810 11.
352 2783 470 2811 Codd.:
493 2784 522 2811 in
544 2792 675 2811 errores.
793 2793 830 2820 17.
864 2787 891 2813 A
913 2787 941 2813 in
964 2794 1078 2821 marga
1100 2786 1181 2813 Nota
1200 2787 1267 2813 tria.
1411 2794 1457 2813 20.
1478 2787 1507 2814 A
1526 2785 1555 2813 in

240 2838 357 2864 marga
390 2831 472 2858 Nota
502 2831 660 2866 quomodo
682 2832 849 2866 practisata
869 2837 915 2859 est
935 2833 1056 2859 ablaeio
1077 2832 1308 2867 temporalium.
1453 2832 1495 2859 32.
1517 2832 1555 2858 13:

240 2875 427 2903 successive.
572 2876 616 2911 34.
640 2877 678 2904 B:
700 2877 854 2905 internum
876 2878 1086 2906 succedentes.

1765 242 1837 281 331

1578 782 1660 811 Such
1674 792 1698 822 ‘a
1719 784 1839 811 serious

1580 824 1722 853 question
1743 821 1839 853 ought

1589 859 1619 880 to
1641 853 1677 880 be
1699 853 1818 880 settled.

1585 1475 1714 1510 History
1736 1478 1769 1504 os
1787 1479 1836 1505 me

1631 1513 1785 1546 question.

1618 1546 1756 1575 william
1777 1549 1798 1574 1.

1617 1583 1804 1615 mumanae-d

1591 1624 1683 1654 many
1704 1617 1834 1644 founda-

1582 1656 1663 1677 tious
1685 1659 1720 1678 or
1740 1658 1840 1679 traus-

1602 1686 1703 1713 sarred
1725 1688 1817 1714 them.

1579 2603 1788 2637 Suppressiou
1812 2604 1847 2630 οἵ

1584 2638 1633 2664 tlic-
1653 2638 1831 2673 Templars.
