2051 3273
231 218 320 246 CAP.
338 207 464 265 xxm]
750 220 810 251 DE
836 220 1068 252 ECCLESIA.
1747 214 1825 253 565

79 338 313 379 H205²que
360 325 499 364 adhuc
543 334 716 364 manent
761 325 800 362 in
851 324 1004 373 fructu,
1058 325 1131 364 sed
1185 326 1325 378 aliqua
1376 327 1538 378 merita,
1580 335 1813 398 regffdehdasthe

231 394 432 447 requisita
466 394 518 433 ad
554 394 859 433 beatitudinem
893 393 1247 446 patriarcharum,
1282 408 1366 434 non
1400 396 1658 444 subia-Saints
1701 407 1828 445 περτα-

231 473 325 504 cent
357 464 557 516 potestati
588 462 715 502 huius
751 462 945 515 Gregorii
980 464 1036 502 sic
1078 463 1330 503 distribuere
1370 465 1539 503 racione
1586 441 1792 502 miiigiittsliffl

232 533 383 585 premii
429 546 477 572 ex
522 532 578 571 eis
625 532 813 584 limitati3
861 545 958 584 ergo
1004 546 1079 571 nec
1118 532 1209 571 alia.
1256 535 1538 586 Assumptum

195 615 211 648 5
229 612 358 655 patet,
383 611 474 642 tum
499 602 597 655 quia
622 601 724 640 nihil
749 610 811 641 est
833 602 1025 641 ociosum
1050 603 1090 641 in
1115 603 1275 642 meritis
1301 604 1538 656 beatorum,

230 682 321 710 tum
356 671 452 724 quia
487 671 598 710 beati
632 670 790 710 habent
823 671 1026 722 gaudium
1062 680 1103 711 et
1135 672 1192 710 sic
1226 673 1440 723 premium
1474 686 1538 712 ac-

230 740 432 779 cidentale
473 741 523 779 de
557 753 814 793 quocunque
856 741 967 779 bono
1008 741 1123 794 quod
1163 741 1350 782 fecerint.
1397 743 1538 783 Minor

230 819 372 849 autem
417 810 473 849 sic
519 809 778 849 ostenditur:
826 809 870 848 In
903 811 1011 849 facta
1045 810 1351 850 distribucione
1397 813 1536 852 meriti

229 878 372 918 stricte
418 879 610 931 requisiti
655 879 706 917 ad
753 879 1059 919 beatitudinem
1106 881 1377 920 essencialem
1413 882 1536 920 dimi·
1567 889 1615 917 To
1642 891 1806 919 distribute

175 972 213 993 10
231 956 431 988 nueretur
476 948 527 987 de
572 948 640 987 illa
675 948 937 988 beatitudine
978 950 1371 1002 correspondenter‚
1406 964 1534 1004 quam
1578 925 1788 987 vvttiiikingssntso

228 1018 426 1057 iniuriam
462 1031 546 1056 non
580 1026 722 1070 potest
760 1031 869 1070 papa
904 1017 1054 1069 facere,
1089 1019 1197 1058 sicut
1230 1032 1305 1058 nec
1340 1019 1534 1059 Christus
1579 994 1797 1057 dlissaeisrlgisihe

226 1095 367 1139 potest
388 1087 582 1126 concives
604 1100 702 1126 suos
727 1087 784 1125 sic
804 1087 1104 1139 depauperare.
1132 1088 1215 1127 Sed
1238 1089 1391 1128 dicitur
1418 1091 1532 1142 quod

227 1156 426 1196 meritum
451 1156 688 1206 beatorum,
714 1169 809 1195 cum
841 1157 894 1195 sit
926 1157 1157 1209 spirituale,
1183 1171 1266 1197 non
1291 1172 1532 1198 excommu-

227 1226 441 1265 nicacione
488 1226 558 1265 tali
611 1226 819 1264 minuitur
867 1227 938 1264 sed
984 1227 1132 1279 pocius
1179 1227 1409 1279 perficitur.
1451 1229 1533 1268 Sed

173 1293 370 1352 15(rog0)
417 1295 467 1334 ad
502 1295 604 1348 quid
640 1295 876 1335 limitantur
909 1306 1007 1335 tunc
1042 1297 1191 1336 merita
1231 1306 1533 1350 supererogata

226 1366 336 1406 ultra
370 1378 614 1404 mensuram
648 1365 893 1404 debitorum
927 1379 1105 1405 suorum
1141 1368 1205 1406 vel
1237 1368 1531 1420 superhabun-

226 1435 419 1474 danciam
436 1434 699 1486 meritorum,
720 1448 815 1473 curn
834 1435 981 1475 merita
999 1437 1141 1475 stricte
1157 1436 1209 1475 ad
1226 1437 1531 1477 beatitudinem

225 1505 425 1558 requisita
472 1517 578 1557 eque
625 1503 869 1543 sufficerent
918 1505 968 1544 ad
1018 1505 1370 1545 distribucionem
1405 1506 1531 1546 huius

226 1574 476 1624 faciendam,
532 1581 603 1613 aut
655 1574 876 1626 quomodo
928 1583 988 1614 est
1036 1576 1319 1615 necessarium
1374 1590 1531 1628 ponere

130 1641 565 1689 205bnuncfftantam
611 1643 776 1695 copiam
822 1643 970 1683 talium
1018 1641 1298 1684 meritorum?
1352 1646 1531 1685 Videtur

223 1713 369 1752 multis
402 1712 598 1752 fidelibus
633 1712 749 1765 quod
784 1725 867 1751 non
894 1723 956 1752 est
979 1714 1109 1752 modo
1143 1727 1347 1753 numerus
1380 1715 1528 1754 talium
1570 1721 1675 1749 Merits
1695 1723 1799 1750 would

222 1783 490 1832 meritorum,
533 1782 597 1821 vel
637 1782 757 1820 aliter
795 1782 937 1820 omnia
981 1783 1048 1822 illa
1088 1792 1128 1821 et
1167 1784 1293 1835 longe
1334 1785 1454 1836 plura
1496 1786 1528 1824 si
1568 1756 1799 1820 nqhgugraiffitto

222 1852 372 1891 fierent
417 1865 500 1890 non
548 1850 793 1890 sufficerent
838 1852 890 1890 ad
933 1852 1118 1905 aliquem
1165 1854 1345 1904 gradum
1400 1826 1668 1894 beati-mgbsdeisf
1688 1829 1818 1897 grliitcgf'r

222 1921 381 1962 tudinis
427 1921 721 1973 promerentis,
768 1921 846 1959 nisi
896 1921 1010 1973 quod
1064 1921 1177 1960 Deus
1223 1935 1271 1961 ex
1320 1923 1528 1963 infinitate

165 2002 204 2035 25
222 1991 359 2044 gracie
392 2004 466 2029 sue
500 1998 691 2043 acceptat
724 1990 872 2029 merita
906 1991 972 2030 illa
1007 1990 1058 2030 de
1092 2004 1295 2043 congruo.

135 2073 154 2105 1
180 2073 205 2106 3
279 2061 399 2113 Item,
440 2061 555 2099 iuxta
592 2059 715 2099 istam
755 2061 1013 2100 sentenciam
1059 2061 1252 2114 sequitur
1289 2063 1403 2115 quod
1451 2077 1525 2115 po·
1582 2072 1648 2099 The
1670 2081 1775 2107 power

1549 2108 1681 2135 claimed
1702 2111 1807 2136 makes

223 2140 351 2171 testas
401 2130 618 2169 iudiciaria
654 2130 945 2183 cuiuscunque
994 2144 1102 2183 pape
1151 2145 1193 2170 se
1242 2133 1430 2171 extendit
1474 2133 1815 2205 adthgfizcffesoffigge

220 2214 368 2239 ornnes
403 2200 563 2239 animas
598 2200 639 2238 in
663 2200 913 2252 purgatorio
938 2209 978 2239 et
997 2213 1144 2239 omnes
1170 2201 1315 2241 beatos
1340 2203 1378 2240 in
1415 2203 1524 2253 celo;
1547 2220 1621 2240 even
1642 2213 1673 2239 in
1694 2221 1804 2248 purga-

221 2284 483 2324 consequens
515 2270 790 2323 impossibile,
824 2279 865 2310 et
888 2271 1194 2323 consequencia
1218 2271 1275 2310 sic
1298 2273 1524 2325 probatur:
1601 2249 1747 2316 tffggvsstiq

162 2350 203 2382 30
219 2355 327 2393 papa
351 2340 481 2380 eciam
515 2340 722 2393 prescitus
754 2340 881 2379 habet
905 2348 1160 2393 potestatem
1194 2341 1245 2379 ad
1278 2341 1525 2393 impercien-

221 2411 322 2449 dum
367 2410 514 2450 merita
561 2411 771 2449 bonorum
818 2409 1056 2463 cuicunque
1101 2418 1141 2449 et
1180 2410 1523 2464 quandocunque

219 2480 414 2532 voluerit,
450 2488 496 2518 ut
529 2478 630 2519 dicit
661 2479 844 2531 posici0;
891 2479 962 2518 sed
1000 2479 1126 2532 longe
1164 2480 1303 2519 minor
1335 2489 1523 2534 potestas

217 2547 376 2588 sufficit
416 2548 467 2587 ad
501 2548 768 2587 fundandum
808 2549 1071 2588 iudiciariam
1113 2558 1382 2601 potestatem,
1422 2564 1522 2603 ergo

216 2631 325 2670 papa
355 2619 483 2658 habet
506 2618 768 2658 iudiciariam
793 2627 1048 2671 potestatem
1073 2632 1199 2670 super
1223 2620 1366 2658 beatos
1390 2619 1520 2658 eciam

159 2696 200 2729 35
217 2700 341 2740 super
388 2687 622 2728 Christum.
677 2688 824 2727 Potest
868 2688 977 2727 enirn
1033 2687 1167 2727 facere
1212 2689 1327 2740 quod
1373 2689 1519 2727 beatus

267 2838 292 2860 2.
314 2833 354 2859 B:
375 2834 521 2867 requisita
543 2850 572 2854 —-
593 2835 735 2868 potestati
756 2835 852 2862 deest.
