2051 3273
254 184 331 239 576
983 189 1207 223 JOHANNIS
1231 191 1427 223 WYCLIF.
1615 179 1720 237 [CAP.
1742 190 1850 219 xxm.

263 307 330 334 The
351 306 510 347 ppwer-of
596 294 690 332 Non
724 306 824 345 ergo
847 294 1055 346 sequitur:
1083 295 1267 334 Ecclesia
1290 309 1373 334 non
1398 296 1582 335 decrevit
1606 297 1677 336 tali
1700 306 1847 337 curato
1867 309 1998 343 206⁰?

247 343 752 417 ‡?j{}¹¹}ss¹g¹‡,0}„,¹¹211licenciam
787 363 1049 415 indulgendi,
1083 377 1183 416 ergo
1208 377 1291 403 non
1325 365 1452 404 habet
1483 365 1715 419 licenciam,
1750 367 1847 420 quia

260 412 505 446 ofmdulgence.
535 442 635 471 tunc
670 445 892 485 nunquam
925 433 1151 484 incepisset
1185 434 1359 473 ecclesia
1392 434 1547 473 habere
1571 435 1698 474 talem
1720 435 1847 475 licen-

536 502 664 554 ciam;
705 502 898 541 similiter
941 503 1122 555 quilibet
1154 503 1314 542 habens
1353 504 1571 543 licenciam
1604 504 1847 544 absolvendi

534 571 661 610 habet
692 572 912 611 licenciam
947 573 1239 612 commutandi
1271 587 1422 625 penam
1458 574 1737 627 temporalem
1769 587 1883 627 pro5

535 653 641 693 pena
665 649 870 694 perpetua
904 655 1031 694 quarn
1068 641 1273 682 confitens
1298 643 1417 682 aliter
1448 651 1739 696 supportaret,
1775 644 1844 683 sed

535 724 631 749 cum
666 711 745 750 hoc
777 711 830 751 sit
853 712 1088 764 indulgere,
1112 712 1281 751 videtur
1304 713 1420 765 quod
1445 713 1627 766 quilibet
1649 713 1846 753 sacerdos

535 780 663 818 habet
687 779 899 819 infinitam
922 781 1164 832 potenciam
1189 781 1452 833 indulgendi.
1478 783 1573 821 Non
1600 781 1713 821 enim
1732 781 1846 820 vide-

534 857 603 889 tur
649 850 761 889 racio
806 850 907 902 quin
955 849 995 888 in
1038 849 1130 889 foro
1176 850 1414 903 penitencie
1447 851 1699 891 abscondito
1739 850 1847 890 fiunt

534 921 816 972 indulgencie,
862 920 972 959 sicut
1020 917 1129 973 fiunt
1177 928 1293 959 extra
1341 920 1381 959 in
1429 920 1521 960 foro
1561 921 1723 960 arbitrii
1773 934 1906 974 per10

535 990 668 1029 bullas
702 989 870 1042 publice
902 989 1175 1042 proclamatei
1201 990 1288 1029 Nec
1312 998 1373 1029 est
1397 991 1509 1029 racio
1543 991 1645 1044 quin
1679 999 1845 1030 tanturn

532 1061 712 1111 valeant,
736 1072 831 1099 cum
854 1058 963 1098 fiunt
994 1059 1210 1113 utrimque
1235 1059 1449 1111 devocius,
1474 1060 1676 1100 humilius
1700 1069 1740 1099 et
1761 1060 1843 1112 legi

535 1129 694 1169 Christi
729 1128 1012 1180 conformius3
1060 1129 1283 1168 absolvens
1329 1143 1430 1182 ergo
1475 1139 1615 1182 preest
1660 1130 1846 1180 ecclesie,

534 1209 574 1238 et
606 1199 657 1238 ad
690 1199 915 1238 utilitatem
948 1198 1120 1237 ecclesie
1143 1198 1325 1238 intendit
1348 1198 1573 1239 efficaciter
1596 1199 1712 1252 quod
1737 1207 1847 1238 certa

534 1282 714 1322 persona
745 1268 899 1307 habeat
932 1268 1224 1308 remissionem
1250 1269 1423 1320 grandis
1461 1268 1591 1308 debiti
1617 1281 1694 1321 pro
1717 1282 1846 1322 parva
1869 1279 1903 1312 15

533 1338 836 1378 satisfaccione.
879 1338 947 1377 Sic
980 1339 1091 1377 enim
1131 1347 1271 1390 potest
1316 1339 1534 1390 diaconus,
1581 1338 1645 1377 vel
1684 1338 1846 1390 legatus

532 1409 766 1448 secundum
801 1416 1057 1461 potestatem
1103 1407 1411 1448 iurisdiccionis
1453 1421 1536 1461 que
1577 1417 1639 1448 est
1672 1407 1847 1448 inferior

536 1486 749 1531 potestate
783 1478 945 1516 ordinis
979 1477 1160 1517 subditis
1194 1477 1428 1530 indulgere.

244 1557 313 1598 The
337 1559 417 1599 ¹1aity
450 1567 520 1595 may
594 1549 648 1588 Et
680 1562 728 1588 ex
761 1548 849 1587 istis
883 1548 1015 1587 tercio
1048 1547 1216 1586 videtur
1249 1547 1365 1599 quod
1399 1547 1578 1600 quilibet
1611 1547 1661 1586 de
1686 1547 1897 1600 populoQ

245 1595 521 1665 gigetiitidffliiiggfe
536 1627 676 1672 potest
708 1618 928 1670 indulgere
961 1630 1040 1657 suo
1078 1617 1257 1669 prelato,
1298 1617 1397 1670 quia
1437 1616 1578 1656 debita
1611 1617 1844 1669 largissima
1865 1637 1906 1659 20

536 1689 613 1728 sibi
647 1688 874 1739 dimittere,
910 1697 950 1726 et
985 1687 1064 1725 hoc
1097 1696 1158 1726 est
1182 1687 1418 1726 secundum
1442 1686 1618 1726 modurn
1643 1685 1845 1739 loquendi

536 1761 741 1811 scripture
765 1758 998 1809 indulgere.
1026 1758 1131 1796 Nam
1158 1757 1266 1796 sicut
1289 1757 1508 1809 apostolus
1541 1756 1640 1795 dicit
1665 1756 1790 1796 Rom.
1817 1756 1844 1810 I,

542 1841 604 1880 14,
645 1828 760 1882 quod
800 1826 948 1866 Grecis
980 1826 1048 1866 vel
1079 1826 1243 1866 Latinis
1275 1832 1337 1866 est
1367 1825 1541 1877 debitor,
1580 1825 1638 1864 ita
1678 1825 1847 1865 videtur

535 1899 650 1951 quod
696 1897 896 1936 dominus
944 1909 1053 1949 papa
1086 1896 1138 1935 sit
1178 1896 1345 1935 debitor
1389 1895 1440 1934 ad
1485 1894 1756 1934 serviendum
1806 1904 1847 1935 et

538 1968 816 2022 spiritualiter
851 1965 1162 2019 proficiendum
1195 1965 1368 2004 cuilibet
1392 1964 1636 2017 christiano,
1670 1973 1710 2004 et
1742 1964 1844 2005 illud
1862 1974 1901 2006 25

537 2039 727 2078 debiturn
762 2037 932 2076 videtur
965 2049 1014 2075 eo
1048 2035 1183 2074 maius
1217 2035 1331 2089 quod
1366 2035 1479 2074 Deus
1511 2035 1561 2073 ad
1586 2034 1666 2073 hoc
1688 2034 1848 2087 obligat

536 2109 613 2148 sub
658 2121 766 2160 pena
805 2106 1070 2158 gravissima,
1121 2113 1161 2144 et
1208 2105 1311 2144 illud
1359 2104 1475 2157 quod
1522 2104 1700 2143 debetur
1739 2103 1847 2143 foret

535 2178 767 2231 preciosius
801 2177 945 2216 debito
980 2175 1202 2228 corporali.
1269 2174 1309 2214 Si
1343 2175 1473 2226 igitur
1512 2174 1577 2213 ille
1621 2182 1760 2227 potest
1803 2175 1845 2213 in

536 2248 680 2286 debito
713 2247 793 2286 isto
823 2245 1015 2296 deficere,
1040 2253 1079 2283 et
1104 2243 1301 2284 Christus
1326 2244 1450 2283 docet
1473 2244 1651 2283 Matthei
1674 2243 1744 2294 VI,
1776 2254 1844 2284 12:

537 2317 711 2356 Dimitte
749 2316 865 2355 nobis
902 2315 1040 2354 debita
1073 2321 1234 2363 nostra,
1265 2314 1375 2353 sicut
1405 2319 1444 2353 et
1483 2326 1557 2353 nos
1597 2312 1845 2352 dimittimus
1861 2320 1903 2352 30

534 2386 793 2428 debitoribus
817 2385 986 2433 nostris,
1011 2384 1180 2423 videtur
1204 2384 1318 2437 quod
1336 2383 1495 2422 subditi
1518 2391 1698 2435 possunt
1713 2383 1841 2421 eciam

536 2471 644 2510 pape
669 2456 884 2509 copiosius
914 2455 1147 2506 indulgere.
1181 2454 1339 2493 Ymmo
1363 2453 1532 2492 videtur
1556 2453 1671 2506 quod
1697 2452 1843 2504 prelati

537 2527 718 2566 maxime
757 2526 948 2577 indigent
986 2523 1266 2576 indulgenciis
1299 2524 1533 2576 laycorum,
1579 2535 1653 2561 nec
1687 2531 1748 2561 est
1781 2521 1842 2560 in-

537 2596 758 2648 dulgencia
782 2604 948 2634 tantum
972 2602 1298 2644 sacramentum,
1321 2593 1421 2645 quin
1445 2592 1558 2631 laicis
1582 2592 1714 2643 possit
1730 2604 1844 2630 corn·

588 2775 612 2803 3.
635 2777 673 2803 13:
696 2776 869 2804 ecclesiam.
1023 2785 1062 2813 ¹7-
1083 2776 1122 2804 B:
1144 2775 1372 2804 iurediccionis.
1526 2781 1569 2801 22.
1590 2772 1637 2801 Ad
1658 2772 1748 2800 Rom.
1768 2772 1790 2809 1,
1811 2780 1844 2806 14

537 2823 645 2850 Grecis
665 2831 700 2850 ac
722 2823 875 2851 barbaris.
1002 2823 1047 2857 34.
1068 2827 1167 2851 totum
1189 2826 1428 2850 sacramentum.
