2051 3273
213 202 302 230 CAP.
326 189 421 248 xm]
727 207 786 238 DE
814 206 1045 238 ECCLESIA.
1739 200 1815 251 293

69 309 319 362 N17o⁸quid
361 310 639 349 manducabit
681 311 745 349 vel
783 310 904 360 bibet,
952 316 1027 349 aut
1056 311 1269 362 quomodo
1302 312 1524 361 induatur,
1542 318 1817 391 {fyhedtersseenfficugg

217 378 323 418 sicut
354 378 517 418 solliciti
549 388 647 419 sunt
688 379 872 418 viventes
904 379 1123 431 gentiliter,
1163 380 1274 433 quia,
1307 390 1352 420 ut
1393 392 1528 434 argult
1559 390 1798 453 otgig'prrioinisffo

1688 435 1700 452 S
1728 435 1755 452 W

216 461 289 500 per
319 448 463 487 locum
495 463 517 487 a
549 448 717 491 maiori:
749 448 791 488 Si
824 449 936 487 Deus
962 449 1166 499 providet
1190 456 1365 501 pastum
1405 452 1525 490 volu·
1575 461 1781 506 cpmmanded

217 517 361 556 eribus
393 518 475 557 celi
504 525 542 557 et
575 524 867 571 tegumentum
902 518 1005 557 liliis
1038 520 1155 572 agri,
1201 528 1361 572 quanto
1394 520 1525 573 magis
1540 496 1815 577 cffrbetJ[}?}01{>tl}³Cie

184 596 200 628 5
217 587 457 627 domesticis
488 584 608 626 fidei?
640 587 681 627 Si
706 587 818 626 enin]
839 596 1029 640 tempore
1050 588 1150 641 legis
1173 588 1321 628 veteris
1354 590 1525 642 quando
1621 565 1735 598 mmgi'

215 656 356 696 minus
388 657 638 696 suadebatur
670 656 912 708 elemosina,
944 656 1165 697 Psalmista
1204 658 1325 710 dicat,
1357 659 1525 698 Psalmo

214 726 423 777 XXXVIo,
458 727 530 765 26:
573 725 730 766 Junior
748 726 841 780 fui,
876 726 1028 766 etenim
1061 728 1185 766 senui
1228 734 1267 767 et
1310 741 1393 767 non
1442 728 1528 768 vidi

214 797 370 834 iustum
416 795 666 835 derelictum
713 809 791 835 nec
833 808 976 835 semen
1009 797 1100 836 eius
1137 809 1320 849 querens
1343 809 1525 849 panem,

214 873 373 917 quanto
426 865 520 917 plus
571 861 724 903 hodie?
791 865 934 904 Tollat
985 879 1083 918 ergo
1136 866 1268 905 clerus
1320 866 1526 906 offensam

160 952 198 974 10
214 933 376 972 domini
409 947 495 973 non
527 934 776 973 declinando
809 948 832 973 a
863 935 952 987 lege
985 949 1072 985 sua,
1106 935 1213 975 sicut
1244 936 1527 976 communiter

212 1002 389 1042 facimus
432 1002 663 1043 affectando
707 1003 942 1044 inordinate
998 1005 1261 1057 voluptatem
1305 1014 1344 1045 et
1387 1005 1522 1045 curio-

213 1071 390 1124 sitatem,
436 1082 474 1112 et
517 1086 604 1112 non
637 1082 697 1113 est
729 1073 1024 1126 compossibile
1072 1076 1188 1127 quod
1227 1063 1279 1114 ad
1311 1075 1523 1115 deteriori-

212 1142 405 1182 acionem
451 1142 587 1182 desint
632 1142 753 1181 nobis
798 1143 1027 1182 necessaria
1076 1143 1159 1183 vite
1211 1152 1365 1196 nostre,
1427 1144 1526 1198 quia

213 1211 389 1252 Matthei
421 1213 511 1263 VIO,
555 1212 618 1263 33,
652 1212 750 1251 dicit
780 1212 946 1252 veritas:
986 1213 1161 1261 Querite
1192 1226 1297 1267 ergo
1327 1215 1522 1266 primum

162 1290 197 1322 15
214 1295 396 1335 regnum
421 1282 504 1321 Dei
529 1288 567 1320 et
595 1282 804 1321 iusticiam
828 1284 931 1329 eius,
956 1288 995 1321 et
1015 1282 1090 1322 lzec
1117 1284 1261 1322 omnia
1283 1284 1524 1324 adicientur

216 1351 343 1391 vobis.
375 1351 648 1404 privilegium
679 1360 821 1390 autem
845 1351 1001 1391 Christi
1033 1366 1282 1393 concessum
1305 1354 1417 1393 Luce
1451 1355 1522 1406 XO,

213 1421 296 1460 suis
336 1421 550 1474 discipulis
589 1430 650 1461 est
687 1422 870 1462 securius
903 1435 1033 1475 quam
1065 1431 1174 1462 carta
1205 1423 1270 1462 vel
1308 1424 1522 1463 concessio

215 1492 440 1542 mundana,
464 1505 561 1531 cum
584 1492 783 1530 dominus
805 1492 953 1531 mundi
978 1492 1049 1546 qui
1071 1492 1238 1532 mentiri
1260 1506 1347 1532 non
1369 1494 1523 1546 poterit

120 1561 268 1609 170¹³sic
312 1560 504 1613 precipit:
567 1561 617 1600 In
665 1574 963 1614 quamcunque
1007 1561 1179 1601 domum
1212 1561 1524 1603 intraveritis*

157 1646 197 1668 20
212 1630 268 1670 ibi
314 1637 480 1670 manete
520 1631 689 1670 edentes
721 1638 758 1671 et
797 1631 979 1671 hibentes
1011 1645 1090 1684 que
1122 1632 1240 1684 apud
1274 1633 1369 1672 illos
1406 1640 1519 1674 sunt.

212 1700 292 1739 Sed
324 1701 525 1740 debemus
569 1714 712 1740 cavere
751 1701 925 1741 sollicite
964 1715 1015 1740 ne
1053 1701 1295 1741 amittamus
1326 1702 1406 1742 hoc
1438 1703 1520 1755 pri-

211 1769 410 1822 vilegium
445 1783 517 1822 per
548 1770 741 1822 abusum,
766 1771 881 1823 quod
904 1770 949 1809 fit
972 1772 1141 1823 quando
1166 1780 1309 1811 contra
1333 1773 1522 1825 regulam

212 1849 251 1878 et
294 1839 424 1878 vitam
470 1839 650 1892 apostoli
697 1854 841 1879 sumus
884 1840 1119 1892 hospitibus
1165 1842 1345 1880 onerosi.
1399 1844 1518 1891 Quo-

212 1909 342 1948 modo
376 1923 474 1960 ergo
508 1918 588 1948 stat
621 1923 717 1949 cum
749 1908 830 1948 fide
862 1919 901 1948 et
933 1909 1132 1963 religione
1161 1910 1382 1951 christiana
1405 1913 1520 1965 quod

156 1982 195 2013 23>
212 1979 342 2018 clerus
386 1978 676 2019 confederatus
721 1988 759 2018 et
803 1979 1010 2031 obligatus
1054 1980 1217 2019 mundo
1268 1994 1340 2033 per
1390 1990 1519 2021 cartas

211 2048 304 2100 plus
337 2047 510 2088 confidit
540 2048 582 2087 in
616 2049 837 2088 dotacione
871 2062 1032 2088 cesarea
1066 2063 1194 2102 quam
1226 2050 1377 2101 divina,
1423 2064 1520 2090 cum

211 2118 322 2156 Luce
353 2117 482 2169 XX10‚
530 2117 594 2170 34,
628 2118 827 2171 precipiat
864 2127 909 2158 ut
956 2132 1176 2158 caveamus
1208 2131 1234 2158 a
1267 2121 1449 2172 crapula
1482 2127 1520 2161 et

210 2187 329 2226 curis
372 2188 516 2226 seculi.
566 2188 618 2226 Et
662 2196 775 2240 patet
823 2202 869 2227 ex
912 2187 992 2227 fide
1045 2188 1244 2241 scripture
1296 2189 1517 2242 quomodo

211 2256 476 2296 observantes
521 2257 711 2296 ordinem
763 2257 882 2296 illum
926 2267 1219 2310 preposterum
1268 2267 1365 2298 sunt
1408 2258 1515 2298 inse-

154 2328 195 2360 30
210 2325 414 2365 curissimi
458 2326 599 2378 quoad
640 2326 835 2365 homines
875 2335 913 2366 et
950 2328 1092 2379 quoad
1124 2327 1274 2368 Deum.
1339 2327 1518 2380 Oportet

209 2394 322 2434 enim
364 2394 502 2447 primo
547 2395 663 2447 quod
707 2395 933 2448 originetur
978 2396 1020 2434 in
1065 2396 1154 2435 Deo
1199 2396 1395 2436 securitas
1435 2410 1516 2449 que

208 2477 294 2502 uon
338 2473 476 2517 potest
520 2463 684 2503 fundari
717 2463 794 2502 nisi
827 2464 869 2503 in
902 2465 1170 2505 observancia
1202 2465 1304 2517 legis
1338 2479 1422 2507 sue.
1463 2467 1516 2505 Et

259 2619 287 2646 9.
317 2612 345 2639 A
365 2611 394 2639 in
419 2619 533 2646 marga
556 2611 736 2639 Conclusio.
880 2611 922 2639 16.
952 2612 980 2639 A
1006 2613 1035 2638 in
1063 2619 1175 2646 marg:
1205 2611 1286 2639 Nota
1313 2612 1473 2647 privilegia
1498 2621 1515 2639 a

207 2657 333 2685 Christo
363 2665 525 2684 concessa.
666 2665 708 2692 27.
741 2658 769 2684 A
800 2658 829 2685 i11
858 2665 970 2692 marga
1004 2657 1182 2685 Conclusio.
1324 2666 1370 2693 29.
1402 2660 1431 2686 A
1456 2661 1513 2694 Al:

207 2708 364 2731 servantes
386 2703 537 2731 ordinem.

267 2809 296 2840 3.
321 2809 439 2840 Matth.
469 2810 523 2849 Ἣ,
552 2808 698 2841 26—28.
848 2820 895 2852 ις).
923 2810 1006 2841 Luc.
1034 2810 1090 2850 IX,
1116 2822 1148 2851 4.
