2051 3273
228 228 317 256 CAP.
338 216 448 273 xxu]
716 230 774 261 DE
801 229 1034 261 Ecetsssm.
1749 218 1827 270 539

78 335 283 379 0202³Et
316 336 528 389 sequitur:
582 334 761 387 Corpori
803 340 945 372 autem
989 333 1209 372 humando
1247 332 1449 386 quidquid
1480 333 1541 371 in-

221 405 441 458 penditur,
490 418 570 444 non
611 411 672 444 est
695 403 932 456 presidium
971 403 1123 442 salutis
1160 402 1235 442 sed
1266 402 1543 442 humanitatis

228 474 429 528 officium.
465 474 545 513 Sed
581 483 620 513 et
656 474 766 512 idem
802 473 968 511 videtur
1000 487 1075 525 per
1115 486 1156 511 se
1192 473 1408 512 notorium
1444 486 1539 511 con-

229 544 454 583 siderando
478 544 698 597 quomodo
722 543 963 595 proveniret
988 541 1202 594 profectus
1228 543 1395 594 corpori
1430 556 1538 581 mor-

196 622 211 653 5
232 624 306 653 tuo
341 615 405 653 vel
438 613 606 667 spiritui
641 621 849 665 separato

180 691 214 724 P
291 683 343 722 Et
387 696 435 721 ex
483 683 563 722 isto
609 682 802 735 sequitur
847 682 1043 720 vivorum
1077 681 1262 720 stulticia
1295 681 1368 734 qui
1408 682 1737 734 magisHencethe
1757 690 1832 726 folly

230 753 374 792 dolent
413 765 490 804 pro
530 760 666 791 morte
707 751 916 803 corporali
959 764 1086 803 quam
1123 764 1200 803 pro
1234 760 1369 790 morte
1403 751 1541 789 anime
1574 729 1820 791 ἓζπὲὴῗηὸἓτὲιέἓπ

230 836 303 875 per
348 831 584 875 peccatum,
632 821 764 874 magis
810 821 1078 860 solicitantur
1123 834 1200 873 pro
1246 821 1543 873 solempnitate
1587 799 1803 861 §ciiiffuntrstitees

231 892 499 945 exequiarum
539 891 722 945 proximi
764 891 827 930 vel
868 891 991 930 amici
1025 903 1153 943 quam
1187 904 1264 943 pro
1298 891 1544 930 assiduitate
1629 876 1766 905 prayers.

175 980 213 1002 10
232 963 611 1001 conversacionum
636 960 951 1000 meritoriarum
966 974 1041 1012 per
1057 974 1161 1012 quas
1186 960 1323 999 solum
1349 961 1544 1012 suffragia

229 1032 375 1071 insunt
420 1032 511 1071 sibi.
561 1032 684 1072 Unde
730 1031 946 1069 decretum
1006 1030 1116 1069 beati
1171 1029 1365 1082 Gregorii
1411 1030 1542 1083 ΧΙΙΙΠ,

230 1115 269 1155 q.
315 1101 381 1152 11³,
416 1102 563 1140 Anime
594 1100 911 1155 defunctorum.
950 1099 1147 1149 Curaezb,
1182 1099 1331 1152 inquit,
1351 1099 1546 1152 funeris,

231 1171 425 1211 condicio
471 1171 705 1224 sepulture,
744 1181 907 1222 pompa
953 1170 1235 1223 exequiarum
1278 1169 1418 1222 magis
1449 1179 1549 1208 sunt

231 1242 424 1280 vivorum
470 1240 633 1280 solacia
681 1254 808 1294 quam
843 1239 1034 1280 subsidia
1068 1245 1351 1279 mortuorum.
1388 1239 1433 1278 Si
1469 1240 1547 1278 ali-

178 1315 214 1349 15
231 1311 334 1363 quid
370 1310 552 1362 prodest
595 1312 723 1362 impio
767 1311 996 1362 sepultura
1034 1310 1253 1362 preciosa,
1301 1309 1435 1348 oberit
1473 1310 1547 1362 pio

134 1380 471 1421 202bvilis>⁸aut
515 1380 651 1419 nulla.
700 1380 993 1421 Crisostomus
1044 1393 1173 1432 super
1219 1378 1440 1431 epistolam
1495 1379 1545 1417 ad

232 1451 438 1500 Hebreos,
481 1459 526 1490 ut
565 1450 620 1488 ibi
662 1451 907 1503 exponitur:
965 1448 1213 1502 Ubicunque
1264 1449 1546 1501 sepeliamur,

230 1520 390 1559 domini
431 1528 492 1560 est
536 1526 655 1558 terra
695 1527 734 1559 et
762 1519 990 1572 plenitudo
1023 1521 1136 1569 eius,·
1166 1519 1399 1559 secundum
1435 1518 1548 1571 quod

231 1597 395 1642 oportet
429 1590 536 1643 fieri
568 1590 794 1644 efficiatur.
841 1590 1009 1643 Lugere
1047 1596 1205 1639 autem,
1244 1588 1472 1641 deplorare
1510 1594 1549 1628 et

173 1674 215 1696 20
233 1660 462 1699 lamentari
479 1660 636 1713 eosqui
658 1659 708 1699 de
728 1660 808 1699 hac
828 1660 912 1699 vita
939 1659 1147 1699 decedunt
1179 1672 1232 1698 ex
1257 1658 1547 1711 pusillanimi-

230 1736 315 1769 tate
357 1730 578 1782 contingit.
622 1728 721 1768 Hoc
763 1735 903 1768 autem
949 1742 1002 1768 ex
1044 1729 1350 1781 desperacione
1388 1728 1547 1782 future

231 1800 570 1838 resurreccionis
608 1799 876 1853 intelligitur.
917 1798 1035 1838 Unde
1068 1797 1300 1851 Apostolus
1334 1811 1415 1837 non
1447 1799 1547 1837 sim-

225 1869 399 1921 pliciter
437 1869 518 1907 ait:
555 1869 768 1908 Nolumus
800 1882 872 1908 vos
904 1869 1112 1921 ignorare
1145 1868 1196 1907 de
1227 1867 1546 1915 dormientibus,

233 1945 278 1977 ut
321 1951 403 1977 non
449 1939 773 1986 contristemini,
819 1938 893 1977 sed
926 1937 1064 1977 addit:
1097 1939 1217 1977 Sicut
1247 1945 1285 1977 et
1318 1939 1445 1977 ceteri
1476 1938 1549 1990 qui

176 2011 215 2043 25
233 2020 351 2059 spem
387 2020 467 2047 non
492 2008 658 2048 liabent.
682 2008 735 2047 Et
760 2008 908 2046 eadem
939 2008 1154 2047 sentencia
1177 2016 1292 2060 patet
1315 2008 1355 2046 in
1380 2007 1547 2045 duobus

234 2077 428 2129 capitulis
473 2078 763 2130 sequentibus,
817 2077 936 2129 Item,
978 2077 1146 2117 videtur
1190 2077 1306 2129 quod
1355 2090 1550 2116 murmur

234 2147 315 2186 tale
368 2147 420 2186 sit
474 2156 621 2186 contra
668 2147 892 2186 dominum
947 2160 1074 2200 quem
1128 2147 1332 2186 debemus
1381 2147 1547 2185 credere

233 2229 404 2255 omnem
447 2216 663 2255 hominem
699 2217 803 2256 velle
836 2217 960 2268 mori,
996 2217 1069 2256 sed
1104 2217 1312 2256 voluntati
1347 2217 1422 2256 Dei
1464 2230 1549 2255 non

234 2295 294 2325 est
326 2286 488 2325 licitum
525 2286 663 2325 taliter
696 2287 967 2326 contrariare.
995 2286 1038 2326 Si
1072 2287 1184 2326 enIm
1219 2286 1304 2326 scio
1338 2286 1452 2338 quod
1489 2295 1549 2325 est

177 2357 218 2390 30
236 2356 285 2394 de
310 2356 385 2394 Dei
420 2356 685 2409 beneplacito
720 2365 760 2395 et
793 2357 849 2396 sic
882 2357 1058 2407 iustum,
1091 2356 1246 2395 faciens
1279 2356 1329 2394 ad
1354 2356 1546 2394 ordinem

286 2487 310 2507 2.
332 2480 359 2506 A
375 2480 431 2515 Al:
452 2480 651 2508 humanitatis
667 2481 840 2516 -corpori
856 2481 951 2508 deest.
1062 2482 1089 2509 6.
1107 2481 1180 2508 Ain
1197 2479 1548 2515 marg.:Cor1·elarium.

231 2535 268 2554 11.
289 2527 408 2554 Codd.:
429 2526 517 2554 Xlla.
645 2528 683 2556 13.
707 2528 754 2555 A:
781 2535 905 2563 pompe.
1017 2536 1058 2563 ¹9·
1082 2528 1118 2554 B:
1147 2526 1324 2554 efficaciter.
1438 2534 1485 2561 29.
1508 2527 1548 2554 B:

235 2574 399 2600 contraire.

295 2690 344 2711 11.
362 2680 460 2711 Decr.
476 2690 542 2711 seo.
559 2691 649 2722 pam,
670 2690 773 2712 causa
786 2681 871 2720 XIII,
888 2692 920 2723 q.
937 2681 977 2720 II,
993 2691 1066 2722 cap.
1082 2681 1183 2712 XXII.
1284 2691 1294 2711 1
1307 2678 1428 2712 2-16,
1443 2680 1549 2712 Cura-

234 2738 287 2769 cio
308 2757 348 2761 —
369 2738 464 2770 nulla
490 2738 517 2769 is
544 2748 562 2769 a
588 2738 771 2780 quotation
798 2738 886 2770 from
907 2739 1100 2780 Augustine
1131 2738 1184 2769 De
1204 2738 1294 2770 Cura
1324 2738 1456 2778 agenda
1485 2748 1547 2780 pro

236 2796 380 2827 mortuiS
407 2796 490 2837 Cap.
517 2796 555 2827 II.
692 2806 740 2837 17.
769 2796 849 2828 ibid.
877 2806 950 2838 cap.
979 2796 1098 2827 XXVI.
1223 2796 1275 2828 23.
1303 2795 1385 2838 Cap.
1410 2796 1548 2828 XXVII.

232 2853 552 2895 Habentforsitan
580 2854 647 2885 and
673 2854 821 2885 XXVIII.
850 2853 916 2893 Qui
941 2853 1073 2885 divina.
