2051 3273
259 226 349 254 CAP.
373 215 456 274 xx]
749 229 808 262 DE
835 230 1069 264 ECCLESIA.
1769 239 1852 280 477

159 343 193 376 D
218 342 553 385 2preservatum,
587 343 626 374 et
658 335 713 374 sic
746 336 885 375 omnis
916 345 1108 389 peccator
1136 335 1241 375 foret
1272 335 1562 388 dampnabilis.

162 399 241 444 194b
258 402 339 441 Sed
372 403 539 456 proprie
571 404 710 444 solum
743 405 846 445 illud
879 405 1027 445 dicitur
1059 405 1326 457 dampnabile
1359 407 1409 445 ad
1450 407 1564 459 quod

256 480 316 511 est
338 472 412 512 Dei
446 473 671 526 ordinacio,
704 483 750 514 ut
782 476 1046 529 dampnetur,
1081 484 1120 515 et
1150 474 1206 513 sic
1238 488 1459 528 nunquam
1489 475 1564 513 hec

255 542 406 581 mulier
436 543 501 582 vel
533 543 704 596 aliquod
737 544 824 583 eius
852 545 1093 584 membrum
1116 543 1211 584 fecit
1231 545 1392 584 malum
1417 545 1563 597 damp-

220 620 236 653 5
253 612 389 651 nabile
411 626 567 665 sponso
592 627 680 653 suo.
707 614 759 653 Et
786 612 850 668 (ut
873 623 992 654 notat
1014 612 1294 668 Augustinus)
1318 614 1393 652 hec
1416 613 1565 653 mulier

255 681 348 721 fecit
386 695 471 720 non
511 682 585 721 sibi
619 682 914 736 principaliter,
947 685 1018 723 sed
1048 697 1207 737 sponso
1231 684 1391 723 bonum
1426 683 1561 736 quod-

255 764 420 804 cunque
470 751 611 792 fecerit
652 761 871 806 tamquam
913 753 1002 793 viro
1046 762 1085 793 et
1135 753 1256 806 capiti
1302 753 1433 791 modo
1478 766 1563 805 quo

253 821 441 874 loquitur
471 822 705 875 Apostolus
740 823 805 873 Ila,
852 822 947 862 Cor.
981 824 1053 875 V0,
1105 825 1171 863 15:
1221 823 1305 871 Qui
1346 823 1442 862 vivit
1478 822 1562 861 iam

254 904 335 929 non
367 891 447 930 sihi
476 892 598 941 vivat,
637 892 712 931 sed
754 893 791 931 ei
833 893 905 946 qui
936 899 1130 933 mortuus
1169 899 1231 932 est
1254 906 1337 945 pro
1369 891 1563 931 omnibus

197 978 236 999 10
252 967 292 999 et
314 962 568 1013 resurrexit,
592 962 648 1001 sic
672 963 786 1015 quod
811 963 980 1002 ecclesia
1010 971 1049 1002 et
1071 962 1288 1016 quodlibet
1311 962 1398 1001 eius
1430 975 1562 1000 mem-

252 1029 374 1070 brum
397 1031 597 1084 quicquid
620 1041 841 1085 operatum
864 1032 986 1072 fuerit
1016 1032 1096 1071 hoc
1120 1031 1228 1084 facit,
1262 1040 1308 1071 ut
1338 1031 1372 1070 ei
1404 1032 1563 1083 placeat

253 1099 317 1139 cui
352 1114 393 1139 se
425 1101 630 1153 probavit.
676 1101 837 1141 Omnes
883 1103 995 1141 enim
1040 1102 1105 1141 alii
1151 1110 1334 1155 querunt
1372 1114 1453 1154 que
1491 1114 1562 1140 sua

250 1178 360 1222 sunt,
393 1183 480 1210 non
512 1185 594 1225 que
627 1172 788 1211 domini
820 1173 915 1212 Jesu
950 1171 1115 1211 Christi.

201 1246 233 1278 E
308 1240 361 1279 Et
391 1240 467 1280 hec
500 1249 561 1280 est
593 1242 703 1281 racio
738 1240 802 1297 (ut
835 1242 917 1281 dixi
951 1239 1176 1297 superius),
1216 1255 1340 1295 quare
1372 1240 1562 1281 Christus

195 1316 337 1348 15non
381 1323 482 1350 usus
535 1320 596 1351 est
645 1312 899 1365 proprietate
944 1312 1050 1351 civili
1101 1313 1143 1351 in
1187 1326 1228 1351 se
1272 1324 1347 1350 nec
1392 1311 1433 1349 in
1478 1309 1562 1349 suis

248 1379 466 1431 apostolis.
491 1381 577 1420 Nec
600 1391 768 1421 moveat
783 1382 901 1435 quod
924 1395 1052 1421 nemo
1068 1381 1190 1420 debet
1212 1380 1375 1419 bonum
1390 1380 1562 1419 reddere

246 1447 344 1488 huic
375 1449 465 1489 viro
498 1460 670 1503 propter
712 1451 794 1491 hoc
834 1452 950 1505 quod
990 1450 1130 1490 omnis
1161 1450 1294 1490 homo
1328 1459 1388 1489 est
1421 1463 1561 1489 servus

247 1517 323 1556 sibi
356 1518 526 1572 inutilis,
561 1535 659 1560 cum
692 1520 832 1561 fecerit
870 1521 1013 1560 omnia
1058 1534 1140 1574 que
1179 1528 1315 1560 rector
1352 1520 1430 1559 iste
1468 1533 1559 1572 pre-

247 1588 368 1641 cepit,
421 1599 467 1630 ut
500 1590 649 1630 dicitur
684 1591 796 1630 Luce
828 1591 977 1642 XVII0‚
1018 1603 1083 1642 1o;
1119 1600 1158 1630 et
1190 1590 1358 1630 Psalmo
1390 1590 1501 1641 XV0,
1538 1602 1557 1627 2

188 1674 229 1695 20
245 1657 413 1698 dicitur:
461 1660 567 1700 Dixi
610 1661 801 1700 domino:
846 1661 967 1700 Deus
1006 1674 1124 1700 meus
1163 1674 1206 1700 es
1251 1667 1311 1710 tu,
1359 1661 1559 1714 quoniam

244 1727 450 1769 bonorum
486 1743 677 1770 meorum
703 1744 784 1770 non
809 1744 919 1784 eges.
954 1731 1113 1770 Verum
1145 1739 1204 1770 est
1232 1732 1347 1784 quod
1371 1730 1560 1770 Christus

244 1797 286 1836 in
318 1812 498 1851 persona
530 1800 702 1853 propria
736 1814 820 1840 non
856 1809 948 1854 eget
980 1801 1111 1840 modo
1144 1800 1391 1840 humanitus
1423 1813 1560 1853 neque

243 1866 456 1921 divinitus,
497 1871 568 1909 sed
607 1883 685 1909 nos
725 1884 896 1923 egemus
930 1878 976 1909 ut
1008 1870 1209 1910 faciamus
1243 1870 1385 1910 omnia
1417 1878 1560 1909 nostra

242 1950 369 1990 opera
412 1939 550 1991 primo
597 1940 687 1991 sibi,
733 1940 813 1979 hoc
859 1948 919 1979 est
969 1940 1020 1979 ad
1071 1940 1281 1980 honorem
1337 1954 1464 1980 suum
1520 1949 1559 1979 et

184 2012 224 2045 25
241 2007 464 2047 utilitatem
497 2009 560 2048 sui
592 2009 778 2062 corporis
810 2009 852 2048 in
885 2023 972 2063 quo
1005 2018 1109 2061 eget.

298 2077 451 2117 Habita
473 2078 738 2119 solicitudine
760 2079 941 2131 generali
962 2079 1087 2119 huius
1111 2079 1447 2131 matrisfamilias,
1467 2093 1556 2133 spe·
1636 2087 1733 2115 Verse
1755 2086 1782 2114 13

148 2145 373 2194 194⁰cificat
414 2149 600 2188 secundo
637 2163 745 2202 opus
769 2149 794 2177 ²³<
817 2163 955 2201 suum,
995 2163 1093 2189 cum
1128 2150 1337 2190 subditur:
1371 2150 1559 2198 Quesivit
1606 2123 1748 2186 ivpdflificii
1764 2123 1819 2185 ιῖῐίἶεθ

241 2216 383 2256 lanam
403 2224 441 2256 et
462 2218 594 2257 linum
617 2225 656 2258 et
675 2226 850 2271 operata
866 2225 928 2258 est
944 2219 1117 2258 consilio
1139 2233 1345 2259 manuum
1360 2233 1555 2260 suarum.
1571 2193 1757 2264 iiiliguifIi'aae
1773 2201 1846 2289 §gii

239 2285 481 2326 Secundum
516 2288 804 2341 Augustinum
837 2289 932 2328 lana
973 2297 1033 2328 est
1067 2289 1231 2328 habitus
1272 2290 1470 2329 collectus
1506 2303 1553 2329 ex
1570 2266 1824 2359 formiglsitfilvlizliiir

181 2359 223 2391 30
239 2368 389 2408 campo
413 2356 614 2409 scripture
629 2358 679 2396 ad
695 2358 974 2411 regulandum
990 2358 1120 2398 vitam
1133 2359 1387 2398 laudabilem
1403 2373 1552 2412 corpo·
1691 2341 1697 2359 ¹
1716 2341 1741 2359 θ’

236 2425 367 2464 ralem
383 2435 422 2466 et
435 2426 572 2466 linum
587 2435 648 2467 est
660 2426 827 2468 habitus
843 2429 893 2467 ad
911 2429 1280 2468 conversacionem
1295 2429 1552 2481 spiritualem

239 2495 489 2536 ducendam.
507 2496 573 2536 Sic
590 2497 703 2536 enim
721 2497 763 2536 in
780 2498 926 2537 ordine
941 2497 1291 2539 vestimentorum
1307 2508 1552 2538 nostrorum

239 2565 522 2618 corporalium
581 2566 777 2606 interiora
836 2575 935 2606 sunt
992 2567 1113 2619 linea,
1173 2570 1244 2607 sed
1303 2569 1553 2608 vestimenta

238 2634 442 2675 exteriora
493 2645 592 2676 sunt
642 2637 773 2679 lanea.
829 2636 1221 2690 Correspondenter
1272 2638 1313 2676 in
1367 2639 1552 2678 vestibus

179 2710 219 2744 35
236 2704 375 2744 anime
419 2719 501 2759 que
541 2707 776 2746 secundum
813 2706 941 2746 fidem
979 2706 1180 2760 scripture
1225 2716 1323 2748 sunt
1360 2708 1552 2748 virtutes:

286 2851 332 2880 28.
353 2852 393 2880 B:
414 2858 506 2889 opata
526 2859 582 2881 est.
