2051 3273
919 237 1140 270 JOHANNIS
1166 237 1361 270 WYC1.1F.
1629 224 1735 278 [CAP.
1756 234 1792 262 X.

199 244 219 269 10

229 242 248 267 ΚΟ

258 243 279 268 10

487 344 599 383 iuxta
643 342 769 382 fidem
813 342 1013 395 scripture
1047 352 1086 381 et
1118 343 1227 395 leges
1260 340 1428 381 ecclesie
1473 341 1589 393 quod
1622 354 1708 379 non
1742 350 1802 380 est
1825 353 1951 396 1590N

487 412 890 452 communicandum
935 425 1033 451 cum
1065 411 1149 463 tali,
1197 411 1274 450 nisi
1308 410 1412 450 forte
1445 419 1491 450 ut
1525 419 1801 459 convertatur,

486 497 538 522 ne
569 481 725 522 inficiat
755 495 924 535 gregem
957 481 1126 521 Christi.

232 563 272 589 At
293 562 368 588 ieast
387 561 436 587 the
522 553 607 591 'Ex
646 552 852 605 quotlibet
895 549 1047 591 talibus
1091 550 1315 591 evidenciis
1360 550 1510 589 dicitur
1555 551 1671 603 quod
1708 550 1849 596 liceto

198 596 358 624 criminals
378 596 472 629 ought

209 632 461 693 rtlssufffcactssgoffih
486 623 611 662 talem
658 621 877 674 fugitivum
926 620 1288 660 excommunicare
1322 629 1362 660 et
1394 628 1487 672 post
1529 619 1835 672 quadraginta5

198 701 274 739 aster
299 700 376 747 scyrty
397 700 471 734 days
487 692 572 730 dies
605 691 1061 731 excommunicacionis
1094 690 1243 729 carceri
1276 689 1527 742 mancipare.
1591 689 1671 728 Sed
1704 690 1801 728 dato

232 735 435 770 unpmsoned.
486 760 565 800 isto
589 760 790 814 sequitur,
824 774 921 800 cum
943 760 1037 800 licet
1060 759 1424 799 excommunicare
1447 772 1523 811 pro
1547 772 1802 812 quocunque

487 830 679 879 facinore,
726 831 842 884 quod
888 830 1088 883 fugitivus
1132 829 1224 869 talis
1263 828 1523 868 facinorosus
1568 828 1619 867 sit
1663 828 1799 867 statim

487 901 918 941 excommunicandus
934 909 973 939 et
991 908 1297 953 consequenter
1312 908 1408 952 post
1426 897 1702 951 quadraginta
1716 897 1802 936 dies

486 971 814 1022 incarcerandus,
849 979 888 1010 et
917 984 1013 1010 cum
1046 984 1131 1009 non
1166 969 1478 1022 habebitsspost
1511 967 1800 1008 excommuni-
1822 979 1903 1024 159⁶

488 1041 703 1080 cacionem
748 1041 952 1080 maiorem
986 1040 1171 1080 favorem
1215 1054 1344 1093 quam
1377 1039 1566 1078 ethnicus
1600 1047 1639 1077 et
1670 1037 1802 1090 publi-

486 1125 628 1162 canus,
674 1111 837 1150 videtur
870 1112 985 1164 quod
1029 1110 1081 1150 sit
1125 1111 1174 1148 de
1221 1109 1477 1149 monasterio
1523 1107 1801 1147 extrahendus

486 1189 525 1219 et
557 1180 597 1219 in
633 1194 792 1220 carcere
825 1180 994 1233 publico
1035 1194 1131 1219 cum
1164 1179 1252 1219 aliis
1286 1177 1662 1218 excommunicatis
1694 1185 1802 1215 tam-

487 1265 615 1304 quam
666 1250 824 1290 alienus
875 1264 896 1289 a
950 1249 1043 1289 filiis
1096 1249 1265 1289 ecclesie
1318 1248 1617 1288 detrudendus.
1681 1246 1804 1286 Unde

487 1334 584 1360 cum
628 1321 669 1359 in
715 1320 851 1359 dubiis
884 1320 949 1359 via
982 1320 1164 1359 securior
1207 1328 1268 1358 est
1310 1319 1503 1366 tenenda,
1549 1326 1588 1356 et
1633 1316 1698 1355 vel
1743 1325 1858 1361 est15

487 1390 661 1429 dubium
698 1391 761 1429 vel
793 1390 1009 1443 probabile
1042 1390 1158 1443 quod
1191 1388 1336 1428 fovens
1369 1388 1504 1427 taliter
1527 1386 1802 1426 criminosum

488 1460 563 1499 erit
614 1461 821 1512 particeps
874 1460 1058 1499 criminis
1110 1473 1157 1498 ex
1211 1471 1417 1498 consensu
1461 1457 1527 1497 vel
1571 1456 1802 1509 culpabilis,

489 1530 682 1581 negando
708 1529 959 1569 coreccionis
976 1528 1234 1582 suffragium,
1250 1529 1368 1581 quod
1386 1527 1492 1566 foret
1509 1540 1656 1565 verum
1679 1525 1802 1578 privi-

487 1599 658 1651 legium,
684 1599 931 1652 oppositum
954 1598 1050 1638 hinc
1074 1598 1304 1651 privilegio,
1330 1597 1504 1648 videtur,
1538 1609 1634 1635 cum
1659 1609 1802 1635 cursus

486 1670 588 1722 legis
623 1669 862 1709 communis
895 1669 945 1708 sit
988 1668 1054 1708 via
1087 1668 1283 1717 securior,
1321 1667 1438 1720 quod
1470 1666 1539 1705 illa
1572 1666 1624 1705 sit
1656 1664 1803 1718 pocius
1819 1687 1860 1709 20

487 1739 742 1780 sustinenda.
808 1741 1042 1788 Quomodo
1088 1753 1195 1791 rogo
1240 1740 1426 1778 tenderet
1469 1739 1520 1777 ad
1565 1737 1803 1790 profectum

489 1823 667 1862 persone
700 1824 777 1863 pro
810 1811 1023 1864 querenda
1056 1809 1312 1849 beatitudine
1345 1808 1624 1848 indifferenter
1654 1820 1802 1846 omnes

488 1879 764 1931 facinorosos,
810 1880 1039 1920 diabolicos
1074 1889 1112 1919 et
1155 1879 1349 1918 inimicos
1389 1878 1558 1918 ecclesie
1590 1878 1633 1916 in
1672 1878 1802 1916 domo

489 1963 562 1989 sua
608 1960 826 2003 protegere
860 1960 899 1990 et
935 1949 1189 1989 medicinam
1223 1948 1505 2001 correpcionis
1538 1956 1576 1987 et
1609 1960 1803 1987 censuras

489 2020 657 2059 ecclesie
690 2021 842 2074 quibus
876 2029 1120 2060 sanarentur
1152 2020 1201 2059 ab
1235 2020 1291 2058 eis
1337 2015 1601 2072 precludere?
1645 2018 1802 2057 Revera
1819 2025 1858 2057 25

488 2102 563 2128 nec
608 2089 688 2128 hoc
736 2103 811 2129 nec
856 2089 1126 2142 participacio
1174 2089 1317 2142 rapine
1358 2097 1479 2128 sonat
1515 2087 1719 2141 religiosis
1751 2087 1802 2125 ad

490 2160 783 2199 commodum.
808 2161 918 2199 Nam
943 2160 1051 2213 Hely
1076 2173 1161 2198 non
1185 2168 1357 2212 propter
1380 2158 1619 2197 fomentum
1640 2156 1802 2196 malicie

487 2227 671 2269 filiorum
704 2230 774 2269 sed
807 2238 978 2283 propter
1000 2228 1289 2268 remissionem
1315 2227 1594 2280 correpcionis
1617 2226 1802 2266 filiorum

488 2299 661 2350 punitus
707 2299 783 2338 fuit
828 2308 964 2338 morte
997 2308 1035 2338 et
1068 2298 1253 2351 privatus
1286 2311 1456 2337 summo
1489 2297 1727 2336 sacerdocio
1760 2296 1801 2334 in

489 2382 561 2407 sua
584 2368 841 2420 posteritate,
874 2378 921 2408 ut
943 2377 1056 2421 patet
1089 2368 1125 2406 10
1147 2369 1326 2420 Regum,
1351 2368 1404 2406 II0
1429 2375 1467 2406 et
1491 2367 1566 2407 IV⁰
1596 2366 1801 2419 capitulis,
1817 2376 1860 2407 30

489 2447 528 2477 et
560 2438 633 2477 ΙΙΙΟ
671 2439 838 2490 Regum
880 2439 951 2478 110.
1003 2439 1097 2477 Hoc
1132 2451 1229 2491 ergo
1262 2445 1405 2490 posset
1449 2450 1596 2476 sonare
1633 2437 1674 2475 in
1720 2436 1801 2489 pri-

487 2507 687 2560 vilegium
737 2507 830 2547 dicti
884 2507 963 2547 loci
1016 2507 1131 2561 quod
1189 2506 1386 2559 fugitivos
1442 2506 1693 2559 inpotentes,
1753 2505 1803 2544 de

488 2577 641 2629 quibus
686 2576 792 2616 foret
843 2591 936 2629 spes
981 2576 1266 2616 conversionis
1311 2577 1362 2615 ad
1408 2576 1569 2628 frugem
1617 2574 1801 2614 melioris

489 2646 583 2698 vite,
628 2647 669 2685 in
713 2646 796 2685 vite
841 2646 1081 2686 necessariis
1114 2655 1153 2685 et
1191 2645 1380 2699 pecuniis
1426 2645 1574 2684 debitis
1615 2645 1666 2684 de
1697 2644 1803 2697 regis

490 2717 727 2755 elemosinis
760 2716 1079 2756 misericorditer
1102 2716 1329 2755 relevarent
1352 2724 1391 2754 et
1412 2715 1560 2767 predas
1590 2715 1801 2753 latronum
1821 2724 1859 2757 35

542 2864 582 2893 35.
605 2865 642 2892 B:
664 2866 693 2892 in
715 2866 837 2901 predas,
