2051 3273
217 193 294 244 '376
920 200 1142 231 JOHANNIS
1168 199 1363 230 WYCLlF.
1603 185 1708 243 [CAP.
1728 195 1810 224 xv1.

231 314 289 341 and
312 313 464 352 astollege
562 305 692 343 Debet
726 318 823 357 ergo
859 304 974 342 miles
1007 304 1062 342 ire
1095 305 1146 342 ad
1179 303 1401 342 dominun]
1437 312 1539 342 terre
1579 312 1616 342 et
1649 313 1909 347 narrare181b
1933 315 1964 349 ο

212 357 246 410 ῗὲ
262 348 489 417 {ffssiiiwp‘ilsssslif
503 374 578 413 sibi
595 374 865 413 condiciones
884 373 975 412 talis
992 372 1168 426 collegii,
1192 382 1231 412 et
1253 381 1394 412 totum
1418 386 1593 425 regnum
1609 381 1816 413 teneretur

327 418 373 445 ed*
505 443 731 496 collegium
778 443 858 482 tale
901 456 1162 482 venenosum
1209 443 1412 496 expellere
1456 452 1495 482 et
1541 457 1642 482 cum
1692 442 1814 482 bonis

503 527 583 566 que
615 512 705 551 talis
737 512 849 564 legio
884 520 1120 564 occuparet,
1151 512 1182 551 si
1207 511 1329 552 fuerit
1362 512 1606 564 elemosina,
1639 512 1816 552 militem

501 582 695 621 relevare.
730 582 781 620 Et
814 589 927 633 patet
960 582 1076 634 quod
1108 581 1189 621 hoc
1222 581 1310 620 fieri
1355 591 1498 634 posset
1545 582 1729 634 legaliter
1767 594 1846 625 ex5

500 651 613 690 dicto
647 650 753 690 beati
787 650 1001 689 Ambrosii
1046 651 1188 703 posito
1241 651 1282 689 in
1316 651 1487 690 decretis
1531 651 1637 703 Xlla,
1672 665 1710 704 q.
1746 651 1813 702 Ila,

235 730 400 776 Judgmqnt
421 728 455 755 os
498 721 682 758 Aurum.
715 720 895 767 Aurum,
935 719 1083 772 inquit,
1122 720 1246 759 habet
1284 721 1462 762 ecclesia
1487 733 1570 759 non
1596 728 1640 759 ut
1674 727 1817 759 servet

264 764 431 792 Ambmse.
498 788 573 827 sed
603 795 645 827 ut
680 796 828 842 eroget
859 794 898 828 et
928 789 1151 828 subveniat
1183 790 1223 828 in
1249 789 1579 829 necessitatibus.
1619 789 1733 837 Quid
1756 796 1816 829 est

498 871 604 911 opus
637 858 849 897 custodire
881 858 993 911 quod
1031 859 1135 898 nihil
1172 859 1384 899 adiuvat?
1443 857 1511 898 An
1558 860 1814 912 ignoramus

499 935 705 981 quantum
739 929 840 968 auri
871 935 994 980 atque
1027 929 1199 982 argenti
1222 929 1273 968 de
1294 929 1448 981 templo
1479 929 1639 968 domini
1662 929 1815 969 Assirii
1833 950 1871 971 ιο

498 998 808 1038 sustulerunt?
839 999 991 1039 Nonne
1023 1000 1174 1038 melius
1206 999 1364 1050 conflat
1400 999 1601 1038 sacerdos
1630 1005 1812 1051 propter

499 1069 750 1108 alimoniam
766 1081 1027 1121 pauperum,
1053 1069 1089 1108 si
1111 1069 1257 1121 aliqua
1280 1068 1470 1108 subsidia
1493 1068 1658 1121 desunt⁷
1684 1081 1811 1120 quam

498 1139 534 1178 si
566 1138 810 1191 sacrilegus
843 1139 1107 1178 contaminat
1139 1145 1178 1178 et
1209 1144 1402 1191 asportat
1440 1138 1600 1177 hostis?
1661 1138 1812 1176 Nonne

499 1208 694 1247 dicturus
727 1214 788 1248 est
819 1208 1038 1247 dominus:
1075 1207 1161 1247 Cur
1181 1221 1343 1261 passus
1365 1221 1409 1247 es
1440 1214 1498 1247 tot
1519 1208 1665 1260 inopes
1684 1207 1812 1261 fame

498 1277 642 1316 mori?
693 1277 747 1317 Et
786 1284 898 1317 certe
931 1278 1116 1318 habebas
1154 1291 1326 1329 aurum,
1373 1277 1484 1317 unde
1526 1277 1869 1317 ministrasses15

497 1347 759 1387 alimoniam.
799 1348 889 1387 Cur
923 1353 980 1386 tot
1012 1347 1166 1400 captivi
1197 1348 1237 1386 in
1263 1347 1562 1387 commercium
1593 1346 1708 1386 ducti
1740 1359 1816 1386 nec

497 1417 703 1470 redempti
734 1417 785 1457 ab
810 1417 924 1457 lioste
947 1417 1075 1457 occisi
1095 1417 1229 1457 sunt?
1261 1417 1419 1456 Melius
1437 1416 1601 1471 fuerat
1634 1423 1678 1456 ut
1710 1429 1815 1456 vasa

497 1487 734 1526 vivencium
757 1500 958 1527 servares
980 1500 1108 1539 quam
1132 1487 1430 1536 nietallorzmz;
1460 1486 1539 1525 liiis
1568 1499 1650 1525 non
1666 1492 1814 1539 posset

496 1570 749 1609 responsum
790 1557 968 1611 deferri.
1037 1556 1149 1604 Quid
1193 1556 1302 1595 enim
1342 1555 1529 1595 diceres:
1581 1556 1720 1595 Timui
1762 1569 1813 1595 ne

497 1627 648 1679 templo
681 1627 763 1666 Dei
805 1633 981 1666 ornatus
1020 1626 1213 1666 deesset?
1263 1626 1445 1675 Aurum,
1478 1625 1629 1679 inquit,
1661 1638 1870 1664 sacra-20

497 1702 638 1736 menta
672 1709 753 1735 non
797 1702 993 1749 querunt,
1046 1709 1181 1749 neque
1222 1709 1330 1735 auro
1373 1696 1548 1748 placent
1583 1708 1663 1748 que
1702 1708 1811 1734 auro

498 1776 580 1805 non
615 1773 827 1805 emuntur.
868 1764 1060 1805 Ornatus
1082 1779 1309 1805 sacrorum
1334 1771 1394 1804 est
1416 1765 1657 1818 redempcio
1680 1765 1810 1817 capti-

497 1849 663 1887 vorum,
697 1843 735 1876 et
766 1848 864 1875 vere
896 1842 999 1875 sunt
1022 1836 1097 1875 illa
1126 1848 1229 1875 vasa
1254 1835 1455 1888 preciosa
1487 1848 1566 1887 que
1598 1834 1814 1873 redimunt

496 1906 664 1945 animas
704 1918 730 1944 a
770 1912 915 1945 morte.
978 1905 1060 1945 Ille
1096 1918 1224 1945 verus
1269 1911 1330 1944 est
1380 1905 1611 1944 thesaurus
1654 1903 1813 1943 domini

497 1976 571 2028 qui
602 1982 810 2028 operatur
842 1975 958 2028 quod
988 1976 1169 2029 sanguis
1201 1975 1291 2014 eius
1323 1980 1527 2028 operatus
1558 1980 1632 2014 est.
1828 1978 1867 2010 25

231 2057 334 2085 These
354 2058 458 2085 words
556 2046 617 2084 Ex
649 2044 735 2084 istis
767 2044 900 2084 verbis
931 2044 1056 2084 huius
1089 2045 1274 2086 doctoris
1306 2043 1554 2085 sanctissimi
1586 2052 1625 2083 et
1656 2043 1805 2083 decreti
1867 2046 1901 2079 P

226 2093 311 2160 {333}
326 2093 395 2163 iiiilyt
410 2094 465 2154 12¹}ss
497 2115 672 2166 videtur,
705 2114 843 2167 primo
878 2115 991 2167 quod
1022 2114 1106 2167 regi
1138 2115 1233 2153 licet
1264 2114 1306 2152 in
1334 2122 1525 2166 tempore
1545 2112 1840 2171 wnecessitatisl

211 2161 741 2237 Cluigclieiieeeariiffemultiplicis
773 2184 930 2223 auferre
963 2184 1121 2223 nedum
1164 2183 1312 2223 iocalia
1356 2183 1450 2223 cleri
1494 2183 1555 2222 sui
1600 2182 1810 2235 superflua

271 2236 418 2267 capnves,
498 2255 570 2293 sed
602 2262 641 2293 et
674 2253 818 2293 calices
852 2262 891 2293 et
923 2253 1111 2306 preciosa
1134 2253 1379 2292 tumbarum
1412 2262 1451 2292 et
1484 2253 1652 2292 ecclesie
1685 2266 1808 2291 orna-

498 2332 651 2375 menta,
685 2332 731 2362 ut
762 2332 877 2376 puta,
911 2323 942 2362 si
965 2323 1133 2363 aliunde
1155 2323 1219 2361 vel
1244 2322 1497 2375 oportunius
1520 2336 1699 2374 regnum
1722 2335 1809 2361 non
1827 2325 1869 2357 30

498 2391 651 2432 sufficit
702 2392 904 2431 redimere
957 2392 1144 2445 captivos
1196 2392 1266 2445 qui
1319 2392 1360 2431 in
1403 2391 1644 2431 defensione
1695 2391 1809 2444 regni

548 2539 573 2567 5.
594 2539 622 2566 A
642 2538 671 2566 in
694 2546 806 2574 marga
827 2538 1027 2566 Ambrosius.
1137 2548 1164 2574 7.
1186 2540 1215 2566 A
1235 2539 1264 2566 in
1286 2547 1399 2575 marg:
1422 2541 1544 2567 Aurum
1560 2539 1650 2567 habet
1665 2539 1807 2567 ecclesia.

497 2585 532 2612 15.
555 2585 593 2612 B:
615 2593 724 2612 aurum
744 2593 866 2614 aurum.
1011 2586 1052 2613 16.
1074 2585 1096 2612 B
1116 2585 1145 2613 in
1168 2593 1281 2621 marg:
1304 2585 1361 2612 Pro
1377 2585 1597 2620 redempcione
1613 2585 1807 2620 captivorum

497 2632 682 2666 exponenda
703 2636 776 2659 sunt
794 2639 869 2658 vasa
891 2631 1031 2658 ecclesie.
1174 2639 1213 2665 ¹7·
1234 2632 1277 2659 A:
1299 2631 1408 2659 Melius
1429 2631 1560 2660 fuerant.

554 2748 585 2781 6.
612 2749 823 2781 Ambrosius
847 2749 903 2781 lib.
938 2749 975 2790 Il,
1003 2750 1052 2781 De
1080 2748 1225 2791 Officiis,
1252 2760 1279 2781 c.
1305 2750 1442 2782 XXVIII
1476 2750 1542 2781 and
1576 2750 1709 2782 Decreti
1737 2759 1806 2781 sec.

496 2818 585 2849 pars,
613 2817 714 2839 causa
740 2807 813 2848 XII,
840 2817 873 2849 q.
901 2807 937 2847 ll,
965 2817 1038 2849 cap.
1067 2807 1174 2839 LXX.
