2051 3273
187 228 276 257 CAP.
297 218 407 276 xx11.]
694 233 754 264 DE
780 233 1013 265 ECCLESIA.

30 347 69 380 R
91 350 168 378 202c
183 345 342 388 quanto
376 337 609 375 ostendunt
642 337 733 376 illos
766 337 937 375 affectos
963 337 1011 374 ad
1038 336 1240 375 secularia
1272 335 1489 374 desideria.

143 405 236 448 bEt
268 406 407 457 quoad
443 406 603 445 dictum
630 406 896 456 Crisostomi,
922 414 1037 458 patet
1060 406 1175 458 quod
1199 405 1287 457 ipse
1311 405 1491 443 intendit

183 475 307 514 istam
361 476 537 515 eandem
592 476 865 527 sentenciam,
906 476 1018 514 unde
1064 475 1254 528 sequitur
1295 474 1333 512 in
1376 482 1490 512 textu

182 554 280 583 suo:
313 545 482 585 Pietatis
521 558 703 598 namque
741 545 900 597 affectu
943 551 981 583 et
1017 544 1297 583 humanitatis
1337 543 1491 581 intuitu

150 621 372 656 5mortuos
418 615 569 668 lugere
624 627 705 654 non
756 614 1053 667 prohibemur,
1101 613 1208 652 sicut
1263 614 1492 653 nonnullos

181 690 430 724 sanctorum
464 685 649 723 aliorum
692 684 880 736 exequiis
924 684 1107 737 legimus
1144 684 1245 736 pias
1288 684 1492 722 lacrimas

182 753 446 806 impendisse.
473 754 595 794 Unde
628 754 741 807 quod
778 754 871 806 quis
904 754 1105 805 sepelitur
1134 754 1249 791 iuxta
1279 753 1490 792 martirem

182 823 221 861 in
269 822 440 861 ecclesia
475 823 538 861 vel
583 823 826 875 ubicunque
871 822 1161 875 solempniter,
1208 835 1319 860 nunc
1372 823 1492 861 obest

183 902 222 931 et
257 905 367 931 nunc
411 892 599 944 prodest,
645 894 716 931 sed
753 901 916 933 tantum
953 905 1026 944 per
1059 892 1251 930 accidens
1284 891 1418 942 obest,
1458 891 1490 930 si

127 963 451 1002 1oaccumulant
496 972 666 1015 peccata
713 963 922 1014 originata
967 975 1015 1000 ex
1058 970 1230 1000 mortuo
1264 961 1491 1000 decedente

181 1032 221 1070 in
257 1032 438 1071 mortali.
474 1032 664 1085 Prodest,
699 1032 731 1071 si
764 1032 817 1071 sit
849 1031 1015 1070 occasio
1055 1031 1302 1082 diligencius
1342 1030 1490 1069 orandi

181 1114 258 1153 pro
311 1111 483 1141 mortuo
537 1102 577 1140 in
633 1102 774 1153 gracia
827 1100 1069 1151 decedente,
1115 1100 1228 1139 unde
1274 1101 1489 1139 decretum

181 1170 270 1225 (ubi
311 1169 457 1225 supra)
497 1172 575 1210 sub
620 1171 872 1210 auctoritate
907 1179 1153 1210 sanctorum
1188 1170 1416 1221 Augustini
1451 1178 1489 1209 et

182 1240 374 1292 Gregorii
420 1241 477 1280 sic
522 1241 731 1293 loquitur:
779 1240 942 1288 Quibus
977 1246 1155 1293 peccata
1188 1239 1361 1279 dimissa
1407 1252 1489 1278 non

129 1315 162 1347 15
178 1317 292 1360 sunt,
314 1324 339 1349 a
371 1310 507 1350 sacris
531 1310 630 1349 locis
655 1316 756 1362 post
776 1315 953 1349 mortem
977 1309 1175 1349 adiuvari
1197 1322 1278 1348 non
1295 1315 1490 1362 possunt,

179 1380 277 1433 quia
320 1393 423 1433 quos
463 1386 639 1431 peccata
671 1380 877 1432 graviora
910 1379 1165 1431 deprimunt,
1203 1380 1241 1418 si
1278 1379 1318 1417 in
1351 1379 1490 1418 sacris

181 1450 281 1490 locis
308 1450 479 1501 sepeliri
499 1462 544 1489 se
560 1449 752 1503 faciunt,
776 1455 908 1488 restat
931 1455 975 1487 ut
996 1448 1046 1487 de
1066 1461 1147 1488 sua
1163 1448 1492 1501 presumpcione

179 1519 433 1570 iudicentur,
477 1521 575 1572 quia
620 1532 690 1558 eos
733 1532 858 1558 sacra
908 1519 1002 1557 loca
1047 1531 1129 1557 non
1177 1518 1374 1567 liberant,
1418 1517 1492 1557 sed

178 1589 304 1641 culpa
337 1589 581 1628 temeritatis
613 1595 799 1628 accusat.

136 1662 165 1696 S
240 1659 291 1698 Et
336 1658 478 1712 quoad
526 1659 760 1697 secundum
809 1666 972 1710 partem
1026 1657 1220 1710 sequitur
1273 1657 1488 1697 decretum

182 1728 291 1766 beati
326 1727 539 1779 Gregorii:
579 1728 682 1767 Cum
714 1728 870 1781 gravia
898 1734 1074 1780 peccata
1115 1727 1286 1766 dimissa
1320 1736 1419 1766 sunt
1453 1737 1491 1767 et

85 1798 166 1833 202‘³
181 1810 262 1836 non
301 1797 558 1850 deprimunt,
598 1804 698 1837 tunc
722 1797 899 1849 prodest
926 1797 1105 1836 mortuis
1127 1795 1153 1822 ἓξ
1173 1796 1211 1836 si
1241 1797 1282 1835 in
1316 1797 1490 1837 ecclesia

177 1867 452 1919 sepeliantur,
487 1867 584 1920 quia
617 1880 764 1907 eorum
790 1867 1002 1919 proximi,
1036 1866 1235 1920 quociens
1256 1866 1313 1905 ad
1343 1867 1487 1907 eadem

180 1937 272 1976 loca
317 1937 501 1986 veniunt,
544 1950 722 1976 suorum
772 1950 936 1990 quoque
965 1937 1234 1989 sepulturam
1267 1937 1490 1989 aspiciunt,

127 2009 165 2041 25
183 2006 468 2046 recordantur
500 2013 540 2046 et
562 2020 647 2059 pro
680 2006 739 2046 eis
772 2006 940 2046 domino
964 2019 1115 2059 preces
1133 2005 1346 2059 fundunt.
1378 2007 1487 2046 Nam

178 2088 284 2129 quos
304 2083 483 2128 peccata
505 2077 660 2129 gravia
683 2077 939 2129 deprimunt,
963 2077 1020 2116 ad
1043 2077 1244 2116 maiorem
1269 2077 1487 2116 cumulum

179 2145 497 2198 dampnacionis
522 2146 676 2198 pocius
705 2159 833 2199 quam
865 2146 1178 2186 absolucionem
1212 2159 1359 2185 eorum
1393 2159 1488 2185 cor-

172 2228 285 2267 pora
318 2216 360 2255 in
396 2215 584 2255 ecclesiis
617 2222 899 2268 reponuntur.
935 2215 1156 2263 Quantum
1190 2216 1239 2254 ad
1276 2216 1486 2254 racionem

181 2285 368 2336 terciam,
392 2285 784 2338 quomodocunque
804 2283 1055 2337 glossamus,
1080 2299 1163 2324 non
1184 2285 1361 2324 dubium
1386 2285 1486 2338 quin

126 2355 546 2393 3omurmuraciones
592 2354 773 2407 plurime
819 2368 896 2407 pro
942 2355 1122 2394 mortuis
1174 2363 1272 2394 sunt
1323 2354 1487 2407 inique3

233 2490 259 2517 5.
280 2491 308 2517 Α
328 2491 385 2525 A1:
407 2491 640 2518 nonnullorum.
769 2498 794 2524 7.
816 2492 862 2518 A:
885 2498 919 2526 sp
941 2491 1096 2524 sepelitur.
1118 2492 1174 2525 A1:
1196 2498 1317 2524 semper
1331 2490 1488 2524 sepelitur.

180 2535 325 2564 Errorem
340 2537 502 2564 scribentis
523 2537 551 2564 A
570 2537 707 2564 imitatus
723 2541 768 2564 est
787 2539 839 2572 Ar
995 2535 1035 2563 18.
1057 2536 1090 2563 In
1109 2537 1239 2563 decret.:
1262 2537 1408 2571 quoniam
1424 2544 1487 2563 eos.

180 2589 223 2609 22.
245 2583 337 2609 ibid.:
368 2582 397 2610 in
425 2584 572 2611 ecclesiis.
714 2582 760 2611 28.
789 2583 818 2610 A
838 2583 868 2610 in
889 2590 1006 2617 marg.:
1040 2582 1120 2610 Nota
1149 2582 1309 2618 quomodo
1338 2582 1409 2609 licet
1438 2582 1488 2609 de-

181 2630 327 2663 plangere
355 2630 612 2665 (superscriptum
643 2634 703 2657 est:
734 2628 806 2657 flere
832 2629 898 2657 scil.
934 2628 1058 2663 deflere)
1087 2633 1246 2656 mortuum
1273 2632 1302 2656 et
1327 2628 1487 2663 quomodo

184 2683 245 2703 non
266 2675 346 2703 licet.

241 2782 271 2814 3.
298 2783 411 2814 Causa
435 2783 520 2822 XIII,
555 2794 586 2825 q.
614 2784 651 2822 ΙΙ,
686 2793 759 2825 cap.
785 2784 903 2815 XXVI.
1050 2781 1099 2814 13.
1127 2782 1240 2813 Causa
1267 2782 1352 2822 XIII,
1386 2792 1419 2824 q.
1447 2782 1487 2822 II⁷

182 2850 280 2882 capp.
305 2841 380 2872 XVI
408 2841 473 2872 and
501 2841 606 2873 XVII.

1700 221 1779 272 543

1518 757 1645 786 Solcmn
1667 758 1765 786 buria}

1518 793 1548 820 in
1570 794 1641 829 holy
1662 794 1765 828 places

1529 836 1599 864 may
1619 829 1659 855 do
1679 829 1761 862 good

1565 871 1599 890 or
1619 863 1717 890 harm.
