2051 3343
244 264 332 293 CAP.
355 252 393 310 r]
744 265 804 297 DE
831 265 1054 296 ECCLESIA

93 383 228 426 ‹3129ss
299 372 379 410 Ista
411 384 508 423 ergo
543 379 603 409 est
634 370 782 422 triplex
814 382 909 422 pars
943 369 1068 408 unius
1112 368 1354 407 universalis
1387 368 1555 408 ecclesie

243 440 325 479 sive
357 439 571 491 catholice,
603 438 700 478 licet
730 438 938 492 quotlibet
960 438 1042 477 sint
1074 437 1340 491 particulares
1374 437 1556 489 ecclesie,

241 509 338 563 quia
359 518 421 549 tot
444 517 548 563 quot
570 517 668 548 sunt
690 508 883 548 homines
906 507 1186 561 predestinati.
1221 507 1274 546 Et
1309 507 1406 546 hinc
1435 507 1557 546 credo

241 580 358 633 quod
389 578 431 618 in
463 578 645 618 simbolo
679 578 848 618 ecclesie
881 577 1133 617 confitentur
1165 591 1207 617 se
1240 577 1403 616 credere
1427 589 1558 616 unam

209 660 225 692 5
242 657 429 689 sanctam
464 648 714 688 catholicam
736 656 775 687 et
797 647 1076 700 apostolicam
1099 646 1325 687 ecclesiam.
1360 645 1556 698 Apostoli

242 718 354 757 enim
386 726 484 757 sunt
515 718 646 757 modo
678 717 721 756 in
761 717 850 757 celo
882 717 924 756 in
968 718 1115 757 eadem
1146 716 1442 770 personalitate
1475 729 1559 769 qua

241 788 432 828 vixerunt
477 787 519 826 in
564 786 692 838 terris,
731 796 771 827 et
803 795 902 827 sunt
932 787 1063 826 modo
1110 795 1246 839 partes
1293 787 1417 839 plene
1460 799 1557 839 pur-

243 866 334 910 gate
378 857 567 897 eiusdem
609 857 752 897 matris
793 856 976 908 ecclesie,
1009 856 1254 896 auctoritate
1277 869 1463 910 quorum
1496 856 1559 895 sui

241 926 381 966 vicarii
418 927 503 966 iarn
539 936 689 981 regunt
734 926 1092 967 adolescentulam
1136 926 1266 965 modo
1310 934 1559 979 querentem

187 1018 226 1039 ιο
242 1010 448 1049 sponsum
480 997 670 1047 ecclesie;
704 1005 743 1036 et
766 997 823 1036 sic
844 996 1032 1050 loquitur
1056 996 1270 1036 decretum
1291 996 1441 1045 XXIV,
1475 1010 1513 1048 q.
1530 996 1557 1036 I.

244 1067 396 1106 Manet
450 1066 588 1119 inquit
638 1068 726 1105 Leo
784 1080 892 1119 papa
947 1066 1063 1105 Petri
1110 1065 1416 1119 privilegium,
1469 1064 1850 1103 ubi-l³eter‘sprivileg2

243 1149 409 1188 cunque
442 1150 497 1176 ex
519 1137 653 1188 ἱρείας
677 1137 859 1189 equitate
880 1135 1035 1190 fertur
1066 1134 1287 1175 iudicium.
1322 1135 1413 1187 Ipse
1446 1134 1559 1173 enim

1573 1100 1607 1128 of
1631 1100 1759 1135 binding
1791 1100 1849 1127 and

1573 1136 1697 1170 loosing
1713 1135 1850 1162 remains

1574 1170 1676 1198 where
1688 1171 1709 1197 it
1723 1170 1748 1197 is
1760 1170 1851 1204 right-

242 1205 392 1245 residet
423 1205 465 1244 in
499 1206 595 1245 celis
622 1206 767 1245 videns
800 1214 839 1245 et
861 1219 1090 1259 procurans
1123 1205 1239 1258 quod
1268 1205 1370 1244 deus
1399 1203 1498 1256 liget
1521 1212 1560 1243 et
1602 1206 1631 1241 'y
1652 1205 1821 1232 exercised.

210 1275 389 1318 1solvat.
432 1275 554 1316 Unde
586 1274 821 1328 supradicta
857 1274 1069 1314 decretalis
1101 1274 1158 1313 sic
1187 1273 1395 1326 loquitur:
1419 1272 1558 1312 Unam

189 1355 225 1386 15
241 1352 433 1385 sanctam
487 1345 712 1385 ecclesiam
766 1345 1020 1384 catholicam
1075 1350 1113 1383 et
1160 1344 1297 1395 ipsam
1351 1343 1559 1395 apostoli-

243 1429 336 1455 cam
372 1421 554 1469 urgente
572 1414 668 1468 fide
701 1414 878 1455 credere
909 1415 1108 1467 cogimur
1152 1420 1192 1452 et
1235 1420 1392 1452 tenere.
1438 1413 1561 1452 Unde

242 1484 446 1524 unitatem
476 1484 586 1523 illius
619 1484 787 1524 ecclesie
830 1484 981 1537 probat
1012 1497 1058 1523 ex
1092 1483 1293 1536 scriptura
1324 1482 1562 1534 multiplici,

241 1554 378 1607 primo
410 1567 483 1607 per
514 1554 617 1593 illud
650 1553 926 1594 Canticorum
956 1554 1046 1604 VIO,
1081 1554 1125 1593 8:
1165 1553 1259 1591 Una
1282 1559 1343 1592 est
1365 1552 1563 1591 columba

242 1637 350 1672 mea,
376 1624 575 1677 perfecta
609 1634 725 1663 mea:
757 1637 844 1663 una
883 1631 945 1664 est
975 1625 1105 1663 matri
1147 1635 1237 1674 sue,
1278 1623 1410 1662 electa
1441 1622 1562 1676 geni-

187 1714 227 1736 20
242 1695 339 1734 trici
368 1706 458 1733 sue.
493 1693 573 1733 Ista
606 1693 805 1733 columba
838 1694 1073 1733 secundum
1105 1693 1359 1733 concordem
1393 1701 1560 1731 sancto-

244 1777 339 1802 rum
371 1763 627 1802 sentenciam
658 1772 718 1803 est
748 1773 881 1804 mater
915 1763 1098 1814 ecclesia,
1132 1762 1251 1802 cuius
1287 1771 1430 1813 mater,
1464 1761 1564 1815 quia

246 1833 415 1872 creatrix
447 1841 507 1872 est
539 1832 699 1872 trinitas
731 1833 796 1872 vel
828 1833 969 1872 divina
1001 1833 1196 1885 essencia,
1230 1832 1349 1872 cuius
1383 1831 1561 1885 genitrix

246 1912 285 1942 et
326 1902 448 1942 fotrix
481 1910 542 1942 est
572 1902 701 1954 patris
745 1902 953 1955 sapiencia
1000 1911 1039 1942 et
1081 1902 1170 1955 ipsa
1201 1911 1334 1942 mater
1376 1902 1494 1954 virgo
1527 1909 1566 1940 et

246 1985 400 2025 sponsa
432 1971 704 2011 humanitatis
738 1972 893 2012 Christi
927 1972 989 2012 sui
1013 1972 1172 2025 capitis,
1206 1973 1266 2012 Ex
1300 1971 1456 2025 quibus
1489 1985 1563 2023 pa-

191 2050 229 2083 25
247 2041 432 2081 rentibus
471 2041 752 2094 spiritualiter,
801 2051 840 2081 et
882 2055 955 2095 per
1002 2055 1277 2094 consequens,
1326 2040 1565 2094 gignicione

245 2111 428 2163 virginea
459 2110 533 2150 filii
566 2111 736 2150 ecclesie
775 2120 1060 2164 procreantur,
1104 2111 1219 2150 iuxta
1264 2111 1380 2164 quod
1425 2109 1565 2163 loqui-

246 2190 314 2220 tur
344 2180 561 2233 apostolus
596 2186 639 2219 2a
672 2180 769 2220 Cor.
803 2181 892 2232 X10,
929 2194 965 2229 2,
999 2180 1223 2233 Despondi
1262 2193 1335 2221 vos
1369 2181 1443 2219 zmi
1474 2180 1565 2220 viro

250 2250 458 2304 virginem
493 2257 654 2290 castam
688 2250 887 2290 exhibere
910 2250 1092 2290 Christo.
1128 2249 1239 2290 Cum
1272 2263 1370 2303 ergo
1403 2249 1445 2288 in
1478 2257 1567 2288 tota

248 2320 451 2373 scriptura
482 2333 569 2359 non
601 2320 775 2372 ponitur
806 2320 872 2359 vel
904 2333 988 2359 una
1010 2319 1155 2359 sillaba
1187 2319 1274 2359 sine
1307 2333 1446 2370 sensu,
1480 2332 1567 2357 non

191 2397 232 2429 30
248 2398 372 2430 restat
416 2389 517 2443 quid
561 2389 841 2442 pertinencius
886 2389 1068 2442 signaret
1111 2389 1192 2429 hoc
1236 2389 1447 2429 adiectum
1479 2401 1567 2428 una

309 2547 339 2571 4.
363 2537 395 2564 ln
417 2537 515 2564 codd:
537 2545 598 2572 quo
618 2536 648 2564 in
670 2537 824 2572 simbolo3
846 2537 940 2572 AA1:
973 2537 1144 2564 comitetur.
1307 2545 1341 2563 11.
1363 2538 1392 2564 A
1413 2536 1443 2564 in
1464 2544 1568 2572 marg:

248 2582 445 2618 Privilegium
472 2583 553 2610 Petri
586 2583 702 2618 ligandi
732 2588 760 2611 et
792 2583 945 2611 solvendi.
976 2584 997 2610 Β
1024 2583 1053 2611 in
1085 2591 1187 2617 marg:
1219 2590 1265 2616 24.
1287 2592 1316 2619 q.
1339 2591 1358 2610 1.
1386 2583 1449 2610 Leo
1477 2591 1567 2618 papa.

249 2631 290 2658 16.
312 2630 351 2656 B:
382 2634 410 2657 et
435 2634 586 2656 tenemur.
695 2629 735 2657 18.
756 2629 778 2656 B
799 2630 830 2657 in
851 2637 948 2664 marg.
976 2629 1064 2657 Cant.
1088 2628 1139 2656 VI.
1162 2630 1201 2656 ib.
1232 2629 1301 2656 Una
1321 2630 1402 2657 enirn
1423 2629 1569 2656 columba

247 2684 326 2712 mea,
347 2675 483 2710 perfecta
503 2683 581 2711 mea,
603 2683 663 2703 una
684 2676 771 2703 matri
793 2684 857 2703 sue.
937 2683 975 2703 21.
997 2676 1024 2702 A
1045 2676 1075 2703 in
1097 2683 1198 2711 marg:
1226 2676 1411 2703 Procreacio
1433 2675 1567 2703 liliorum

249 2722 387 2750 ecclesie.
477 2729 521 2758 27.
545 2722 564 2749 Β
586 2722 615 2750 in
637 2730 741 2757 marg:
763 2730 788 2749 2.
811 2721 882 2749 Cor.
904 2730 928 2750 2.
1019 2721 1065 2749 28.
1088 2722 1126 2749 13:
1147 2730 1216 2749 cum
1238 2722 1340 2757 igitur.
1425 2731 1472 2759 29.
1494 2724 1514 2751 Β
1537 2724 1566 2751 in

249 2774 351 2803 marg:
374 2768 478 2803 Quare
498 2769 540 2801 (in
563 2770 632 2796 cod.
648 2769 733 2804 quid)
755 2769 885 2796 ecclesia
907 2769 945 2797 sit
970 2776 1042 2805 una,
1063 2769 1111 2796 hic
1133 2769 1305 2797 deducitur.

313 2897 363 2918 10.
391 2887 525 2919 Decreti
551 2888 703 2920 secunda
730 2898 818 2930 pam,
846 2898 948 2920 causa
976 2888 1095 2929 XXIV,
1121 2898 1154 2930 q.
1182 2888 1205 2929 I,
1232 2897 1304 2931 cap.
1335 2889 1375 2920 V.

1590 1774 1658 1801 The
1679 1774 1837 1809 begetting

1596 1809 1630 1837 of
1647 1809 1786 1836 children
1807 1814 1837 1836 to

1613 1844 1664 1871 the
1685 1844 1819 1872 Church.
