<?xml version="1.0" encoding="UTF-8"?>
<!DOCTYPE html PUBLIC "-//W3C//DTD XHTML 1.0 Transitional//EN"
    "http://www.w3.org/TR/xhtml1/DTD/xhtml1-transitional.dtd">
<html xmlns="http://www.w3.org/1999/xhtml" xml:lang="en" lang="en">
 <head>
  <title>
</title>
<meta http-equiv="Content-Type" content="text/html;charset=utf-8" />
  <meta name='ocr-system' content='tesseract 3.04.00' />
  <meta name='ocr-capabilities' content='ocr_page ocr_carea ocr_par ocr_line ocrx_word'/>
</head>
<body>
  <div class='ocr_page' id='page_1' title='image "./tractatusdeeccle00wycl_0307.png"; bbox 0 0 2051 3273; ppageno 0'>
   <div class='ocr_carea' id='block_1_1' title="bbox 206 239 1809 300">
    <p class='ocr_par' dir='ltr' id='par_1_1' title="bbox 206 239 1809 300">
     <span class='ocr_line' id='line_1_1' title="bbox 206 239 1809 300; baseline 0.006 -17"><span class='ocrx_word' id='word_1_1' title='bbox 206 243 392 300; x_wconf 81' lang='lat' dir='ltr'>CAP.X11.]</span> <span class='ocrx_word' id='word_1_2' title='bbox 734 257 792 287; x_wconf 83' lang='lat' dir='ltr'><strong>DE</strong></span> <span class='ocrx_word' id='word_1_3' title='bbox 819 255 1052 287; x_wconf 83' lang='lat' dir='ltr'>ECCLESIA.</span> <span class='ocrx_word' id='word_1_4' title='bbox 1729 252 1780 292; x_wconf 87' lang='lat'><strong>27</strong></span> <span class='ocrx_word' id='word_1_5' title='bbox 1789 239 1809 278; x_wconf 83' lang='lat'>3</span> 
     </span>
    </p>
   </div>
   <div class='ocr_carea' id='block_1_2' title="bbox 55 357 1813 1036">
    <p class='ocr_par' dir='ltr' id='par_1_2' title="bbox 55 357 1521 539">
     <span class='ocr_line' id='line_1_2' title="bbox 55 357 1520 414; baseline -0.005 -12"><span class='ocrx_word' id='word_1_6' title='bbox 55 372 90 412; x_wconf 81' lang='lat' dir='ltr'><strong>Q,</strong></span> <span class='ocrx_word' id='word_1_7' title='bbox 114 369 191 414; x_wconf 66' lang='lat'><strong>16711</strong></span> <span class='ocrx_word' id='word_1_8' title='bbox 207 360 353 400; x_wconf 80' lang='lat' dir='ltr'><strong>ficacio</strong></span> <span class='ocrx_word' id='word_1_9' title='bbox 387 369 447 400; x_wconf 89' lang='lat' dir='ltr'><strong>est</strong></span> <span class='ocrx_word' id='word_1_10' title='bbox 484 360 579 413; x_wconf 88' lang='lat' dir='ltr'><strong>plus</strong></span> <span class='ocrx_word' id='word_1_11' title='bbox 620 359 843 399; x_wconf 85' lang='lat' dir='ltr'><strong>fundabilis</strong></span> <span class='ocrx_word' id='word_1_12' title='bbox 887 373 934 398; x_wconf 84' lang='lat' dir='ltr'><strong>ex</strong></span> <span class='ocrx_word' id='word_1_13' title='bbox 980 359 1194 410; x_wconf 78' lang='lat' dir='ltr'><strong>scriptura,</strong></span> <span class='ocrx_word' id='word_1_14' title='bbox 1240 365 1285 395; x_wconf 87' lang='lat' dir='ltr'><strong>ut</strong></span> <span class='ocrx_word' id='word_1_15' title='bbox 1317 365 1430 408; x_wconf 82' lang='lat' dir='ltr'><strong>patet</strong></span> <span class='ocrx_word' id='word_1_16' title='bbox 1463 357 1520 395; x_wconf 84' lang='grc' dir='ltr'><strong>ΙΙ0</strong></span> 
     </span>
     <span class='ocr_line' id='line_1_3' title="bbox 206 425 1521 479; baseline -0.004 -10"><span class='ocrx_word' id='word_1_17' title='bbox 206 430 537 469; x_wconf 84' lang='lat' dir='ltr'><strong>Machabeorum</strong></span> <span class='ocrx_word' id='word_1_18' title='bbox 569 430 643 479; x_wconf 75' lang='lat' dir='ltr'><strong>VO,</strong></span> <span class='ocrx_word' id='word_1_19' title='bbox 688 437 726 468; x_wconf 86' lang='lat' dir='ltr'><strong>et</strong></span> <span class='ocrx_word' id='word_1_20' title='bbox 765 428 899 467; x_wconf 86' lang='lat' dir='ltr'>Exodi</span> <span class='ocrx_word' id='word_1_21' title='bbox 937 426 1113 467; x_wconf 83' lang='lat' dir='ltr'><strong>XXXIIO</strong></span> <span class='ocrx_word' id='word_1_22' title='bbox 1159 426 1258 466; x_wconf 90' lang='lat' dir='ltr'><strong>dicit</strong></span> <span class='ocrx_word' id='word_1_23' title='bbox 1296 425 1521 478; x_wconf 87' lang='lat' dir='ltr'><strong>propheta:</strong></span> 
     </span>
     <span class='ocr_line' id='line_1_4' title="bbox 210 497 1058 539; baseline -0.004 -1"><span class='ocrx_word' id='word_1_24' title='bbox 210 500 508 539; x_wconf 79' lang='lat' dir='ltr'><strong>Consecrastis</strong></span> <span class='ocrx_word' id='word_1_25' title='bbox 540 511 695 538; x_wconf 80' lang='lat' dir='ltr'><strong>manus</strong></span> <span class='ocrx_word' id='word_1_26' title='bbox 726 505 890 538; x_wconf 74' lang='lat' dir='ltr'><strong>vestras</strong></span> <span class='ocrx_word' id='word_1_27' title='bbox 921 497 1058 537; x_wconf 79' lang='lat' dir='ltr'><strong>hodie.</strong></span> 
     </span>
    </p>

    <p class='ocr_par' dir='ltr' id='par_1_3' title="bbox 154 566 1813 1036">
     <span class='ocr_line' id='line_1_5' title="bbox 264 566 1522 620; baseline -0.002 -13"><span class='ocrx_word' id='word_1_28' title='bbox 264 569 508 608; x_wconf 85' lang='lat' dir='ltr'><strong>Secundum</strong></span> <span class='ocrx_word' id='word_1_29' title='bbox 560 567 806 620; x_wconf 85' lang='lat' dir='ltr'>sompnium</span> <span class='ocrx_word' id='word_1_30' title='bbox 850 576 910 606; x_wconf 91' lang='lat' dir='ltr'><strong>est</strong></span> <span class='ocrx_word' id='word_1_31' title='bbox 969 567 1019 605; x_wconf 91' lang='lat' dir='ltr'><strong>de</strong></span> <span class='ocrx_word' id='word_1_32' title='bbox 1079 567 1266 619; x_wconf 85' lang='lat' dir='ltr'><strong>quodam</strong></span> <span class='ocrx_word' id='word_1_33' title='bbox 1319 566 1522 618; x_wconf 82' lang='lat' dir='ltr'>piscatore</span> 
     </span>
     <span class='ocr_line' id='line_1_6' title="bbox 154 635 1521 691; baseline -0.002 -13"><span class='ocrx_word' id='word_1_34' title='bbox 154 637 277 691; x_wconf 82' lang='lat' dir='ltr'><strong>uni</strong></span> <span class='ocrx_word' id='word_1_35' title='bbox 312 637 569 690; x_wconf 60' lang='lat' dir='ltr'><strong>sompnia-vit</strong></span> <span class='ocrx_word' id='word_1_36' title='bbox 613 651 654 676; x_wconf 90' lang='lat' dir='ltr'><strong>se</strong></span> <span class='ocrx_word' id='word_1_37' title='bbox 697 637 887 676; x_wconf 88' lang='lat' dir='ltr'><strong>locutum</strong></span> <span class='ocrx_word' id='word_1_38' title='bbox 931 635 1055 675; x_wconf 86' lang='lat' dir='ltr'><strong>fuisse</strong></span> <span class='ocrx_word' id='word_1_39' title='bbox 1089 649 1187 675; x_wconf 89' lang='lat' dir='ltr'><strong>cum</strong></span> <span class='ocrx_word' id='word_1_40' title='bbox 1232 636 1354 675; x_wconf 81' lang='lat' dir='ltr'><strong>beato</strong></span> <span class='ocrx_word' id='word_1_41' title='bbox 1398 636 1521 675; x_wconf 86' lang='lat' dir='ltr'><strong>Petro</strong></span> 
     </span>
     <span class='ocr_line' id='line_1_7' title="bbox 207 705 1522 759; baseline -0.002 -14"><span class='ocrx_word' id='word_1_42' title='bbox 207 707 369 746; x_wconf 82' lang='lat' dir='ltr'><strong>dicente</strong></span> <span class='ocrx_word' id='word_1_43' title='bbox 416 721 457 746; x_wconf 88' lang='lat' dir='ltr'><strong>se</strong></span> <span class='ocrx_word' id='word_1_44' title='bbox 508 706 649 759; x_wconf 87' lang='lat' dir='ltr'><strong>ipsum</strong></span> <span class='ocrx_word' id='word_1_45' title='bbox 700 706 805 745; x_wconf 84' lang='lat' dir='ltr'><strong>velle</strong></span> <span class='ocrx_word' id='word_1_46' title='bbox 857 705 1012 744; x_wconf 86' lang='lat' dir='ltr'><strong>dictam</strong></span> <span class='ocrx_word' id='word_1_47' title='bbox 1063 705 1276 744; x_wconf 81' lang='lat' dir='ltr'>basilicam</span> <span class='ocrx_word' id='word_1_48' title='bbox 1327 705 1522 745; x_wconf 85' lang='lat' dir='ltr'><strong>manibus</strong></span> 
     </span>
     <span class='ocr_line' id='line_1_8' title="bbox 207 774 1522 828; baseline 0 -14"><span class='ocrx_word' id='word_1_49' title='bbox 207 776 386 828; x_wconf 88' lang='lat' dir='ltr'><strong>propriis</strong></span> <span class='ocrx_word' id='word_1_50' title='bbox 418 789 672 817; x_wconf 75' lang='lat' dir='ltr'><strong>consecrare,</strong></span> <span class='ocrx_word' id='word_1_51' title='bbox 706 776 827 816; x_wconf 86' lang='lat' dir='ltr'><strong>Unde</strong></span> <span class='ocrx_word' id='word_1_52' title='bbox 859 775 962 814; x_wconf 84' lang='lat' dir='ltr'><strong>vidit</strong></span> <span class='ocrx_word' id='word_1_53' title='bbox 985 784 1293 828; x_wconf 83' lang='lat' dir='ltr'><strong>consequenter</strong></span> <span class='ocrx_word' id='word_1_54' title='bbox 1323 774 1366 814; x_wconf 92' lang='lat' dir='ltr'><strong>in</strong></span> <span class='ocrx_word' id='word_1_55' title='bbox 1398 783 1522 814; x_wconf 90' lang='lat' dir='ltr'><strong>nocte</strong></span> 
     </span>
     <span class='ocr_line' id='line_1_9' title="bbox 206 844 1523 897; baseline 0 -13"><span class='ocrx_word' id='word_1_56' title='bbox 206 845 431 884; x_wconf 87' lang='lat' dir='ltr'><strong>vehemens</strong></span> <span class='ocrx_word' id='word_1_57' title='bbox 483 845 627 884; x_wconf 88' lang='lat' dir='ltr'><strong>lumen</strong></span> <span class='ocrx_word' id='word_1_58' title='bbox 678 845 719 883; x_wconf 91' lang='lat' dir='ltr'><strong>in</strong></span> <span class='ocrx_word' id='word_1_59' title='bbox 766 844 933 884; x_wconf 88' lang='lat' dir='ltr'><strong>basilica</strong></span> <span class='ocrx_word' id='word_1_60' title='bbox 977 844 1046 884; x_wconf 85' lang='lat' dir='ltr'><strong>illa</strong></span> <span class='ocrx_word' id='word_1_61' title='bbox 1095 845 1380 897; x_wconf 78' lang='lat' dir='ltr'><strong>splendescere</strong></span> <span class='ocrx_word' id='word_1_62' title='bbox 1425 858 1523 884; x_wconf 86' lang='lat' dir='ltr'><strong>cum</strong></span> 
     </span>
     <span class='ocr_line' id='line_1_10' title="bbox 208 913 1523 966; baseline 0 -14"><span class='ocrx_word' id='word_1_63' title='bbox 208 914 444 953; x_wconf 86' lang='lat' dir='ltr'><strong>assistencia</strong></span> <span class='ocrx_word' id='word_1_64' title='bbox 489 914 669 954; x_wconf 83' lang='lat' dir='ltr'><strong>aliorum</strong></span> <span class='ocrx_word' id='word_1_65' title='bbox 722 913 941 966; x_wconf 79' lang='lat' dir='ltr'><strong>signorum</strong></span> <span class='ocrx_word' id='word_1_66' title='bbox 993 913 1356 953; x_wconf 84' lang='lat' dir='ltr'><strong>consecracionem</strong></span> <span class='ocrx_word' id='word_1_67' title='bbox 1408 913 1523 952; x_wconf 87' lang='lat' dir='ltr'><strong>illam</strong></span> 
     </span>
     <span class='ocr_line' id='line_1_11' title="bbox 154 983 1813 1036; baseline -0.002 -12"><span class='ocrx_word' id='word_1_68' title='bbox 154 983 471 1024; x_wconf 72' lang='lat' dir='ltr'><strong>xotestancium.</strong></span> <span class='ocrx_word' id='word_1_69' title='bbox 517 983 597 1023; x_wconf 85' lang='lat' dir='ltr'><strong>Sed</strong></span> <span class='ocrx_word' id='word_1_70' title='bbox 643 984 694 1022; x_wconf 86' lang='lat' dir='ltr'><strong>da</strong></span> <span class='ocrx_word' id='word_1_71' title='bbox 739 992 964 1036; x_wconf 86' lang='lat' dir='ltr'><strong>utrumque</strong></span> <span class='ocrx_word' id='word_1_72' title='bbox 1000 983 1259 1036; x_wconf 83' lang='lat' dir='ltr'><strong>sompnium,</strong></span> <span class='ocrx_word' id='word_1_73' title='bbox 1305 992 1344 1023; x_wconf 91' lang='lat' dir='ltr'><strong>et</strong></span> <span class='ocrx_word' id='word_1_74' title='bbox 1385 983 1521 1022; x_wconf 86' lang='lat' dir='ltr'><strong>videa·</strong></span> <span class='ocrx_word' id='word_1_75' title='bbox 1538 990 1592 1017; x_wconf 87' lang='lat' dir='ltr'><strong>Let</strong></span> <span class='ocrx_word' id='word_1_76' title='bbox 1610 991 1661 1018; x_wconf 80' lang='lat' dir='ltr'><strong>the</strong></span> <span class='ocrx_word' id='word_1_77' title='bbox 1690 991 1813 1018; x_wconf 82' lang='lat' dir='ltr'><strong>dreams</strong></span> 
     </span>
    </p>
   </div>
   <div class='ocr_carea' id='block_1_3' title="bbox 208 1026 1795 1106">
    <p class='ocr_par' dir='ltr' id='par_1_4' title="bbox 208 1026 1795 1106">
     <span class='ocr_line' id='line_1_12' title="bbox 208 1026 1795 1106; baseline -0.003 -15"><span class='ocrx_word' id='word_1_78' title='bbox 208 1066 302 1092; x_wconf 89' lang='lat' dir='ltr'><strong>mus</strong></span> <span class='ocrx_word' id='word_1_79' title='bbox 355 1053 456 1106; x_wconf 88' lang='lat' dir='ltr'><strong>quid</strong></span> <span class='ocrx_word' id='word_1_80' title='bbox 512 1053 632 1092; x_wconf 86' lang='lat' dir='ltr'><strong>obest</strong></span> <span class='ocrx_word' id='word_1_81' title='bbox 685 1052 780 1092; x_wconf 87' lang='lat' dir='ltr'><strong>loco</strong></span> <span class='ocrx_word' id='word_1_82' title='bbox 832 1061 976 1092; x_wconf 82' lang='lat' dir='ltr'><strong>sancto</strong></span> <span class='ocrx_word' id='word_1_83' title='bbox 1030 1053 1335 1093; x_wconf 86' lang='lat' dir='ltr'><strong>extraccionem</strong></span> <span class='ocrx_word' id='word_1_84' title='bbox 1387 1026 1795 1104; x_wconf 56' lang='lat' dir='ltr'><strong>legiti-jffi15¹csss¹}’h{¹1}{¹d</strong></span> 
     </span>
    </p>
   </div>
   <div class='ocr_carea' id='block_1_4' title="bbox 156 1094 1804 1524">
    <p class='ocr_par' dir='ltr' id='par_1_5' title="bbox 209 1094 1803 1314">
     <span class='ocr_line' id='line_1_13' title="bbox 209 1094 1803 1176; baseline 0.001 -16"><span class='ocrx_word' id='word_1_85' title='bbox 209 1136 323 1161; x_wconf 91' lang='lat' dir='ltr'><strong>mam</strong></span> <span class='ocrx_word' id='word_1_86' title='bbox 355 1137 401 1162; x_wconf 88' lang='lat' dir='ltr'><strong>ac</strong></span> <span class='ocrx_word' id='word_1_87' title='bbox 443 1122 714 1174; x_wconf 84' lang='lat' dir='ltr'><strong>meritoriam,</strong></span> <span class='ocrx_word' id='word_1_88' title='bbox 767 1131 1008 1176; x_wconf 89' lang='lat' dir='ltr'><strong>preceptam</strong></span> <span class='ocrx_word' id='word_1_89' title='bbox 1041 1137 1063 1162; x_wconf 84' lang='lat' dir='ltr'><strong>a</strong></span> <span class='ocrx_word' id='word_1_90' title='bbox 1095 1137 1188 1176; x_wconf 86' lang='lat' dir='ltr'><strong>rege</strong></span> <span class='ocrx_word' id='word_1_91' title='bbox 1228 1123 1283 1161; x_wconf 91' lang='lat' dir='ltr'><strong>ibi</strong></span> <span class='ocrx_word' id='word_1_92' title='bbox 1327 1121 1522 1176; x_wconf 88' lang='lat' dir='ltr'><strong>perficere</strong></span> <span class='ocrx_word' id='word_1_93' title='bbox 1548 1094 1803 1166; x_wconf 47' lang='grc' dir='ltr'><strong>ὺθῑῐῗεῃῗῐξὲἓξ-ΠῙ</strong></span> 
     </span>
     <span class='ocr_line' id='line_1_14' title="bbox 209 1192 1520 1245; baseline -0.001 -14"><span class='ocrx_word' id='word_1_94' title='bbox 209 1192 441 1244; x_wconf 86' lang='lat' dir='ltr'><strong>specialiter</strong></span> <span class='ocrx_word' id='word_1_95' title='bbox 503 1201 670 1232; x_wconf 87' lang='lat' dir='ltr'><strong>tantum</strong></span> <span class='ocrx_word' id='word_1_96' title='bbox 736 1206 843 1245; x_wconf 88' lang='lat' dir='ltr'><strong>opus</strong></span> <span class='ocrx_word' id='word_1_97' title='bbox 908 1192 1191 1232; x_wconf 87' lang='lat' dir='ltr'><strong>misericordie</strong></span> <span class='ocrx_word' id='word_1_98' title='bbox 1257 1192 1373 1245; x_wconf 88' lang='lat' dir='ltr'><strong>quod</strong></span> <span class='ocrx_word' id='word_1_99' title='bbox 1430 1204 1520 1230; x_wconf 90' lang='lat' dir='ltr'><strong>ver-</strong></span> 
     </span>
     <span class='ocr_line' id='line_1_15' title="bbox 209 1260 1523 1314; baseline -0.001 -14"><span class='ocrx_word' id='word_1_100' title='bbox 209 1270 323 1313; x_wconf 85' lang='lat' dir='ltr'><strong>geret</strong></span> <span class='ocrx_word' id='word_1_101' title='bbox 360 1263 412 1300; x_wconf 90' lang='lat' dir='ltr'><strong>ad</strong></span> <span class='ocrx_word' id='word_1_102' title='bbox 451 1262 616 1301; x_wconf 84' lang='lat' dir='ltr'><strong>basilice</strong></span> <span class='ocrx_word' id='word_1_103' title='bbox 654 1271 996 1314; x_wconf 77' lang='lat' dir='ltr'><strong>purgamentum.</strong></span> <span class='ocrx_word' id='word_1_104' title='bbox 1049 1262 1171 1302; x_wconf 90' lang='lat' dir='ltr'><strong>Unde</strong></span> <span class='ocrx_word' id='word_1_105' title='bbox 1216 1260 1523 1301; x_wconf 90' lang='lat' dir='ltr'><strong>consuluissem</strong></span> 
     </span>
    </p>

    <p class='ocr_par' dir='ltr' id='par_1_6' title="bbox 156 1314 1804 1524">
     <span class='ocr_line' id='line_1_16' title="bbox 156 1314 1521 1384; baseline -0.001 -14"><span class='ocrx_word' id='word_1_106' title='bbox 156 1330 321 1370; x_wconf 86' lang='lat' dir='ltr'><strong>15dicto</strong></span> <span class='ocrx_word' id='word_1_107' title='bbox 354 1314 492 1371; x_wconf 83' lang='lat' dir='ltr'><strong>abbati</strong></span> <span class='ocrx_word' id='word_1_108' title='bbox 526 1340 565 1371; x_wconf 90' lang='lat' dir='ltr'><strong>et</strong></span> <span class='ocrx_word' id='word_1_109' title='bbox 597 1331 684 1371; x_wconf 90' lang='lat' dir='ltr'><strong>eius</strong></span> <span class='ocrx_word' id='word_1_110' title='bbox 718 1331 941 1371; x_wconf 85' lang='lat' dir='ltr'><strong>conventui</strong></span> <span class='ocrx_word' id='word_1_111' title='bbox 982 1331 1099 1384; x_wconf 88' lang='lat' dir='ltr'><strong>quod</strong></span> <span class='ocrx_word' id='word_1_112' title='bbox 1132 1330 1409 1384; x_wconf 80' lang='lat' dir='ltr'><strong>equanimiter</strong></span> <span class='ocrx_word' id='word_1_113' title='bbox 1440 1330 1521 1369; x_wconf 91' lang='lat' dir='ltr'><strong>tol-</strong></span> 
     </span>
     <span class='ocr_line' id='line_1_17' title="bbox 208 1400 1522 1453; baseline -0.001 -14"><span class='ocrx_word' id='word_1_114' title='bbox 208 1400 409 1440; x_wconf 87' lang='lat' dir='ltr'><strong>lerassent</strong></span> <span class='ocrx_word' id='word_1_115' title='bbox 451 1401 608 1440; x_wconf 88' lang='lat' dir='ltr'><strong>illatam</strong></span> <span class='ocrx_word' id='word_1_116' title='bbox 652 1400 849 1440; x_wconf 90' lang='lat' dir='ltr'><strong>iniuriam</strong></span> <span class='ocrx_word' id='word_1_117' title='bbox 893 1400 1191 1440; x_wconf 83' lang='lat' dir='ltr'><strong>sanctificando</strong></span> <span class='ocrx_word' id='word_1_118' title='bbox 1236 1414 1278 1439; x_wconf 91' lang='lat' dir='ltr'><strong>se</strong></span> <span class='ocrx_word' id='word_1_119' title='bbox 1323 1400 1438 1453; x_wconf 91' lang='lat' dir='ltr'><strong>ipsos</strong></span> <span class='ocrx_word' id='word_1_120' title='bbox 1483 1407 1522 1438; x_wconf 84' lang='lat' dir='ltr'><strong>et</strong></span> 
     </span>
     <span class='ocr_line' id='line_1_18' title="bbox 209 1470 1804 1524; baseline 0.001 -15"><span class='ocrx_word' id='word_1_121' title='bbox 209 1470 456 1510; x_wconf 84' lang='lat' dir='ltr'><strong>celebrando</strong></span> <span class='ocrx_word' id='word_1_122' title='bbox 495 1470 693 1510; x_wconf 85' lang='lat' dir='ltr'><strong>devocius</strong></span> <span class='ocrx_word' id='word_1_123' title='bbox 724 1484 800 1523; x_wconf 89' lang='lat' dir='ltr'><strong>pro</strong></span> <span class='ocrx_word' id='word_1_124' title='bbox 833 1483 927 1524; x_wconf 84' lang='lat' dir='ltr'><strong>rege</strong></span> <span class='ocrx_word' id='word_1_125' title='bbox 966 1479 1004 1509; x_wconf 87' lang='lat' dir='ltr'><strong>et</strong></span> <span class='ocrx_word' id='word_1_126' title='bbox 1037 1470 1121 1510; x_wconf 89' lang='lat' dir='ltr'><strong>suis</strong></span> <span class='ocrx_word' id='word_1_127' title='bbox 1167 1470 1519 1523; x_wconf 82' lang='lat' dir='ltr'><strong>progenitoribus,</strong></span> <span class='ocrx_word' id='word_1_128' title='bbox 1538 1475 1638 1514; x_wconf 26' lang='lat' dir='ltr'><strong>‘More</strong></span> <span class='ocrx_word' id='word_1_129' title='bbox 1659 1476 1804 1503; x_wconf 74' lang='lat' dir='ltr'><strong>devotion</strong></span> 
     </span>
    </p>
   </div>
   <div class='ocr_carea' id='block_1_5' title="bbox 208 1511 1815 1593">
    <p class='ocr_par' dir='ltr' id='par_1_7' title="bbox 208 1511 1815 1593">
     <span class='ocr_line' id='line_1_19' title="bbox 208 1511 1815 1593; baseline 0.001 -16"><span class='ocrx_word' id='word_1_130' title='bbox 208 1539 252 1578; x_wconf 91' lang='lat' dir='ltr'><strong>In</strong></span> <span class='ocrx_word' id='word_1_131' title='bbox 285 1539 354 1579; x_wconf 85' lang='lat' dir='ltr'><strong>illa</strong></span> <span class='ocrx_word' id='word_1_132' title='bbox 386 1549 527 1580; x_wconf 83' lang='lat' dir='ltr'><strong>autem</strong></span> <span class='ocrx_word' id='word_1_133' title='bbox 564 1539 777 1593; x_wconf 79' lang='lat' dir='ltr'><strong>paciencia</strong></span> <span class='ocrx_word' id='word_1_134' title='bbox 809 1540 966 1579; x_wconf 86' lang='lat' dir='ltr'><strong>facilius</strong></span> <span class='ocrx_word' id='word_1_135' title='bbox 1000 1548 1265 1592; x_wconf 86' lang='lat' dir='ltr'><strong>superassent</strong></span> <span class='ocrx_word' id='word_1_136' title='bbox 1297 1553 1426 1593; x_wconf 86' lang='lat' dir='ltr'><strong>quam</strong></span> <span class='ocrx_word' id='word_1_137' title='bbox 1459 1540 1520 1579; x_wconf 89' lang='lat' dir='ltr'><strong>in·</strong></span> <span class='ocrx_word' id='word_1_138' title='bbox 1536 1511 1815 1573; x_wconf 44' lang='grc' dir='ltr'><strong>ἕίῑῃῖἲθῑεῃῗὲιᾮέῗῖῐ</strong></span> 
     </span>
    </p>
   </div>
   <div class='ocr_carea' id='block_1_6' title="bbox 153 1579 1787 2637">
    <p class='ocr_par' dir='ltr' id='par_1_8' title="bbox 153 1579 1787 2637">
     <span class='ocr_line' id='line_1_20' title="bbox 209 1579 1787 1662; baseline 0.001 -14"><span class='ocrx_word' id='word_1_139' title='bbox 209 1609 418 1662; x_wconf 84' lang='lat' dir='ltr'><strong>surgendo</strong></span> <span class='ocrx_word' id='word_1_140' title='bbox 443 1609 628 1649; x_wconf 88' lang='lat' dir='ltr'><strong>frontose</strong></span> <span class='ocrx_word' id='word_1_141' title='bbox 648 1623 722 1662; x_wconf 89' lang='lat' dir='ltr'><strong>per</strong></span> <span class='ocrx_word' id='word_1_142' title='bbox 745 1609 1239 1649; x_wconf 79' lang='lat' dir='ltr'><strong>excommunicacionem</strong></span> <span class='ocrx_word' id='word_1_143' title='bbox 1256 1609 1298 1648; x_wconf 90' lang='lat' dir='ltr'><strong>in</strong></span> <span class='ocrx_word' id='word_1_144' title='bbox 1316 1609 1523 1662; x_wconf 87' lang='lat' dir='ltr'><strong>privatam</strong></span> <span class='ocrx_word' id='word_1_145' title='bbox 1564 1579 1787 1650; x_wconf 48' lang='lat' dir='ltr'><strong>topiiiiliiggeslis</strong></span> 
     </span>
     <span class='ocr_line' id='line_1_21' title="bbox 153 1677 1523 1732; baseline 0.002 -16"><span class='ocrx_word' id='word_1_146' title='bbox 153 1695 194 1716; x_wconf 89' lang='lat'><strong>20</strong></span> <span class='ocrx_word' id='word_1_147' title='bbox 209 1678 314 1731; x_wconf 88' lang='lat' dir='ltr'><strong>regis</strong></span> <span class='ocrx_word' id='word_1_148' title='bbox 338 1677 552 1719; x_wconf 83' lang='lat' dir='ltr'><strong>familiam.</strong></span> <span class='ocrx_word' id='word_1_149' title='bbox 578 1679 693 1719; x_wconf 88' lang='lat' dir='ltr'><strong>Sicut</strong></span> <span class='ocrx_word' id='word_1_150' title='bbox 709 1679 821 1718; x_wconf 89' lang='lat' dir='ltr'><strong>enim</strong></span> <span class='ocrx_word' id='word_1_151' title='bbox 841 1679 1108 1732; x_wconf 86' lang='lat' dir='ltr'><strong>privilegium</strong></span> <span class='ocrx_word' id='word_1_152' title='bbox 1123 1679 1290 1719; x_wconf 89' lang='lat' dir='ltr'><strong>ecclesie</strong></span> <span class='ocrx_word' id='word_1_153' title='bbox 1309 1679 1523 1732; x_wconf 87' lang='lat' dir='ltr'><strong>quesitum</strong></span> 
     </span>
     <span class='ocr_line' id='line_1_22' title="bbox 211 1748 1523 1801; baseline 0.001 -14"><span class='ocrx_word' id='word_1_154' title='bbox 211 1756 271 1787; x_wconf 89' lang='lat' dir='ltr'><strong>est</strong></span> <span class='ocrx_word' id='word_1_155' title='bbox 292 1761 364 1801; x_wconf 89' lang='lat' dir='ltr'><strong>per</strong></span> <span class='ocrx_word' id='word_1_156' title='bbox 387 1748 645 1801; x_wconf 87' lang='lat' dir='ltr'><strong>pacienciam</strong></span> <span class='ocrx_word' id='word_1_157' title='bbox 668 1748 821 1788; x_wconf 85' lang='lat' dir='ltr'><strong>Christi</strong></span> <span class='ocrx_word' id='word_1_158' title='bbox 855 1757 894 1788; x_wconf 89' lang='lat' dir='ltr'><strong>et</strong></span> <span class='ocrx_word' id='word_1_159' title='bbox 926 1762 1100 1788; x_wconf 88' lang='lat' dir='ltr'><strong>suorum</strong></span> <span class='ocrx_word' id='word_1_160' title='bbox 1130 1749 1433 1800; x_wconf 82' lang='lat' dir='ltr'><strong>membrorum,</strong></span> <span class='ocrx_word' id='word_1_161' title='bbox 1466 1749 1523 1788; x_wconf 89' lang='lat' dir='ltr'><strong>sic</strong></span> 
     </span>
     <span class='ocr_line' id='line_1_23' title="bbox 211 1816 1526 1858; baseline 0 -2"><span class='ocrx_word' id='word_1_162' title='bbox 211 1826 271 1856; x_wconf 89' lang='lat' dir='ltr'><strong>est</strong></span> <span class='ocrx_word' id='word_1_163' title='bbox 316 1816 588 1857; x_wconf 88' lang='lat' dir='ltr'><strong>conformiter</strong></span> <span class='ocrx_word' id='word_1_164' title='bbox 631 1817 955 1857; x_wconf 87' lang='lat' dir='ltr'><strong>defendendum.</strong></span> <span class='ocrx_word' id='word_1_165' title='bbox 1009 1819 1130 1858; x_wconf 89' lang='lat' dir='ltr'><strong>Unde</strong></span> <span class='ocrx_word' id='word_1_166' title='bbox 1177 1818 1368 1858; x_wconf 86' lang='lat' dir='ltr'><strong>Christus</strong></span> <span class='ocrx_word' id='word_1_167' title='bbox 1412 1818 1526 1857; x_wconf 90' lang='lat' dir='ltr'><strong>dedit</strong></span> 
     </span>
     <span class='ocr_line' id='line_1_24' title="bbox 211 1886 1527 1941; baseline 0.002 -16"><span class='ocrx_word' id='word_1_168' title='bbox 211 1886 429 1939; x_wconf 85' lang='lat' dir='ltr'><strong>privilegia</strong></span> <span class='ocrx_word' id='word_1_169' title='bbox 460 1887 655 1927; x_wconf 83' lang='lat' dir='ltr'><strong>facillima</strong></span> <span class='ocrx_word' id='word_1_170' title='bbox 693 1888 745 1926; x_wconf 84' lang='lat' dir='ltr'><strong>ad</strong></span> <span class='ocrx_word' id='word_1_171' title='bbox 786 1888 1048 1941; x_wconf 88' lang='lat' dir='ltr'><strong>querendum</strong></span> <span class='ocrx_word' id='word_1_172' title='bbox 1079 1902 1156 1941; x_wconf 90' lang='lat' dir='ltr'><strong>pro</strong></span> <span class='ocrx_word' id='word_1_173' title='bbox 1190 1888 1343 1941; x_wconf 87' lang='lat' dir='ltr'><strong>quibus</strong></span> <span class='ocrx_word' id='word_1_174' title='bbox 1382 1887 1527 1927; x_wconf 88' lang='lat' dir='ltr'><strong>docuit</strong></span> 
     </span>
     <span class='ocr_line' id='line_1_25' title="bbox 212 1955 1526 2010; baseline 0.001 -15"><span class='ocrx_word' id='word_1_175' title='bbox 212 1970 297 1995; x_wconf 89' lang='lat' dir='ltr'><strong>non</strong></span> <span class='ocrx_word' id='word_1_176' title='bbox 342 1970 429 1996; x_wconf 90' lang='lat' dir='ltr'><strong>esse</strong></span> <span class='ocrx_word' id='word_1_177' title='bbox 474 1955 745 2010; x_wconf 88' lang='lat' dir='ltr'><strong>corporaliter</strong></span> <span class='ocrx_word' id='word_1_178' title='bbox 790 1958 1147 2009; x_wconf 80' lang='lat' dir='ltr'><strong>contendendum,</strong></span> <span class='ocrx_word' id='word_1_179' title='bbox 1193 1959 1265 1997; x_wconf 92' lang='lat' dir='ltr'><strong>sed</strong></span> <span class='ocrx_word' id='word_1_180' title='bbox 1303 1957 1345 1996; x_wconf 91' lang='lat' dir='ltr'><strong>in</strong></span> <span class='ocrx_word' id='word_1_181' title='bbox 1379 1971 1526 1996; x_wconf 85' lang='lat' dir='ltr'><strong>eorum</strong></span> 
     </span>
     <span class='ocr_line' id='line_1_26' title="bbox 156 2026 1527 2079; baseline 0.001 -15"><span class='ocrx_word' id='word_1_182' title='bbox 156 2030 194 2062; x_wconf 81' lang='lat'><strong>25</strong></span> <span class='ocrx_word' id='word_1_183' title='bbox 212 2026 498 2066; x_wconf 87' lang='lat' dir='ltr'><strong>defensionem</strong></span> <span class='ocrx_word' id='word_1_184' title='bbox 552 2041 637 2066; x_wconf 88' lang='lat' dir='ltr'><strong>esse</strong></span> <span class='ocrx_word' id='word_1_185' title='bbox 687 2027 900 2066; x_wconf 89' lang='lat' dir='ltr'><strong>humiliter</strong></span> <span class='ocrx_word' id='word_1_186' title='bbox 945 2027 1211 2079; x_wconf 87' lang='lat' dir='ltr'><strong>paciendum,</strong></span> <span class='ocrx_word' id='word_1_187' title='bbox 1261 2036 1307 2066; x_wconf 89' lang='lat' dir='ltr'><strong>ut</strong></span> <span class='ocrx_word' id='word_1_188' title='bbox 1354 2027 1527 2066; x_wconf 91' lang='lat' dir='ltr'><strong>docetur</strong></span> 
     </span>
     <span class='ocr_line' id='line_1_27' title="bbox 212 2095 1527 2150; baseline 0.001 -16"><span class='ocrx_word' id='word_1_189' title='bbox 212 2095 377 2147; x_wconf 68' lang='lat' dir='ltr'><strong>XXllla,</strong></span> <span class='ocrx_word' id='word_1_190' title='bbox 426 2110 464 2149; x_wconf 87' lang='lat' dir='ltr'><strong>q.</strong></span> <span class='ocrx_word' id='word_1_191' title='bbox 499 2096 527 2147; x_wconf 84' lang='grc' dir='ltr'><strong>Ι,</strong></span> <span class='ocrx_word' id='word_1_192' title='bbox 560 2096 601 2134; x_wconf 93' lang='lat' dir='ltr'><strong>in</strong></span> <span class='ocrx_word' id='word_1_193' title='bbox 634 2096 856 2149; x_wconf 82' lang='lat' dir='ltr'><strong>principio,</strong></span> <span class='ocrx_word' id='word_1_194' title='bbox 917 2096 1135 2150; x_wconf 84' lang='lat' dir='ltr'><strong>Privilegia</strong></span> <span class='ocrx_word' id='word_1_195' title='bbox 1167 2105 1309 2136; x_wconf 85' lang='lat' dir='ltr'><strong>autem</strong></span> <span class='ocrx_word' id='word_1_196' title='bbox 1341 2096 1527 2136; x_wconf 87' lang='lat' dir='ltr'><strong>humana</strong></span> 
     </span>
     <span class='ocr_line' id='line_1_28' title="bbox 213 2165 1526 2219; baseline 0 -14"><span class='ocrx_word' id='word_1_197' title='bbox 213 2174 310 2205; x_wconf 88' lang='lat' dir='ltr'><strong>sunt</strong></span> <span class='ocrx_word' id='word_1_198' title='bbox 341 2165 601 2205; x_wconf 89' lang='lat' dir='ltr'><strong>condicionis</strong></span> <span class='ocrx_word' id='word_1_199' title='bbox 635 2166 844 2219; x_wconf 84' lang='lat' dir='ltr'><strong>opposite,</strong></span> <span class='ocrx_word' id='word_1_200' title='bbox 891 2180 987 2205; x_wconf 87' lang='lat' dir='ltr'><strong>cum</strong></span> <span class='ocrx_word' id='word_1_201' title='bbox 1030 2166 1073 2205; x_wconf 87' lang='lat' dir='ltr'><strong>in</strong></span> <span class='ocrx_word' id='word_1_202' title='bbox 1120 2180 1194 2205; x_wconf 88' lang='lat' dir='ltr'><strong>sua</strong></span> <span class='ocrx_word' id='word_1_203' title='bbox 1226 2165 1526 2219; x_wconf 86' lang='lat' dir='ltr'><strong>impetracione</strong></span> 
     </span>
     <span class='ocr_line' id='line_1_29' title="bbox 214 2235 1528 2288; baseline 0.001 -15"><span class='ocrx_word' id='word_1_204' title='bbox 214 2244 310 2275; x_wconf 89' lang='lat' dir='ltr'><strong>sunt</strong></span> <span class='ocrx_word' id='word_1_205' title='bbox 344 2244 606 2288; x_wconf 83' lang='lat' dir='ltr'><strong>sumptuosa,</strong></span> <span class='ocrx_word' id='word_1_206' title='bbox 646 2235 687 2274; x_wconf 90' lang='lat' dir='ltr'><strong>in</strong></span> <span class='ocrx_word' id='word_1_207' title='bbox 721 2249 795 2275; x_wconf 85' lang='lat' dir='ltr'><strong>sua</strong></span> <span class='ocrx_word' id='word_1_208' title='bbox 828 2235 1071 2275; x_wconf 87' lang='lat' dir='ltr'><strong>defensione</strong></span> <span class='ocrx_word' id='word_1_209' title='bbox 1104 2244 1201 2275; x_wconf 85' lang='lat' dir='ltr'><strong>sunt</strong></span> <span class='ocrx_word' id='word_1_210' title='bbox 1232 2235 1454 2283; x_wconf 86' lang='lat' dir='ltr'><strong>laboriosa,</strong></span> <span class='ocrx_word' id='word_1_211' title='bbox 1488 2244 1528 2274; x_wconf 88' lang='lat' dir='ltr'><strong>et</strong></span> 
     </span>
     <span class='ocr_line' id='line_1_30' title="bbox 215 2304 1525 2358; baseline 0 -15"><span class='ocrx_word' id='word_1_212' title='bbox 215 2304 256 2343; x_wconf 92' lang='lat' dir='ltr'><strong>in</strong></span> <span class='ocrx_word' id='word_1_213' title='bbox 289 2318 362 2343; x_wconf 83' lang='lat' dir='ltr'><strong>sua</strong></span> <span class='ocrx_word' id='word_1_214' title='bbox 394 2304 676 2345; x_wconf 84' lang='lat' dir='ltr'><strong>retribucione</strong></span> <span class='ocrx_word' id='word_1_215' title='bbox 710 2314 808 2344; x_wconf 88' lang='lat' dir='ltr'><strong>sunt</strong></span> <span class='ocrx_word' id='word_1_216' title='bbox 840 2306 1090 2358; x_wconf 80' lang='lat' dir='ltr'><strong>dampnosa,</strong></span> <span class='ocrx_word' id='word_1_217' title='bbox 1138 2305 1244 2344; x_wconf 90' lang='lat' dir='ltr'><strong>sicut</strong></span> <span class='ocrx_word' id='word_1_218' title='bbox 1282 2314 1343 2345; x_wconf 88' lang='lat' dir='ltr'><strong>est</strong></span> <span class='ocrx_word' id='word_1_219' title='bbox 1374 2305 1424 2343; x_wconf 90' lang='lat' dir='ltr'><strong>de</strong></span> <span class='ocrx_word' id='word_1_220' title='bbox 1458 2318 1525 2344; x_wconf 90' lang='lat' dir='ltr'><strong>su-</strong></span> 
     </span>
     <span class='ocr_line' id='line_1_31' title="bbox 158 2374 1525 2428; baseline 0.001 -16"><span class='ocrx_word' id='word_1_221' title='bbox 158 2375 199 2407; x_wconf 79' lang='lat'><strong>30</strong></span> <span class='ocrx_word' id='word_1_222' title='bbox 215 2374 357 2426; x_wconf 89' lang='lat' dir='ltr'><strong>perbia</strong></span> <span class='ocrx_word' id='word_1_223' title='bbox 389 2383 427 2413; x_wconf 93' lang='lat' dir='ltr'><strong>et</strong></span> <span class='ocrx_word' id='word_1_224' title='bbox 455 2374 539 2413; x_wconf 93' lang='lat' dir='ltr'><strong>suis</strong></span> <span class='ocrx_word' id='word_1_225' title='bbox 563 2374 736 2427; x_wconf 87' lang='lat' dir='ltr'><strong>singulis</strong></span> <span class='ocrx_word' id='word_1_226' title='bbox 767 2374 942 2417; x_wconf 88' lang='lat' dir='ltr'><strong>filiabus.</strong></span> <span class='ocrx_word' id='word_1_227' title='bbox 978 2375 1097 2426; x_wconf 83' lang='lat' dir='ltr'><strong>Quis,</strong></span> <span class='ocrx_word' id='word_1_228' title='bbox 1132 2375 1318 2428; x_wconf 81' lang='lat' dir='ltr'><strong>inquam,</strong></span> <span class='ocrx_word' id='word_1_229' title='bbox 1353 2383 1525 2414; x_wconf 89' lang='lat' dir='ltr'><strong>conten-</strong></span> 
     </span>
     <span class='ocr_line' id='line_1_32' title="bbox 216 2443 1528 2497; baseline 0.001 -15"><span class='ocrx_word' id='word_1_230' title='bbox 216 2444 329 2482; x_wconf 87' lang='lat' dir='ltr'><strong>deret</strong></span> <span class='ocrx_word' id='word_1_231' title='bbox 373 2443 476 2483; x_wconf 82' lang='lat' dir='ltr'><strong>circa</strong></span> <span class='ocrx_word' id='word_1_232' title='bbox 522 2443 789 2497; x_wconf 83' lang='lat' dir='ltr'><strong>privilegium</strong></span> <span class='ocrx_word' id='word_1_233' title='bbox 826 2444 997 2483; x_wconf 90' lang='lat' dir='ltr'><strong>nolendi</strong></span> <span class='ocrx_word' id='word_1_234' title='bbox 1035 2444 1246 2497; x_wconf 87' lang='lat' dir='ltr'><strong>possidere</strong></span> <span class='ocrx_word' id='word_1_235' title='bbox 1279 2458 1430 2484; x_wconf 85' lang='lat' dir='ltr'><strong>aurum</strong></span> <span class='ocrx_word' id='word_1_236' title='bbox 1464 2445 1528 2483; x_wconf 81' lang='lat' dir='ltr'><strong>vel</strong></span> 
     </span>
     <span class='ocr_line' id='line_1_33' title="bbox 214 2513 1526 2567; baseline 0.002 -15"><span class='ocrx_word' id='word_1_237' title='bbox 214 2522 446 2567; x_wconf 84' lang='lat' dir='ltr'><strong>argentum,</strong></span> <span class='ocrx_word' id='word_1_238' title='bbox 492 2522 531 2552; x_wconf 90' lang='lat' dir='ltr'><strong>et</strong></span> <span class='ocrx_word' id='word_1_239' title='bbox 575 2513 630 2552; x_wconf 87' lang='lat' dir='ltr'><strong>sic</strong></span> <span class='ocrx_word' id='word_1_240' title='bbox 670 2513 719 2552; x_wconf 91' lang='lat' dir='ltr'><strong>de</strong></span> <span class='ocrx_word' id='word_1_241' title='bbox 759 2513 846 2552; x_wconf 84' lang='lat' dir='ltr'><strong>aliis</strong></span> <span class='ocrx_word' id='word_1_242' title='bbox 879 2513 1103 2567; x_wconf 84' lang='lat' dir='ltr'><strong>privilegiis</strong></span> <span class='ocrx_word' id='word_1_243' title='bbox 1137 2513 1289 2554; x_wconf 88' lang='lat' dir='ltr'><strong>Christi</strong></span> <span class='ocrx_word' id='word_1_244' title='bbox 1336 2514 1526 2567; x_wconf 89' lang='lat' dir='ltr'><strong>superius</strong></span> 
     </span>
     <span class='ocr_line' id='line_1_34' title="bbox 214 2580 1527 2637; baseline 0.002 -16"><span class='ocrx_word' id='word_1_245' title='bbox 214 2580 481 2623; x_wconf 85' lang='lat' dir='ltr'><strong>memoratis?</strong></span> <span class='ocrx_word' id='word_1_246' title='bbox 522 2583 615 2636; x_wconf 83' lang='lat' dir='ltr'><strong>Ipsa</strong></span> <span class='ocrx_word' id='word_1_247' title='bbox 648 2581 762 2621; x_wconf 88' lang='lat' dir='ltr'><strong>enim</strong></span> <span class='ocrx_word' id='word_1_248' title='bbox 795 2583 1008 2623; x_wconf 88' lang='lat' dir='ltr'><strong>donantur</strong></span> <span class='ocrx_word' id='word_1_249' title='bbox 1039 2598 1112 2637; x_wconf 90' lang='lat' dir='ltr'><strong>per</strong></span> <span class='ocrx_word' id='word_1_250' title='bbox 1143 2583 1412 2637; x_wconf 85' lang='lat' dir='ltr'><strong>apercionem</strong></span> <span class='ocrx_word' id='word_1_251' title='bbox 1444 2584 1527 2624; x_wconf 91' lang='lat' dir='ltr'><strong>oris</strong></span> 
     </span>
    </p>
   </div>
   <div class='ocr_carea' id='block_1_7' title="bbox 216 2717 1525 2802">
    <p class='ocr_par' dir='ltr' id='par_1_9' title="bbox 216 2717 1525 2802">
     <span class='ocr_line' id='line_1_35' title="bbox 267 2717 1525 2754; baseline 0.002 -9"><span class='ocrx_word' id='word_1_252' title='bbox 267 2726 292 2745; x_wconf 83' lang='lat'><strong>2.</strong></span> <span class='ocrx_word' id='word_1_253' title='bbox 314 2718 346 2746; x_wconf 87' lang='lat' dir='ltr'><strong>In</strong></span> <span class='ocrx_word' id='word_1_254' title='bbox 360 2717 561 2747; x_wconf 78' lang='lat' dir='ltr'><strong>codd.Exod.</strong></span> <span class='ocrx_word' id='word_1_255' title='bbox 571 2718 668 2746; x_wconf 87' lang='lat' dir='ltr'>XXII.</span> <span class='ocrx_word' id='word_1_256' title='bbox 747 2727 790 2753; x_wconf 89' lang='lat'><strong>14.</strong></span> <span class='ocrx_word' id='word_1_257' title='bbox 810 2718 880 2746; x_wconf 90' lang='lat' dir='ltr'><strong>Ain</strong></span> <span class='ocrx_word' id='word_1_258' title='bbox 893 2727 1008 2754; x_wconf 76' lang='lat' dir='ltr'><strong>marg-z</strong></span> <span class='ocrx_word' id='word_1_259' title='bbox 1031 2719 1215 2748; x_wconf 89' lang='lat' dir='ltr'><strong>Consilium.</strong></span> <span class='ocrx_word' id='word_1_260' title='bbox 1237 2720 1275 2748; x_wconf 89' lang='lat' dir='ltr'><strong>B:</strong></span> <span class='ocrx_word' id='word_1_261' title='bbox 1297 2721 1525 2750; x_wconf 82' lang='lat' dir='ltr'><strong>consiluissem.</strong></span> 
     </span>
     <span class='ocr_line' id='line_1_36' title="bbox 216 2763 1525 2802; baseline 0.002 -11"><span class='ocrx_word' id='word_1_262' title='bbox 216 2763 258 2791; x_wconf 82' lang='lat'><strong>23.</strong></span> <span class='ocrx_word' id='word_1_263' title='bbox 278 2764 350 2791; x_wconf 86' lang='lat' dir='ltr'><strong>Ain</strong></span> <span class='ocrx_word' id='word_1_264' title='bbox 366 2773 480 2800; x_wconf 51' lang='lat' dir='ltr'><strong>marga</strong></span> <span class='ocrx_word' id='word_1_265' title='bbox 502 2764 648 2792; x_wconf 85' lang='lat' dir='ltr'><strong>Defensio</strong></span> <span class='ocrx_word' id='word_1_266' title='bbox 664 2764 898 2800; x_wconf 80' lang='lat' dir='ltr'><strong>privilegiorum</strong></span> <span class='ocrx_word' id='word_1_267' title='bbox 914 2765 1053 2794; x_wconf 79' lang='lat' dir='ltr'><strong>ecclesie.</strong></span> <span class='ocrx_word' id='word_1_268' title='bbox 1161 2765 1203 2795; x_wconf 82' lang='lat'><strong>33.</strong></span> <span class='ocrx_word' id='word_1_269' title='bbox 1225 2766 1257 2793; x_wconf 79' lang='lat'><strong>13:</strong></span> <span class='ocrx_word' id='word_1_270' title='bbox 1277 2775 1331 2802; x_wconf 88' lang='lat' dir='ltr'><strong>per</strong></span> <span class='ocrx_word' id='word_1_271' title='bbox 1351 2767 1525 2802; x_wconf 78' lang='lat' dir='ltr'><strong>apcionem.</strong></span> 
     </span>
    </p>
   </div>
   <div class='ocr_carea' id='block_1_8' title="bbox 278 2859 1438 2952">
    <p class='ocr_par' dir='ltr' id='par_1_10' title="bbox 278 2859 1438 2952">
     <span class='ocr_line' id='line_1_37' title="bbox 278 2859 1438 2905; baseline 0.003 -14"><span class='ocrx_word' id='word_1_272' title='bbox 278 2859 328 2891; x_wconf 74' lang='lat'><strong>26.</strong></span> <span class='ocrx_word' id='word_1_273' title='bbox 355 2860 455 2892; x_wconf 83' lang='lat' dir='ltr'><strong>Dccr.</strong></span> <span class='ocrx_word' id='word_1_274' title='bbox 482 2870 549 2892; x_wconf 69' lang='lat' dir='ltr'><strong>see.</strong></span> <span class='ocrx_word' id='word_1_275' title='bbox 577 2871 667 2903; x_wconf 63' lang='lat' dir='ltr'><strong>pam,</strong></span> <span class='ocrx_word' id='word_1_276' title='bbox 695 2871 798 2892; x_wconf 83' lang='lat' dir='ltr'><strong>causa</strong></span> <span class='ocrx_word' id='word_1_277' title='bbox 826 2862 942 2903; x_wconf 79' lang='lat' dir='ltr'>XXIII,</span> <span class='ocrx_word' id='word_1_278' title='bbox 969 2873 1002 2905; x_wconf 88' lang='lat' dir='ltr'><strong>q.</strong></span> <span class='ocrx_word' id='word_1_279' title='bbox 1030 2862 1054 2901; x_wconf 83' lang='grc' dir='ltr'><strong>Ι,</strong></span> <span class='ocrx_word' id='word_1_280' title='bbox 1082 2872 1155 2904; x_wconf 80' lang='lat' dir='ltr'><strong>cap.</strong></span> <span class='ocrx_word' id='word_1_281' title='bbox 1182 2863 1206 2893; x_wconf 89' lang='grc' dir='ltr'><strong>Ι.</strong></span> <span class='ocrx_word' id='word_1_282' title='bbox 1233 2862 1312 2894; x_wconf 80' lang='lat' dir='ltr'><strong>Nisi</strong></span> <span class='ocrx_word' id='word_1_283' title='bbox 1339 2863 1438 2894; x_wconf 81' lang='lat' dir='ltr'><strong>bella.</strong></span> 
     </span>
     <span class='ocr_line' id='line_1_38' title="bbox 1374 2921 1412 2952; baseline 0 0"><span class='ocrx_word' id='word_1_284' title='bbox 1374 2921 1412 2952; x_wconf 89' lang='lat'><strong>18</strong></span> 
     </span>
    </p>
   </div>
  </div>
 </body>
</html>
