2051 3273
250 223 339 251 CAP.
361 212 458 270 xm]
744 226 803 257 DE
830 224 1063 256 ECCLESIA.
1766 214 1844 265 307

97 341 128 373 F
154 345 232 384 172a
246 344 327 383 que
360 329 579 382 possident
609 339 647 369 et
680 329 872 368 tollentes
907 342 1073 367 crucem
1107 337 1333 380 sequantur
1365 341 1463 367 eum
1493 326 1556 380 (ut

247 410 359 453 patet
380 399 551 439 Matthei
568 400 640 450 XO,
672 400 785 437 Luce
806 399 922 437 XIVO
939 408 977 437 et
1001 411 1096 450 sepe
1124 397 1219 436 alibi
1242 397 1285 436 in
1308 396 1554 450 evangelio).

305 469 417 509 Cum
455 482 552 522 ergo
593 468 634 507 in
674 467 783 507 facto
817 468 950 506 movit
983 467 1199 520 apostolos
1233 481 1330 507 suos
1363 467 1413 506 ad
1447 466 1556 505 facto
1588 473 1692 502 Christ
1712 475 1763 503 did
1784 482 1837 504 not

1571 510 1743 536 contradict
1766 511 1846 538 hirn-

247 548 286 578 et
319 538 642 578 conversacione
674 538 1039 589 interpretandum
1070 537 1145 576 hec
1179 537 1375 576 mandata
1408 550 1556 576 secun·
1607 544 1812 613 sffigffidhihqe

213 609 350 649 5dum
380 607 510 647 vitam
543 606 914 660 exproprietariam
947 616 986 646 et
1018 606 1226 659 penalem,
1259 620 1335 645 nec
1368 619 1559 658 unquam
1573 615 1708 675 ³¹³⁰·⁵{¹e³
1738 620 1769 641 to
1790 615 1848 642 live

246 677 383 716 innuit
415 677 470 716 eis
504 676 845 716 dominacionem
869 676 1047 727 civilem,
1067 676 1210 715 fuisset
1233 675 1356 715 nimis
1381 689 1558 728 magnus
1599 654 1818 720 wnipoetgypro-

247 747 454 796 seductor,
490 745 521 785 si
555 759 653 785 cum
684 745 771 784 istis
804 745 973 797 paribus
1007 745 1351 785 dominacionem
1396 744 1560 784 civilem

247 829 323 868 pro
381 824 488 855 statu
546 815 640 854 cleri
696 815 887 854 moderni
940 815 1183 855 intendebat
1226 815 1325 867 ipsis
1387 815 1558 854 adicere.

246 886 356 924 Nam
389 885 634 937 capitalibus
681 884 987 937 exemplaribus
1034 884 1075 922 in
1109 884 1260 937 quibus
1294 884 1408 923 dedit
1440 884 1560 923 nobis

193 963 500 1007 1opotestatem
549 965 587 994 et
642 955 829 1007 regulam
876 954 1042 992 vivendi
1086 954 1262 1006 precipit
1310 963 1348 992 et
1394 953 1563 992 monuit

248 1025 527 1077 exemplando
561 1024 822 1076 oppositum,
867 1037 941 1063 nec
975 1035 1035 1063 est
1068 1024 1259 1063 credibile
1300 1023 1414 1076 quod
1447 1022 1561 1061 dese-

248 1103 353 1133 reret
376 1095 534 1134 clerum
557 1108 695 1144 suum,
720 1103 858 1133 tacens
883 1094 1060 1133 omnino
1084 1094 1364 1133 necessarium
1388 1093 1439 1131 ad
1462 1106 1561 1131 con-

246 1164 532 1203 versacionem
578 1164 769 1216 ipsorum
813 1164 1047 1203 secundum
1082 1177 1207 1203 suum
1254 1162 1561 1215 beneplacitum

247 1234 540 1286 regulandam,
580 1243 679 1272 tunc
729 1234 842 1272 enim
884 1233 1028 1272 fuisset
1061 1233 1239 1272 omnino
1272 1232 1485 1286 negligens
1526 1240 1564 1270 et

191 1309 227 1340 15
248 1303 468 1353 subdolus,
503 1302 559 1341 sic
592 1303 707 1355 quod
741 1316 889 1341 omnes
923 1302 1108 1342 defectus
1142 1311 1308 1341 nostros
1341 1315 1562 1354 possemus

247 1372 287 1410 in
323 1385 443 1411 suam
475 1372 776 1424 negligenciam
814 1372 1121 1411 racionabiliter
1152 1381 1413 1425 retorquere;
1448 1370 1563 1423 quod

247 1454 343 1480 cum
388 1441 438 1480 sit
483 1441 596 1480 nefas
644 1442 792 1493 dicere,
838 1443 1055 1481 credamus
1087 1455 1134 1480 ex
1167 1441 1247 1480 fide
1281 1441 1481 1493 scripture
1526 1449 1564 1478 et

246 1510 494 1549 testimonio
551 1520 794 1550 sanctorum
846 1512 1073 1551 doctorum
1118 1511 1232 1564 quod
1277 1510 1318 1548 in
1361 1509 1563 1562 apostolis

248 1580 393 1619 docuit
437 1589 577 1619 totum
620 1593 753 1633 genus
799 1581 894 1619 cleri
940 1580 1151 1633 sequentis
1183 1580 1318 1619 vivere
1352 1593 1455 1631 pure
1495 1593 1562 1617 ex-

187 1649 519 1701 2op1·oprietarie
565 1651 615 1689 de
659 1651 898 1690 elemosinis
944 1650 1231 1702 corporalibus
1275 1649 1479 1689 laicorum
1525 1654 1853 1717 etaquffiistffltigftffifqte

248 1733 323 1771 pro
348 1728 500 1758 mutuo
526 1733 633 1759 nexu
657 1720 835 1760 caritatis
859 1721 1068 1771 habendo,
1089 1734 1175 1758 non
1199 1720 1339 1759 minus
1363 1719 1561 1772 obligavit
1592 1700 1617 1725 ⁸}
1753 1709 1760 1716 Β
1818 1709 1842 1715 α

246 1789 404 1828 clerum
437 1802 564 1828 suum
597 1790 649 1828 ad
692 1789 1018 1829 retribucionem
1060 1789 1288 1829 elemosine
1321 1788 1561 1841 spiritualis,

246 1858 301 1896 sic
354 1859 470 1911 quod
523 1858 657 1897 clerici
705 1858 786 1898 sint
829 1859 1127 1898 necessariores
1172 1868 1211 1898 et
1255 1859 1464 1912 digniores
1517 1858 1557 1896 in

246 1927 416 1966 ecclesia
461 1941 591 1981 quam
636 1938 818 1979 econtra,
881 1938 920 1969 et
963 1930 1058 1982 plus
1106 1929 1294 1981 indigent
1361 1929 1564 1968 seculares

188 2001 228 2034 25
247 1997 402 2036 clericis
455 2011 585 2050 quam
618 2007 801 2048 econtra,
847 1998 954 2038 sicut
986 1998 1212 2051 spiritualis
1244 1998 1473 2037 elemosina
1506 2007 1566 2037 est

246 2067 503 2119 prestancior
548 2067 768 2119 corporali,
809 2077 848 2106 et
881 2068 938 2106 sic
972 2077 1139 2120 oportet
1172 2069 1286 2121 quod
1320 2067 1411 2106 laici
1445 2081 1562 2107 men-

247 2135 385 2175 dicent
437 2136 685 2176 elemosinas
731 2136 965 2189 spirituales
1010 2152 1032 2176 a
1079 2137 1235 2176 clericis
1282 2138 1331 2175 ad
1385 2150 1564 2190 quarum

246 2205 571 2244 retribucionem
604 2205 739 2245 clerici
773 2206 955 2258 amplius
990 2207 1243 2258 obligantur,
1271 2206 1376 2246 sicut
1400 2215 1567 2258 oportet

246 2284 292 2314 ut
324 2275 457 2314 clerici
492 2275 733 2315 mendicent
766 2277 1016 2316 elemosinas
1049 2278 1286 2329 corporales
1317 2291 1338 2315 a
1374 2276 1486 2315 laicis
1517 2277 1567 2314 ad

155 2357 215 2390 172
249 2359 429 2397 quarum
473 2345 851 2385 reffitribucionem
883 2347 1067 2385 multum
1100 2347 1220 2385 valde
1254 2347 1325 2385 sed
1349 2360 1435 2385 non
1459 2346 1563 2384 adeo

248 2414 337 2453 laici
385 2424 483 2454 sunt
527 2414 696 2466 astricti,
737 2429 811 2454 nec
844 2416 1020 2468 graviter
1061 2415 1241 2455 feramus
1285 2415 1567 2454 maioritatem

249 2483 522 2537 obligacionis
556 2483 815 2533 huiusmodi,
863 2485 961 2538 quia
1009 2485 1088 2524 hoc
1123 2485 1328 2524 redundat
1359 2484 1401 2523 in
1435 2485 1566 2523 excel-

249 2553 428 2592 lenciam
461 2553 720 2594 clericorum.

301 2708 338 2728 21.
361 2701 389 2727 A
409 2701 464 2734 Al:
487 2706 593 2729 rnotuo
616 2709 704 2729 nexu.
773 2708 816 2727 22.
833 2700 981 2736 spiritalis
1003 2700 1033 2728 in
1055 2701 1145 2728 codd.
1167 2701 1211 2728 sic
1232 2706 1260 2729 et
1280 2701 1310 2728 in
1331 2701 1471 2736 pluribus
1493 2701 1569 2728 locis

250 2747 462 2781 sequentibus.
566 2754 611 2782 29.
634 2749 662 2774 A
684 2747 704 2773 Β
728 2746 758 2773 in
780 2755 894 2781 marg:
926 2746 1068 2774 Christus
1090 2747 1158 2782 plus
1180 2748 1335 2781 obligatur
1355 2752 1494 2774 creature
1516 2756 1569 2774 sue

250 2800 342 2827 quarn
359 2798 485 2821 econtra
500 2798 527 2820 et
542 2793 683 2820 similiter
699 2794 847 2821 sacerdos
870 2793 947 2821 laico
964 2802 1056 2829 quam
1080 2799 1205 2821 econtra
1227 2795 1346 2828 (Above
1369 2794 1430 2829 {72¹³
1442 2794 1570 2821 without

254 2840 339 2866 mark
362 2839 396 2866 of
414 2840 594 2873 reference).
740 2839 784 2867 30.
807 2841 834 2867 A
855 2842 907 2874 Ast
930 2848 990 2867 non
1014 2841 1108 2868 deest.

1390 2891 1452 2920 20*
