2051 3273
204 206 292 234 CAP.
314 196 409 254 xix]
709 209 767 239 DE
795 207 1027 239 ECCLESIA.

46 323 184 369 X193b
200 324 238 354 et
281 314 442 354 iudiciis
487 314 619 366 prime
652 312 823 352 iusticie.
877 312 916 352 Si
963 312 1074 351 enim
1118 314 1351 352 secundum
1395 315 1505 366 leges

199 384 425 423 hominum
485 383 609 422 iudex
670 382 856 422 iudicans
918 383 1100 422 seculare
1153 381 1391 422 dominium
1442 384 1506 421 vel

199 452 523 493 ecclesiasticum
575 451 765 492 officium
816 466 892 504 pro
939 460 1156 504 procreato
1204 460 1315 491 extra
1363 452 1504 491 matri-

197 522 394 562 monium
437 536 566 575 quem
598 531 720 561 vocat
762 521 898 561 filium
946 521 1094 574 populi
1144 530 1183 560 et
1225 521 1504 573 illegitimum,

163 600 575 645 5quantumcunque
608 591 913 644 predestinatus
954 601 993 630 et
1023 590 1172 630 habilis
1212 590 1333 630 fuerit
1366 592 1506 644 quoad

199 662 351 712 Deum,
387 662 522 700 multo
552 661 685 714 magis
708 661 832 701 iudex
856 661 1042 700 iudicans
1072 674 1148 713 pro
1178 660 1354 713 prescito
1379 675 1506 714 quem

197 732 308 771 Deus
331 731 511 771 decrevit
538 731 766 771 inhabilem
797 731 949 770 iniuste
977 731 1145 782 iudicat,
1176 730 1274 784 quia
1303 730 1504 770 contrarie

196 801 357 840 iusticie
388 801 488 853 legis
519 801 607 840 Dei.
641 801 727 840 Nec
759 801 867 840 valet
888 800 983 840 ficta
1005 800 1220 840 excusacio
1254 814 1337 853 qua
1358 799 1506 839 dicitur

196 871 311 924 quod
334 870 458 910 iudex
481 869 578 910 facit
599 884 721 909 suam
736 870 1001 923 diligenciam
1024 869 1247 909 iudicando
1272 870 1504 909 secundum

141 959 181 981 10
197 953 317 979 suam
362 939 577 990 noticiam,
629 948 669 979 et
714 939 791 978 nisi
841 940 976 979 forent
1021 939 1117 979 talia
1159 939 1325 991 iudicia,
1369 938 1504 978 maius

195 1009 358 1049 malum
390 1009 660 1062 contingeret.
694 1010 803 1048 Nam
826 1010 967 1062 quoad
989 1009 1173 1062 primum
1206 1017 1368 1048 constat
1389 1009 1505 1062 quod

196 1080 237 1118 in
261 1079 410 1118 talibus
442 1078 662 1131 ambiguiS,
692 1088 834 1118 utrum
855 1079 1007 1118 iniusta
1030 1078 1194 1130 fuerint,
1229 1079 1351 1118 debet
1372 1079 1503 1118 homo

196 1148 374 1188 dubium
420 1147 523 1187 illud
568 1148 776 1188 dimittere
819 1158 859 1189 et
902 1157 1063 1201 partem
1107 1162 1296 1188 securam
1343 1149 1502 1202 eligere.

197 1219 292 1257 Hoc
340 1218 453 1257 enim
497 1218 733 1259 docuerunt
766 1218 957 1258 Christus
1000 1228 1039 1258 et
1083 1218 1147 1258 sui
1191 1218 1374 1271 apostoli
1418 1227 1503 1257 tam

141 1295 177 1327 15
195 1288 348 1341 scripto
371 1301 501 1341 quam
524 1301 662 1340 opere.
696 1289 748 1327 Et
771 1297 978 1341 quantum
1006 1289 1058 1327 ad
1080 1288 1307 1327 secundam
1329 1296 1503 1340 partem,

194 1366 307 1410 patet
339 1358 453 1410 quod
488 1370 574 1396 non
611 1366 670 1397 est
702 1358 963 1410 peccandum
994 1358 1059 1397 vel
1089 1357 1302 1397 venialiter
1333 1366 1504 1410 propter

196 1427 367 1480 aliquod
419 1427 582 1466 bonum
634 1427 833 1480 signabile
886 1427 1189 1480 acquirendum
1235 1426 1300 1465 vel
1343 1427 1504 1466 malum

195 1497 315 1548 culpe
359 1504 431 1536 aut
474 1510 578 1549 pene
623 1510 799 1549 persone
831 1497 895 1536 vel
939 1506 1142 1550 perpetuo
1182 1497 1501 1549 precavendum.

144 1571 180 1605 Y
251 1565 305 1605 Et
337 1565 492 1605 existis
520 1575 633 1618 patet
663 1566 811 1605 veritas
844 1566 1125 1606 conclusionis
1148 1566 1255 1605 beati
1278 1566 1502 1623 Augustini

136 1652 177 1674 20
194 1635 383 1688 Epistola
403 1636 617 1676 XXXVIIa
639 1637 690 1675 ad
711 1636 976 1677 Bonifacium
998 1638 1114 1690 quod
1143 1637 1252 1688 leges
1276 1637 1502 1676 hominum

192 1718 294 1758 quas
345 1714 512 1745 sanctus
561 1715 683 1745 vocat
738 1706 827 1746 iura
884 1706 1017 1745 civilia
1075 1706 1356 1745 communiter
1406 1716 1502 1746 sunt

191 1773 354 1814 iniuste.
379 1776 488 1814 Nam
521 1775 740 1828 supposito
775 1776 890 1829 quod
921 1776 1067 1815 Petrus
1100 1776 1152 1815 sit
1183 1776 1501 1828 predestinatus,

191 1844 406 1884 carnaliter
437 1844 690 1896 illegitimus,
723 1845 946 1885 vendicans
978 1845 1250 1884 hereditatem
1277 1846 1343 1884 vel
1372 1846 1499 1884 eccle-

190 1913 403 1953 siasticum
436 1913 637 1964 officium,
671 1924 709 1954 et
740 1914 960 1968 supposito
984 1916 1099 1968 quod
1120 1916 1275 1955 Paulus
1298 1915 1498 1967 prescitus

136 1989 174 2021 25
193 1983 244 2022 sit
275 1983 501 2037 legitimus,
532 1984 756 2023 vendicans
788 1985 893 2025 illud
924 1984 1035 2024 idem
1068 1985 1332 2036 beneficium,
1355 1986 1499 2025 Petrus

192 2062 333 2092 tamen
366 2053 512 2092 habilis
546 2063 585 2094 et
606 2055 760 2093 Paulus
793 2054 986 2094 inhabilis
1019 2056 1162 2108 quoad
1184 2055 1335 2106 Deum,
1359 2064 1397 2094 et
1419 2055 1500 2094 sint

192 2122 276 2162 duo
309 2123 465 2163 iudices
498 2137 683 2177 quorum
714 2124 876 2177 primus
908 2124 1062 2164 iudicet
1092 2138 1168 2177 pro
1192 2125 1322 2164 Paulo
1355 2138 1498 2164 secun-

191 2193 294 2231 dum
326 2194 434 2246 leges
466 2194 691 2234 hominum
723 2195 918 2247 allegatas
952 2204 990 2234 et
1021 2194 1337 2234 testificaciones
1361 2194 1500 2247 legalis

100 2266 176 2309 193⁰
191 2262 420 2301 testimonii
454 2264 575 2316 plane
598 2263 623 2291 ἧς
645 2264 853 2317 depositas
886 2274 924 2305 et
956 2265 1109 2304 iudicet
1141 2265 1349 2303 secundus
1377 2264 1499 2302 iudex

134 2335 175 2367 30
192 2345 271 2384 pro
317 2332 439 2371 Petro
485 2347 531 2372 ex
575 2334 832 2373 revelacione
865 2349 946 2388 qua
978 2334 1113 2374 noscit
1145 2334 1282 2373 Deum
1320 2333 1499 2373 iudicare

192 2403 362 2441 Petrum
393 2402 574 2442 habilem
606 2404 656 2442 ad
689 2404 833 2443 datum
871 2403 1122 2443 beneficium
1154 2413 1194 2443 et
1226 2403 1405 2443 Paulum
1436 2403 1497 2441 in-

242 2583 268 2611 8.
291 2585 318 2612 A
332 2585 362 2612 in
378 2592 493 2619 marg:
513 2584 626 2613 Ficcio.
708 2593 749 2621 19.
771 2587 799 2613 A
819 2586 849 2613 in
870 2593 984 2621 marg:
1006 2587 1211 2620 Augustmus.
1290 2595 1333 2622 19.
1354 2587 1391 2614 B:
1414 2588 1496 2623 quod

188 2630 317 2665 veritas;
348 2631 426 2658 beati
446 2630 539 2658 deest.
570 2630 641 2659 Non
663 2632 692 2659 in
713 2634 793 2667 Aug.
814 2632 870 2667 Ep.
896 2632 1073 2660 CLXXXV.
1095 2633 1176 2668 Opp.
1197 2638 1272 2661 tom.
1292 2633 1329 2670 II,
1351 2641 1419 2668 pag.
1442 2633 1498 2667 643

190 2685 274 2712 seqq.
302 2678 354 2704 sed
382 2678 490 2711 pocius
511 2678 540 2705 in
561 2678 691 2713 epistola
717 2679 753 2705 ad
782 2678 996 2706 Macedonium
1024 2680 1102 2706 hanc
1127 2680 1314 2707 sentenciam
1344 2680 1496 2707 invenies:

190 2723 351 2757 Quaedam
374 2724 452 2751 inter
472 2733 524 2752 eos
545 2724 612 2752 iura
633 2725 860 2752 constituuntur
883 2733 959 2760 quae
986 2726 1181 2760 appellantur
1201 2727 1309 2761 civilia,
1334 2735 1393 2754 non
1414 2727 1496 2762 quod

188 2770 260 2797 hinc
280 2769 340 2804 fiat,
362 2775 394 2798 ut
414 2770 491 2798 bene
511 2775 631 2798 utentes
646 2771 716 2798 sint.
734 2792 739 2797 .
757 2792 762 2798 .
779 2792 784 2797 .
809 2771 890 2806 Opp.
912 2775 986 2799 tom.
1003 2771 1039 2805 ΙΙ,
1065 2780 1133 2806 pag.
1148 2771 1211 2805 534.
1354 2780 1395 2800 22.
1418 2774 1445 2800 A
1466 2772 1496 2800 in

189 2824 304 2852 marg.:
325 2816 434 2844 Casus.

1710 199 1794 250 469

1538 320 1650 356 Judges
1673 321 1779 349 decide

1536 356 1673 391 wrongly
1694 356 1775 383 from

1550 395 1602 417 not
1622 391 1766 425 knowing

1555 425 1624 452 who
1645 425 1670 452 is
1692 433 1762 460 pre—

1573 459 1733 487 destinate.

1524 1568 1696 1603 Augustine
1718 1568 1783 1596 said

1528 1603 1590 1631 that
1610 1603 1678 1630 civi!
1699 1603 1773 1630 laws

1517 1646 1566 1665 are
1593 1639 1706 1676 rnostly
1732 1646 1789 1665 un-

1618 1677 1688 1708 Just.
