2051 3273
236 220 325 248 CAP.
351 209 449 267 xvi]
719 223 778 255 DE
805 224 1038 255 ECCLESIA.
1741 214 1758 251 3
1771 214 1819 264 59

75 340 104 373 z
135 338 212 382 178d
227 328 397 368 ecclesia
428 327 533 367 sicut
574 327 704 366 modo
750 335 789 366 et
821 328 936 380 quod
968 328 1220 367 necessarior
1265 327 1370 367 foret
1402 329 1532 368 modo

227 411 373 437 eorum
405 396 635 436 subtraccio
669 404 708 436 et
739 397 959 449 suspensio
992 397 1134 449 rapine
1179 398 1391 436 bonorum
1436 411 1534 436 cum

225 467 392 520 gaudio,
431 480 558 520 quam
604 474 703 505 tunc
743 466 832 517 fuit,
873 479 948 506 nec
993 476 1052 506 est
1096 466 1166 505 illa
1209 466 1303 506 ficta
1347 466 1532 506 defensio

225 535 447 575 fundabilis
480 550 527 575 ex
559 536 761 588 scriptura
794 549 918 575 sacra.

745 754 867 794 CAP.
899 755 1007 795 XVI.

132 883 208 924 ¹79²
279 871 302 892 ἃ
323 872 425 911 Post
455 871 530 910 hec
563 870 688 909 dubia
718 871 1060 923 respondendum
1094 881 1152 911 est
1190 873 1241 911 ad
1273 872 1530 925 magistrales
1574 876 1786 942 Thgbdgccttprs

222 940 407 994 argucias
441 953 543 993 quas
575 940 765 979 doctores
798 940 985 980 obiciunt
1017 950 1161 981 contra
1193 941 1312 981 dicta.
1668 923 1674 949 ¹
1735 935 1741 942 ⁶

175 1020 209 1052 A
280 1012 480 1066 Arguitur
510 1011 647 1064 primo
691 1011 806 1064 quod
851 1011 994 1049 beatus
1040 1010 1247 1062 Silvester,
1291 1011 1529 1064 recipiendo
1546 1022 1650 1083 ndniiat
1674 1021 1822 1060 Silyester

222 1082 489 1121 dotacionem
520 1088 768 1133 perpetuam
800 1079 969 1119 ecclesie
1000 1094 1076 1133 pro
1110 1093 1151 1119 se
1183 1089 1222 1120 et
1254 1081 1337 1120 suis
1368 1096 1529 1122 succes·
1545 1061 1822 1128 anlinngtccsgsstiiig

168 1169 207 1190 10
222 1152 384 1192 soribus
429 1151 546 1191 nullo
578 1150 709 1189 modo
741 1149 939 1202 peccavit,
985 1159 1024 1189 et
1065 1149 1240 1189 libenter
1271 1160 1530 1204 acceptarem
1575 1126 1789 1161 endowment;

221 1229 467 1274 argumenta
510 1221 561 1260 ad
604 1219 727 1259 istam
758 1228 932 1272 partem,
966 1221 1065 1273 quia
1102 1220 1294 1273 quamvis
1337 1229 1530 1261 neutram

220 1300 381 1344 partem
437 1303 631 1341 asseram,
673 1303 767 1342 pars
823 1297 963 1329 tamen
1008 1290 1073 1329 isti
1107 1289 1303 1342 opposita
1336 1299 1395 1330 est
1425 1292 1528 1332 mihi

220 1360 465 1401 credibilior.

276 1429 416 1470 Prima
446 1429 587 1483 itaque
618 1428 729 1468 racio
763 1428 819 1468 sic
852 1428 1073 1469 formatur:
1118 1443 1247 1483 quam
1284 1430 1393 1470 licite
1426 1432 1525 1471 reci·
1550 1435 1598 1464 for
1617 1436 1680 1464 isit
1704 1437 1806 1465 lawful

169 1500 342 1552 15piunt
386 1499 515 1539 sancti
560 1499 808 1539 elemosinas
862 1512 938 1551 pro
993 1499 1222 1538 relevandis
1283 1472 1819 1553 indigenciistotllgffessigyaffiffi'

220 1568 421 1623 presentis
453 1568 548 1620 vite,
573 1577 655 1608 tarn
680 1568 791 1608 licite
815 1569 924 1621 ipsas
950 1569 1198 1608 elemosinas
1221 1578 1385 1609 servant
1415 1570 1528 1610 idem
1570 1541 1790 1605 lieptsxingnout

221 1639 351 1679 sancti
383 1638 688 1678 distribuendas
720 1638 1002 1690 indigentibus
1033 1639 1075 1677 in
1114 1647 1378 1692 perpetuum.
1431 1640 1529 1679 Non

222 1708 334 1748 enim
365 1708 530 1748 videtur
560 1708 670 1747 racio
704 1707 949 1748 diversitatis
983 1708 1098 1760 quin,
1144 1708 1176 1746 si
1219 1708 1315 1748 licet
1351 1709 1531 1762 recipere

222 1777 471 1817 elemosinas
524 1786 694 1831 propter
755 1777 1036 1830 indigenciam
1084 1778 1299 1831 propriam
1345 1779 1530 1818 relevan-

163 1863 206 1885 20
221 1848 332 1898 dam,
371 1861 394 1886 a
437 1847 523 1900 pari
557 1847 630 1887 erit
660 1847 818 1886 licitum
853 1847 962 1900 ipsas
995 1848 1242 1887 elemosinas
1277 1847 1333 1887 sic
1362 1849 1531 1888 collatas

220 1925 390 1969 propter
409 1916 689 1969 indigenciam
711 1916 895 1956 futuram
917 1926 1120 1970 perpetuo
1139 1929 1399 1969 conservare;
1432 1932 1530 1970 ergo

223 1986 255 2025 si
287 1986 382 2025 licet
413 1985 615 2038 indigenti
647 1986 826 2039 recipere
860 1986 1108 2026 elemosinas
1141 1997 1311 2040 propter
1354 2001 1395 2026 se
1427 1988 1528 2027 rele-

221 2056 408 2095 vandum
441 2064 480 2094 et
510 2055 591 2094 hoc
623 2055 779 2108 absque
811 2064 996 2108 peccato,
1041 2070 1064 2095 a
1106 2056 1193 2109 pari
1236 2057 1332 2096 licet
1363 2070 1528 2096 conser-

219 2138 313 2164 vare
348 2124 593 2164 elemosinas
639 2124 694 2164 sic
737 2133 921 2177 receptas
964 2125 1007 2164 in
1051 2134 1302 2178 perpetuum
1346 2127 1398 2165 ad
1430 2140 1529 2166 usus

164 2199 204 2232 25
220 2207 455 2247 pauperum
500 2194 656 2247 absque
701 2204 885 2247 peccato.
950 2196 1031 2235 Sed
1075 2195 1218 2234 beatus
1250 2196 1444 2235 Silvester
1486 2197 1528 2235 in

221 2263 410 2303 faciendo
443 2263 518 2302 sibi
550 2263 712 2303 licitum
745 2263 985 2317 simpliciter
1016 2265 1132 2303 nullo
1165 2265 1295 2304 modo
1326 2265 1527 2305 verisimi-

219 2333 310 2372 liter
341 2333 545 2386 peccavit;
578 2347 676 2385 ergo
706 2334 848 2373 beatus
878 2334 1070 2374 Silvester
1092 2334 1133 2373 in
1156 2334 1372 2375 retinendo
1409 2336 1527 2376 dota-

271 2513 296 2534 2.
317 2505 355 2533 B:
370 2506 544 2534 subtraccio
560 2511 588 2533 et
599 2506 772 2542 suscepcio.
845 2516 873 2540 4.
896 2507 1049 2543 scriptura
1065 2515 1167 2542 sacra3
1180 2509 1223 2535 A:
1236 2507 1528 2544 Sequunturlingua

220 2551 386 2580 Bohemica
410 2552 526 2588 aliquot
545 2553 653 2580 verba:
699 2553 778 2580 Lecz
808 2561 846 2581 na
875 2554 1017 2590 kawczye
1047 2555 1138 2582 horze
1158 2563 1176 2582 v
1196 2555 1296 2591 Prahy
1325 2559 1371 2582 est
1399 2554 1528 2582 fundata

220 2606 369 2635 newyem.
392 2599 424 2626 Id
445 2604 506 2626 est:
527 2597 560 2627 Si
580 2598 609 2626 in
626 2604 730 2626 monte
744 2600 826 2635 apud
842 2600 971 2635 Pragam
992 2605 1036 2627 est
1051 2600 1176 2628 fundata
1190 2601 1305 2628 nescio.
1398 2602 1426 2629 6.
1448 2603 1477 2630 A
1497 2603 1527 2629 in

221 2652 335 2679 marg.:
350 2643 430 2672 Nota
444 2645 522 2672 bene
536 2644 625 2672 istam
649 2649 744 2672 totam
761 2646 970 2681 columpnam,
993 2647 1064 2683 quia
1087 2652 1244 2683 ponuntur
1258 2647 1459 2676 fundamenta
1471 2657 1527 2684 pro

222 2690 417 2718 dominacion
434 2691 534 2720 ecivili
549 2692 622 2719 cleri
633 2691 747 2726 (Below
760 2692 826 2728 178d
836 2693 965 2720 without
981 2694 1066 2721 mark
1080 2693 1114 2721 of
1126 2693 1303 2729 reference).
1390 2695 1426 2722 15.
1448 2696 1476 2723 A
1496 2695 1526 2722 in

221 2745 335 2772 mrg.:
356 2737 459 2766 Prima
473 2738 568 2766 racio.
594 2737 675 2766 Nota
702 2744 882 2774 argumenta
903 2747 960 2775 pro
982 2739 1202 2768 dominacione
1222 2748 1293 2768 cum
1314 2740 1526 2769 solucionibus

222 2783 422 2820 (Above179a
437 2784 565 2812 without
576 2785 662 2812 mark
673 2784 894 2818 ofreference).
996 2794 1036 2817 14-
1058 2785 1094 2812 B:
1116 2786 1167 2821 qui
1179 2786 1271 2814 licite.
1376 2787 1411 2815 15.
1425 2787 1453 2815 A
1465 2788 1502 2822 A¹
1520 2796 1526 2813 ε

221 2837 277 2864 pro
296 2844 329 2850 —
349 2830 532 2858 elemosinas
555 2830 648 2858 deest.
790 2838 836 2858 20.
859 2831 975 2859 Codd.:
998 2831 1069 2867 quin
1092 2840 1108 2859 a
1129 2832 1205 2867 pari.
