2051 3343
270 261 356 289 CAI’.
380 249 419 306 1.]
773 263 830 294 DE
858 262 1091 294 Eccfflsm.

1818 250 1861 288 13

112 380 150 412 K
175 383 249 423 129⁶
323 369 481 416 Quarta
514 366 730 406 conclusio
764 366 952 405 eiusdem
981 365 1194 404 decretalis
1227 373 1287 404 est
1319 365 1435 418 quod
1469 365 1575 404 intra
1591 372 1706 400 Fourth
1737 375 1863 401 conciu-

1644 409 1723 435 sion.
1746 409 1821 436 Both

263 436 493 490 predictam
526 435 743 475 ecclesiam
775 444 835 475 est
866 444 1040 489 uterque
1080 434 1240 487 gladius
1284 435 1349 473 vel
1392 443 1575 487 potestas
1592 444 1711 470 swords
1728 452 1763 470 or
1777 452 1863 478 pow-

263 506 415 546 scilicet
447 505 674 558 corporalis
694 505 759 544 vel
781 504 1022 558 temporalis
1055 514 1094 545 et
1116 504 1358 557 spiritualis;
1391 517 1576 557 quorum

264 584 440 628 uterque
472 575 594 614 debet
626 575 676 614 ad
709 583 834 627 caput
868 574 1037 613 ecclesie
1069 583 1108 613 et
1141 574 1227 613 eius
1260 573 1461 613 vicarium
1484 587 1574 626 per-

228 644 402 689 5tinere.
436 644 554 684 Patet
587 658 634 683 ex
665 644 746 683 hoc
779 644 895 697 quod
917 643 1078 683 dictum
1108 657 1275 696 corpus,
1309 657 1407 683 cum
1430 643 1481 682 sit
1502 657 1576 696 per

261 728 303 753 se
337 713 560 764 sufficiens,
592 713 717 753 habet
738 713 779 751 in
804 727 845 752 se
868 713 1176 766 plenitudinem
1199 712 1429 766 potestatis.
1464 712 1576 752 Cum

260 797 357 836 ergo
406 791 582 836 utraque
629 791 813 836 potestas
866 783 917 822 sit
969 782 1198 822 necessaria
1237 782 1359 822 matri
1392 782 1574 832 ecclesie,

258 861 373 905 patet
405 852 635 892 conclusio.
670 853 722 892 Et
752 852 833 892 hoc
856 851 1082 906 figuratum
1106 861 1166 892 est
1188 853 1300 891 Luce
1323 852 1473 903 XX110‚
1509 852 1574 902 38,

258 922 430 974 quando
477 921 679 974 apostolis
722 921 1074 975 respondentibus
1128 921 1240 961 Ecce
1296 922 1381 961 duo
1436 921 1576 975 gladii

204 992 324 1036 10lzic
357 990 548 1031 Christus
581 991 682 1030 dixit
714 1005 801 1030 non
834 990 1096 1044 superfluum
1118 991 1183 1030 vel
1212 991 1472 1030 diminutum
1504 991 1577 1030 sed

255 1061 360 1100 satis
391 1068 466 1100 est.
501 1061 622 1101 Unde
655 1061 706 1100 ad
739 1061 1031 1100 denotandum
1054 1061 1172 1113 quod
1200 1069 1376 1113 uterque
1409 1060 1571 1113 gladius

256 1129 333 1169 fuit
363 1131 485 1169 Petro
518 1131 741 1183 pertinens,
777 1139 1082 1184 consequenter
1105 1130 1205 1169 dixit
1229 1129 1419 1169 Christus
1450 1131 1572 1170 Petro

255 1199 506 1252 percucienti
558 1213 724 1240 servum
772 1199 1001 1253 pontificis:
1047 1201 1168 1239 Mitte
1210 1200 1408 1253 gladium
1455 1206 1572 1239 tuum

256 1274 297 1309 in
334 1271 553 1323 vaginam.
597 1271 660 1309 Ex
701 1284 787 1323 quo
819 1270 1009 1310 innuitur
1052 1270 1104 1308 ad
1148 1283 1317 1309 sensum
1362 1269 1573 1309 misticum

201 1340 370 1392 15quod
403 1347 580 1392 uterque
607 1340 786 1393 gladius
817 1340 873 1379 sit
905 1341 945 1379 in
974 1346 1186 1392 potestate
1212 1340 1403 1392 ecclesie,
1438 1347 1571 1379 mate-

254 1409 380 1448 rialis
404 1422 490 1460 pro
524 1410 705 1449 ecclesia
740 1410 810 1448 sed
832 1423 905 1462 per
926 1410 1052 1449 laicos
1075 1409 1341 1460 exercendUS,
1374 1409 1568 1462 spiritua-

252 1477 301 1517 lis
333 1491 431 1517 vero
476 1492 551 1530 pro
585 1479 807 1531 puniendis
853 1479 1031 1531 peccatis
1069 1493 1141 1532 per
1173 1479 1422 1532 episcopum
1456 1493 1568 1518 exer-

254 1548 421 1587 cendus.
468 1548 521 1586 Et
567 1547 623 1587 sic
667 1548 761 1588 licet
803 1549 979 1602 gladius
1020 1549 1257 1588 materialis
1287 1549 1341 1588 sit
1371 1550 1413 1588 in
1439 1562 1570 1588 manu

255 1629 405 1670 regum
441 1623 480 1656 et
511 1618 709 1665 militum,
744 1617 821 1657 lzoc
854 1625 995 1657 tamen
1030 1620 1112 1658 erit
1145 1619 1201 1657 ad
1233 1625 1391 1657 motum
1431 1625 1471 1658 et
1509 1631 1572 1658 se-

196 1705 237 1727 20
253 1687 440 1726 cundum
467 1687 758 1739 prudenciam
792 1687 1079 1727 sacerdotum.
1119 1687 1297 1740 Oportet
1326 1688 1438 1727 enim
1472 1688 1569 1741 gla-

254 1756 371 1795 dium
405 1756 671 1795 materialem
712 1770 803 1796 esse
835 1757 912 1796 sub
953 1758 1039 1796 alio
1085 1757 1190 1797 sicut
1234 1758 1338 1797 ordo
1383 1757 1571 1797 militaris

254 1834 314 1864 est
352 1826 429 1864 sub
471 1826 721 1866 sacerdocio.
767 1827 819 1865 Et
857 1826 933 1865 ista
971 1835 1031 1866 est
1068 1826 1279 1879 exposicio
1324 1827 1429 1867 beati
1474 1828 1571 1867 Ber-

253 1895 382 1946 nardi,
415 1895 520 1934 libro
554 1896 738 1935 secundo
770 1897 822 1935 ad
844 1896 1086 1947 Eugenium
1119 1905 1158 1936 et
1179 1897 1234 1935 ad
1256 1896 1377 1935 illum
1400 1910 1569 1936 sensum

162 1964 486 2018 129<¹loquuntur
518 1965 724 2018 quotlibet
756 1966 948 2005 doctores
982 1974 1021 2004 et
1059 1966 1222 2005 decreta
1243 1965 1268 1992 Ψ
1292 1966 1566 2007 concorditer.

198 2045 236 2077 25
254 2034 375 2073 Unde
413 2035 578 2086 XXHIa,
612 2049 650 2088 q.
684 2036 754 2086 Va,
799 2035 1034 2087 Principes,
1068 2036 1144 2074 sub
1177 2036 1424 2076 auctoritate
1459 2036 1565 2075 beati

252 2103 397 2142 Isidori
431 2104 505 2143 IIIO
539 2105 589 2143 de
622 2119 792 2144 summo
838 2105 966 2155 bono,
1007 2118 1094 2157 cap.
1130 2105 1253 2156 L1110,
1300 2105 1398 2145 dicit
1431 2119 1565 2145 canon

251 2174 367 2226 quod
399 2175 515 2214 intra
568 2175 792 2214 ecclesiam
831 2176 1057 2227 principes
1094 2176 1229 2214 seculi
1266 2175 1421 2214 hahent
1445 2182 1566 2227 pote-

250 2248 416 2294 statem,
452 2250 498 2282 ut
521 2256 607 2295 per
640 2244 815 2283 eandem
843 2250 1100 2296 potestatem
1130 2244 1402 2297 disciplinam
1437 2245 1567 2284 eccle-

249 2312 465 2351 siasticam
500 2313 710 2352 muniant.
746 2314 807 2352 Ex
846 2327 928 2366 qua
961 2313 1230 2354 conclusione
1270 2322 1396 2367 patet,
1429 2314 1566 2366 primo

196 2383 366 2433 30quod
410 2382 507 2422 dicti
551 2383 758 2436 principes
803 2392 901 2422 sunt
943 2397 1038 2436 pars
1083 2383 1190 2423 dicte
1235 2383 1417 2434 ecclesie,
1466 2397 1565 2423 cum

308 2501 327 2520 1.
351 2493 448 2522 Codd.
470 2495 500 2523 in
521 2504 623 2532 marg:
655 2496 773 2531 Quarta
800 2496 969 2524 conclusio.
995 2496 1023 2523 A
1044 2495 1073 2522 in
1102 2503 1204 2530 marg:
1234 2496 1316 2523 Intra
1336 2496 1499 2524 ecclesiam
1520 2501 1566 2524 est

248 2545 373 2577 uterque
393 2542 513 2576 gladius
533 2543 578 2570 vel
599 2548 747 2578 potestas.
856 2553 882 2578 7.
902 2544 946 2570 A:
969 2543 1065 2570 nostri
1087 2542 1227 2570 ecclesie.
1318 2541 1347 2571 8.
1368 2542 1388 2569 B
1410 2542 1440 2570 in
1461 2551 1564 2577 marg:

248 2586 331 2614 Luce
351 2595 393 2614 22.
512 2588 548 2617 13.
571 2589 592 2616 Β
613 2590 644 2618 in
665 2598 767 2625 marg:
789 2589 870 2618 Nota
892 2590 928 2617 de
949 2595 1079 2625 utroque
1101 2588 1215 2623 gladio.
1334 2597 1373 2624 ¹9·
1396 2589 1428 2616 In
1452 2590 1564 2617 decret.

252 2632 347 2660 Unam
374 2638 512 2663 sanctam
541 2636 654 2664 rectius
684 2637 783 2671 leges:
817 2636 872 2663 sed
901 2636 939 2663 ad
967 2640 1074 2663 nutum
1112 2640 1140 2663 et
1170 2635 1354 2670 patienciam
1383 2636 1565 2663 sacerdotis.

247 2686 289 2706 22.
312 2680 333 2707 B
351 2681 380 2708 in
402 2690 505 2715 marg:
528 2682 722 2709 Bernhardus
743 2682 781 2709 ad
801 2682 986 2717 Eugenium.
1080 2682 1126 2709 26.
1147 2681 1168 2708 Β
1190 2681 1219 2708 in
1241 2689 1343 2717 marg:
1364 2682 1501 2709 Isidorus
1523 2682 1565 2718 23,

247 2733 276 2761 q.
297 2726 321 2755 5.
446 2727 491 2757 28.
512 2727 551 2755 B:
573 2729 814 2756 ecclesiasticam
834 2728 967 2756 immitit.

312 2822 360 2855 13.
386 2823 463 2857 Joh.
486 2823 608 2865 XVIII,
641 2834 690 2855 11.
792 2834 841 2865 14.
869 2824 992 2866 Comp.
1011 2824 1137 2855 decret.
1168 2825 1281 2856 Unam
1309 2828 1472 2856 sanctam
1500 2824 1563 2856 I.c.

256 2879 308 2912 25.
336 2881 470 2913 Decret.
497 2892 564 2914 sec.
592 2892 681 2924 parS.
709 2892 812 2913 causa
839 2882 958 2922 XXIII,
985 2893 1018 2923 q.
1049 2883 1088 2917 V.
1115 2892 1188 2924 cap.
1216 2883 1287 2913 XX.

1609 485 1656 505 ers
1679 478 1791 512 belong
1811 483 1842 505 to

1626 513 1675 540 tIie
1697 512 1830 539 Cliurcli.
