2051 3273
250 215 423 273 CAP.1X.]
751 231 810 262 DE
839 230 1070 262 ECCLESIA.
1769 235 1842 273 ¹99

97 345 131 377 P
155 335 357 377 150''sseda
390 347 513 385 super
545 334 767 385 epistolam
797 335 951 373 Jacobi.
1009 335 1193 386 Insuper,
1234 335 1265 373 si
1297 335 1392 373 vitis
1424 336 1559 374 noluit

247 403 431 442 deserere
454 403 600 442 vinum
619 417 743 442 suum
766 417 850 456 quo
875 403 929 442 dii
948 403 1196 443 letificantur
1220 415 1257 444 et
1280 404 1490 455 homines,
1513 416 1560 444 ut

246 472 421 524 imperet
444 472 586 511 ceteris
608 472 730 524 lignis
753 472 851 511 silve
876 475 939 526 (ut
961 481 1073 524 patet
1096 473 1288 512 Iudicum
1310 475 1386 513 IX0
1429 482 1466 512 et
1490 487 1556 512 ex-

246 542 435 594 positum
454 550 513 581 est.
531 542 605 582 IV0
629 555 716 594 cap.
736 542 827 580 libri
846 539 952 595 Vp),
983 551 1144 594 quanto
1168 543 1299 596 magis
1322 544 1455 582 clerus
1471 557 1556 582 non

214 625 229 656 5
247 612 448 650 desereret
471 610 705 663 primevum
730 610 993 663 privilegium
1017 612 1132 664 quod
1156 611 1347 651 Christus
1379 612 1557 651 instituit

246 689 417 733 propter
432 680 645 719 libidinem
664 680 834 719 civiliter
849 680 1114 731 dominandi;
1136 681 1192 720 ita
1210 681 1364 720 solutio
1387 682 1556 721 sathane

246 750 349 802 regis
372 750 563 802 superbie
585 758 680 802 post
703 749 815 788 mille
839 763 971 789 annos
1007 748 1077 804 (de
1100 750 1251 803 quibus
1275 751 1554 804 Apocalypsis

246 817 360 872 XXO)
399 820 577 859 retardat
624 820 737 872 quod
783 819 951 858 ecclesia
989 833 1075 858 non
1115 820 1165 859 sit
1204 820 1255 859 ad
1287 820 1551 873 privilegium

245 889 483 940 primevum
504 888 704 928 restituta.
738 890 791 927 Et
812 889 888 928 ista
910 902 1033 928 causa
1061 889 1299 928 rectificavit
1320 889 1552 942 gloriosum
1596 895 1751 957 gtxessiltge
1769 897 1814 946 'o-t*

190 979 228 1000 10
245 958 476 998 martirium
516 958 644 998 sancti
680 958 859 1008 Thome,
900 972 996 997 cum
1036 959 1085 997 de
1130 972 1178 997 eo
1218 959 1327 999 canit
1364 958 1552 998 ecclesia:
1634 950 1641 957 ⁹
1702 940 1708 957 ¹
1735 939 1811 958 mas.

630 1039 717 1078 Nec
749 1040 789 1078 in
824 1052 964 1092 agnos
1001 1041 1180 1079 sustinet

626 1109 769 1160 Lupos
802 1108 993 1148 desevire

628 1179 719 1218 Nec
751 1180 793 1218 in
828 1185 966 1218 ortum
1002 1181 1168 1219 olerum

633 1249 805 1288 Vineam
841 1250 1041 1288 transire.

190 1340 226 1370 15
244 1332 328 1369 Nec
353 1332 474 1369 credo
498 1332 613 1383 quod
637 1340 695 1369 est
719 1344 841 1369 causa
863 1331 997 1369 verior
1020 1333 1083 1370 vel
1106 1331 1183 1369 alia
1207 1345 1290 1384 qua
1313 1331 1391 1370 fuit
1414 1330 1556 1369 martir

243 1400 321 1438 nisi
345 1400 574 1438 resistendo
590 1400 698 1451 lupis
714 1400 966 1439 sevientibus
987 1401 1026 1438 in
1050 1415 1180 1453 agnos
1203 1401 1334 1452 gregis
1354 1399 1553 1438 dominici

155 1477 229 1510 156e
244 1480 282 1509 et
330 1469 600 1522 impediendo
630 1469 655 1496 Ψ
683 1482 734 1508 ne
785 1470 905 1508 vinea
948 1470 1153 1509 inebrians
1198 1469 1467 1508 transferatur
1511 1469 1553 1507 in

242 1548 383 1578 ortum
415 1539 597 1589 olerum,
630 1538 755 1577 herba
778 1538 948 1591 quidem
976 1539 1247 1578 melancolica
1270 1547 1478 1592 preservat
1501 1539 1551 1577 ab

242 1608 435 1648 ebrietate
463 1622 509 1647 ex
533 1607 758 1646 amissione
782 1608 1077 1660 temporalium
1100 1609 1275 1661 gignens
1298 1608 1549 1647 vecordiam.

193 1687 227 1727 Q
299 1678 422 1717 Sexto
469 1677 654 1730 arguitur
699 1687 841 1716 contra
885 1678 992 1716 dicta
1038 1692 1111 1730 per
1154 1679 1234 1717 hoc
1278 1679 1393 1731 quod
1438 1678 1551 1716 iuxta
1567 1679 1595 1706 (3-
1613 1680 1634 1706 ¹1
1650 1681 1674 1706 is
1695 1680 1836 1715 objecied

240 1746 423 1799 predicta
462 1746 588 1785 nichil
622 1755 741 1785 sonat
773 1746 815 1785 in
849 1746 1113 1800 privilegium
1144 1747 1343 1797 hominis,
1390 1747 1468 1785 nisi
1501 1748 1550 1785 de
1566 1714 1836 1812 ῗεῐῑὲἰξξὲοέίιζξῖἔεί-

240 1825 400 1869 quanto
449 1816 555 1868 sapit
598 1816 781 1867 graciam
812 1817 877 1855 vel
909 1816 1126 1867 virtutem,
1171 1817 1243 1855 sed
1286 1817 1367 1856 hoc
1411 1817 1550 1855 nullus
1596 1804 1757 1880 &Ml-3¹0¹?
1777 1819 1807 1846 in

239 1895 374 1938 preter
391 1886 606 1925 Christum
629 1894 767 1938 potest
791 1886 1030 1937 concedere,
1051 1900 1148 1938 ergo
1173 1900 1247 1925 nec
1270 1886 1550 1940 privilegium,
1649 1861 1665 1887 g
1744 1875 1749 1880 ⁵

239 1965 277 1994 et
293 1955 349 1995 sic
363 1956 503 1994 nullus
516 1955 716 2007 prescitus
730 1954 899 1994 haberet
913 1955 1189 2009 privilegium,
1204 1970 1352 2009 ymmo
1376 1956 1552 1996 sciencia

183 2036 222 2068 25
240 2039 337 2064 cum
383 2024 499 2064 inflat
546 2033 584 2063 et
622 2025 766 2064 omnia
804 2025 915 2064 bona
953 2025 1051 2065 citra
1082 2026 1256 2065 virtutes
1295 2039 1382 2064 non
1415 2026 1551 2065 forent

240 2094 454 2146 privilegia
497 2094 698 2145 abutenti,
751 2109 832 2147 que
878 2094 1072 2134 videntur
1120 2095 1281 2148 legibus
1332 2104 1370 2135 et
1418 2096 1549 2134 modo

237 2164 438 2217 loquendi
470 2164 629 2216 vulgari
662 2165 880 2204 contraria.

296 2234 375 2273 Hic
407 2233 558 2273 dicitur
589 2235 705 2287 quod
737 2234 871 2287 prima
899 2235 1206 2287 consequencia
1239 2248 1323 2273 non
1347 2235 1547 2287 procedit,

238 2317 334 2343 cum
366 2303 567 2356 prescitus
606 2304 731 2344 habet
768 2304 1048 2357 privilegium,
1094 2305 1197 2343 dum
1229 2313 1288 2343 est
1326 2304 1367 2342 in
1399 2304 1546 2357 gracia.

288 2435 307 2454 1.
337 2429 365 2454 A
395 2427 423 2454 in
453 2434 566 2461 marg.:
601 2427 693 2454 Beda.
836 2435 860 2454 2.
884 2427 922 2454 13:
957 2429 1120 2456 disserere.
1265 2428 1293 2456 ὁ.
1316 2429 1342 2455 Α
1364 2429 1422 2462 Al:
1445 2427 1546 2463 itaque

235 2475 363 2502 solucio.
507 2484 538 2503 11.
562 2475 586 2501 A
609 2474 638 2501 in
660 2482 774 2508 marg:
806 2474 987 2502 Conclusio.
1009 2474 1116 2501 Recte:
1145 2474 1298 2501 obieccio.·
1440 2476 1479 2501 18.
1501 2476 1546 2501 A:

236 2522 447 2549 malencolica.
566 2528 610 2548 20.
635 2521 661 2548 A
682 2521 711 2547 in
733 2529 846 2555 marga
868 2521 960 2549 Sexta
981 2521 1151 2548 conclusio,
1269 2521 1313 2549 28.
1332 2523 1359 2548 A
1380 2521 1408 2548 in
1431 2529 1545 2556 marg:

234 2567 417 2603 Responsio.

297 2673 322 2693 1.
351 2661 706 2694 Venerabilisssedae
734 2663 824 2705 Opp.
852 2669 935 2694 tom.
964 2663 1004 2703 V,
1031 2673 1107 2706 pag.
1135 2661 1211 2706 676.
1329 2674 1377 2695 11.
1405 2662 1491 2694 This
1518 2663 1544 2694 is

233 2720 292 2752 the
311 2721 488 2763 Antiphon
516 2722 549 2752 in
574 2720 632 2752 the
659 2721 787 2752 second
818 2727 966 2752 nocturn
998 2731 1042 2751 on
1068 2720 1127 2752 the
1153 2721 1239 2752 feast
1265 2720 1305 2752 of
1327 2722 1358 2751 S.
1388 2720 1545 2752 Thomas

236 2777 454 2820 Archbishop
489 2779 625 2820 (Sarum
660 2778 834 2819 Breviary,
868 2778 1008 2809 Procter
1039 2778 1107 2809 and
1140 2778 1397 2817 Wordsworffl,
1424 2779 1493 2810 vol.
1522 2780 1543 2810 I.

237 2836 304 2867 col.
329 2835 457 2876 CCLI.)
