2051 3343
246 242 289 279 18
945 248 1168 281 ‚IOHANNIS
1194 249 1388 280 WYCLIF.
1682 233 1787 291 [CAP.
1808 245 1830 271 1.

520 363 609 393 ture
642 363 680 393 et
710 362 875 393 motum
900 354 952 392 ad
974 354 1237 406 sequendum
1261 361 1386 405 caput
1409 351 1592 402 ecclesie,
1616 361 1715 391 tunc
1748 364 1832 390 non
1857 359 1933 393 130b
1953 362 1985 395 ο

520 431 617 462 sunt
649 431 773 476 caput
794 423 837 461 in
860 422 1023 462 civitate
1046 422 1134 473 Dei,
1165 423 1236 462 sed
1258 423 1299 461 in
1325 421 1488 461 civitate
1510 421 1663 460 diaboli
1689 420 1834 473 capitis

521 492 765 546 perimendi,
815 492 913 545 quia
957 492 1051 545 Sap.
1086 492 1176 543 V10,
1218 493 1255 543 6,
1300 505 1393 531 vere
1441 491 1607 531 dicitur:
1660 491 1834 529 Durum

522 562 727 602 iudicium
767 562 849 601 lzz'is
881 563 953 614 qm·
977 568 1165 613 presunt
1182 561 1278 614 fiet.
1314 561 1426 601 Cum
1459 574 1555 613 ergo
1589 573 1665 600 nos
1696 560 1837 599 miseri

522 632 764 685 ignoramus
794 631 825 669 si
849 643 995 670 sumus
1017 631 1067 670 ad
1092 631 1284 670 celestem
1310 631 1538 670 Jerusalem
1555 629 1836 683 predestinati,
1852 638 1868 670 5

250 710 350 757 which
372 717 410 736 no
432 717 490 748 oAne
524 700 657 755 (quod
689 709 830 740 tamen
864 714 911 739 ex
944 700 1111 753 speciali
1142 700 1400 739 revelacione
1422 699 1659 739 habuerunt
1687 698 1836 753 sancti)

233 744 506 806 carsseifiiiivbleim—
523 779 636 823 patet
667 771 782 823 quod
815 769 945 808 nimia
977 770 1245 823 presumpcio
1285 769 1392 809 foret
1424 769 1544 809 nobis
1577 769 1839 822 pertinaciter

522 853 700 879 asserere
744 840 860 893 quod
905 853 1051 879 sumus
1091 839 1225 893 capita
1259 839 1548 892 cuiuscunque
1580 838 1839 891 particularis

523 909 690 949 ecclesie
735 922 818 962 que
862 908 969 949 foret
1011 923 1107 962 pars
1152 917 1292 948 sancte
1336 909 1479 948 matris
1513 908 1694 960 ecclesie,
1739 908 1840 961 quia

522 987 675 1018 notum
715 987 776 1017 est
817 992 864 1017 ex
904 979 1103 1019 concordi
1144 978 1388 1018 testimonio
1433 987 1676 1018 sanctorum
1722 977 1896 1031 quodio

522 1048 663 1087 nullus
691 1048 891 1101 prescitus
915 1058 974 1088 est
996 1049 1061 1088 vel
1083 1049 1325 1088 membrum
1346 1048 1478 1101 ipsius
1502 1048 1682 1088 ecclesie.
1720 1048 1838 1096 Quo-

522 1118 654 1157 modo
688 1131 785 1171 ergo
818 1128 1076 1171 presumeret
1108 1118 1258 1171 aliquis
1291 1127 1484 1158 nostrum
1515 1130 1695 1157 asserere
1724 1117 1841 1170 quod

522 1187 573 1226 sit
605 1196 744 1240 caput,
778 1201 875 1226 cum
907 1188 1017 1229 Eccl.
1052 1188 1142 1239 IX0,
1183 1202 1214 1238 1,
1253 1201 1347 1227 vere
1386 1187 1535 1227 dicitur
1567 1188 1684 1240 quod
1716 1199 1839 1226 nemo

523 1258 623 1296 talis
653 1259 751 1307 scit,
784 1264 928 1297 utrum
969 1259 1024 1297 sit
1068 1258 1228 1311 dignus
1266 1271 1415 1297 amore
1460 1258 1527 1297 vel
1569 1257 1666 1297 odio
1699 1256 1841 1309 quoad

522 1327 928 1379 predestinacionem
960 1327 1025 1366 vel
1057 1327 1415 1380 reprobacionem.
1450 1327 1624 1379 Insuper
1655 1326 1687 1365 si
1710 1325 1838 1378 respi-
1859 1334 1896 1366 15

523 1396 656 1436 cimus
679 1398 730 1436 ad
753 1410 923 1436 sensum
946 1406 985 1436 et
1014 1405 1183 1436 motum
1212 1410 1319 1450 quos
1342 1396 1385 1435 in
1408 1396 1598 1436 subditos
1621 1395 1838 1435 influimus

523 1475 563 1506 et
605 1480 652 1506 ex
694 1465 775 1505 alio
817 1466 944 1506 latere
981 1467 1033 1505 ad
1067 1467 1288 1519 speculum
1320 1466 1522 1519 scripture
1559 1465 1674 1505 iuxta
1711 1478 1841 1518 quam

522 1544 657 1575 totam
688 1535 819 1575 vitam
851 1544 1036 1576 nostram
1070 1536 1371 1589 regularemus,
1411 1535 1659 1587 eligeremus
1691 1534 1839 1588 pocius

523 1606 661 1645 vocari
703 1605 808 1645 servi
854 1615 893 1646 et
936 1605 1113 1645 ministri
1161 1605 1330 1645 ecclesie
1374 1618 1504 1658 quam
1548 1604 1696 1657 capita,
1743 1617 1839 1644 cum

522 1684 674 1715 notum
693 1675 757 1726 sit,
781 1675 811 1713 si
836 1688 923 1715 non
947 1674 1122 1715 facimus
1145 1674 1335 1714 officium
1358 1674 1558 1728 capitatis,
1584 1687 1671 1713 non
1695 1687 1840 1714 sumus
1858 1691 1900 1712 20

281 1763 454 1799 Angustiae
524 1745 670 1797 capita,
705 1745 804 1798 quia
836 1746 1070 1784 secundum
1103 1744 1392 1798 Augustinum
1422 1744 1465 1783 in
1497 1744 1638 1783 libello
1671 1757 1748 1783 suo
1781 1744 1843 1782 De

234 1809 353 1863 wssiziffd
365 1800 465 1861 iiiiii?
483 1831 508 1858 is
523 1815 679 1854 Decem
706 1814 855 1854 Cordis
880 1816 1065 1854 maritus
1090 1827 1326 1867 perversus
1349 1827 1432 1854 non
1457 1820 1519 1854 est
1542 1820 1672 1866 caput
1693 1814 1845 1853 uxoris

235 1876 287 1899 not
304 1867 458 1932 ὲῗεεκῗῗτῖἀ
479 1866 612 1931 Ossae,
646 1884 781 1923 multo
813 1883 945 1937 magis
974 1884 1214 1937 prepositus
1247 1884 1416 1923 ecclesie
1449 1883 1520 1937 qui
1553 1896 1654 1936 pure
1676 1883 1846 1922 haberet

524 1967 547 1993 a
579 1954 668 1992 Deo
710 1953 953 2006 dignitatem
995 1954 1253 2005 huiusmodi,
1293 1954 1325 1992 si
1358 1967 1381 1992 a
1413 1953 1580 1993 Christo
1609 1953 1841 2005 degenerat.

524 2023 645 2063 Unde
688 2032 917 2076 postquam
950 2023 1215 2077 Augustinus
1259 2024 1497 2063 ostenderat
1528 2023 1645 2076 quod
1665 2021 1843 2075 femina
1860 2028 1900 2061 25

526 2106 624 2133 vere
657 2094 895 2133 christiana
929 2093 1049 2133 debet
1081 2093 1228 2133 dolere
1261 2093 1311 2132 de
1344 2092 1625 2131 fornicacione
1650 2091 1725 2130 viri
1758 2105 1842 2131 non

516 2170 699 2215 propter
738 2176 916 2202 carnem
956 2163 1031 2202 sed
1061 2170 1248 2215 propter
1282 2163 1508 2201 caritatem
1543 2170 1582 2200 et
1615 2161 1846 2201 castitatem

524 2232 707 2272 debitam
732 2232 820 2271 viro
845 2232 1027 2283 Christo,
1061 2232 1161 2271 dicit
1184 2240 1488 2285 consequenter
1510 2231 1628 2284 quod
1650 2231 1845 2271 Christus

525 2302 716 2354 loquitur
746 2303 790 2341 in
836 2302 1038 2341 cordibus
1071 2301 1350 2354 feminarum
1396 2302 1623 2352 bonarum,
1669 2301 1741 2340 ubi
1780 2301 1846 2341 vir

525 2384 609 2410 non
644 2371 766 2410 audit
797 2371 955 2410 dicens:
1002 2371 1116 2410 Dole
1150 2370 1201 2411 de
1237 2373 1322 2412 viri
1352 2372 1414 2411 tui
1446 2371 1622 2411 iniuriis
1653 2369 1727 2409 sed
1759 2370 1846 2409 noli
1861 2375 1903 2408 30

525 2442 705 2490 imitari,
747 2441 846 2493 quin
878 2442 1035 2493 pocius
1067 2442 1156 2493 ipse
1191 2447 1228 2480 te
1262 2441 1450 2481 imitetur
1482 2442 1524 2481 in
1559 2441 1681 2479 bono.
1733 2439 1843 2478 Nam

584 2562 608 2580 2.
621 2554 660 2580 B:
683 2553 823 2588 capitatis
845 2552 1029 2587 perimendi.
1103 2552 1127 2580 3.
1142 2551 1162 2578 B
1176 2553 1204 2579 in
1219 2561 1321 2588 marg:
1344 2552 1478 2588 Sap.VI.
1552 2553 1633 2586 413:
1650 2561 1720 2580 cum
1738 2551 1846 2587 igitur3

527 2600 570 2627 sic
591 2605 619 2627 et
640 2600 667 2626 in
691 2600 830 2634 pluribus
851 2599 924 2626 locis
947 2598 1148 2634 sequentibus
1170 2599 1309 2626 eiusdem
1331 2599 1458 2627 codicis.
1587 2599 1614 2626 6.
1637 2599 1674 2626 B:
1698 2603 1846 2634 quantum

527 2655 563 2673 ex
583 2646 719 2681 speciali.
793 2654 883 2681 9—11.
900 2646 997 2681 AAl:
1020 2646 1148 2673 ecclesie
1168 2661 1201 2665 —
1222 2646 1397 2673 membrum
1420 2646 1517 2675 deest.
1591 2644 1629 2673 13.
1651 2645 1672 2672 B
1693 2645 1723 2672 in
1743 2652 1845 2679 marg:

526 2692 683 2719 Eccl.1X0.
758 2701 800 2726 19.
822 2692 861 2718 B:
882 2692 1004 2727 capitis„
1109 2699 1149 2719 21.
1170 2692 1233 2719 AB
1254 2692 1283 2719 in
1306 2700 1409 2727 marg:
1430 2693 1637 2727 Augustinus„
1657 2692 1729 2719 Ain
1745 2698 1847 2725 marg:

527 2738 582 2765 Vir
594 2746 759 2773 perversus
778 2746 840 2765 non
860 2743 905 2765 est
921 2742 1013 2773 caput
1032 2738 1137 2765 uxoris
1157 2746 1214 2764 nec
1233 2743 1279 2765 est
1296 2746 1350 2773 per
1363 2739 1462 2774 ipsam
1476 2738 1653 2765 imitandus.
1667 2737 1689 2764 B
1702 2737 1731 2765 in
1744 2745 1845 2773 marg:

530 2783 658 2811 Maritus
681 2793 845 2820 perversus
867 2793 927 2812 non
949 2790 996 2813 est
1016 2791 1108 2820 caput
1129 2786 1245 2812 uxoris.
1361 2785 1403 2812 25.
1426 2785 1447 2811 Β
1469 2785 1497 2811 in
1519 2792 1622 2818 marg:
1644 2785 1847 2819 Augustinus.

589 2878 639 2898 22.
668 2868 774 2910 Capp.
802 2868 843 2899 ΙΙΙ
871 2875 903 2899 et
930 2869 984 2899 IX.
1012 2870 1100 2910 Aug.
1129 2869 1221 2911 Opp.
1250 2869 1290 2908 V,
1323 2879 1348 2909 1,
1377 2868 1430 2907 50,
1459 2867 1511 2899 56.
