2051 3273
189 259 277 288 CAP.
299 246 412 305 xm]
686 261 745 293 DE
772 260 1006 293 ecctsssm.
1700 259 1748 300 41
1767 262 1777 288 1

42 367 257 412 P185dalii
301 366 441 407 fideles
487 376 602 406 erant
645 367 695 406 de
739 366 921 418 ecclesia,
968 375 1195 419 antequam
1234 364 1334 405 fides
1368 366 1498 406 suita

190 437 339 477 sanctis
371 437 558 490 patribus
589 437 631 475 in
665 435 850 476 conciliis
891 435 1150 489 generalibus
1183 435 1399 475 declarata.
1447 437 1498 476 Et

191 520 388 560 suppono
440 506 668 559 quamlibet
719 505 892 545 istarum
932 504 1260 557 responsionum
1301 504 1495 553 validam,

190 590 287 616 cum
319 576 434 616 aliter
466 575 590 615 nimis
613 574 820 628 superflue
844 575 1124 627 globarentur.
1160 574 1299 613 Prima
1321 587 1495 626 respon—
1512 580 1577 607 that
1596 580 1680 608 there
1704 588 1785 608 were

158 646 252 688 5sio
276 655 314 685 et
346 646 579 686 secundum
611 654 772 697 partem
802 644 1100 684 validissimam
1123 643 1220 683 dicit
1254 644 1370 697 quod
1404 652 1498 683 ante
1513 615 1788 677 ffi‘ffifflfffflffiss

188 724 368 754 mortem
390 714 542 755 Christi
575 714 652 754 fuit
683 713 872 753 doctrina
894 712 988 752 fidei
1018 722 1158 752 nostre
1180 726 1252 765 per
1276 712 1494 752 Christum
1518 684 1774 755 chrigegivbcitl'glsih

189 794 228 824 et
258 798 355 824 suos
393 785 608 836 apostolos
652 783 905 823 sufficienter
953 782 1165 836 divulgata
1212 792 1251 822 et
1295 783 1499 823 declarata

187 868 261 907 per
291 863 457 894 sanctos
488 862 624 906 patres
658 853 828 907 (supple
852 867 924 905 per
949 852 1165 892 Christum
1194 861 1232 892 et
1263 852 1497 907 apostolos)

188 932 281 963 ante
312 933 495 963 mortem
518 923 671 963 Christi
695 923 736 962 in
766 923 950 962 conciliis
983 922 1243 976 generalibus
1273 923 1499 975 celebratis,

136 1013 174 1035 10
189 1003 229 1033 et
260 994 376 1046 quod
408 993 485 1033 ista
516 992 690 1032 concilia
713 1001 807 1032 ante
831 1002 1014 1032 mortem
1037 992 1192 1032 Christi
1224 992 1363 1032 habita
1394 993 1501 1033 inter

189 1062 405 1103 Christum
450 1071 489 1102 et
532 1063 751 1115 apostolos
798 1076 894 1101 cum
939 1062 1024 1102 suis
1069 1061 1282 1114 discipulis
1328 1063 1378 1101 de
1422 1062 1499 1101 hiis

188 1146 270 1186 que
301 1132 510 1185 pertinent
548 1132 599 1171 ad
637 1131 765 1171 fidem
805 1131 973 1170 fuerunt
1011 1131 1228 1184 generalia.
1272 1131 1390 1171 Patet
1428 1146 1500 1184 per

187 1201 517 1255 descripcionem
569 1201 732 1241 concilii
785 1200 989 1253 generalis
1051 1201 1232 1254 positam
1291 1201 1333 1239 in
1384 1202 1501 1255 glosa

186 1272 386 1312 Johannis
418 1272 552 1312 XVIIa
584 1272 675 1311 dist.
707 1286 796 1325 cap.
837 1271 1076 1322 Generalia,
1111 1271 1181 1310 ubi
1204 1271 1353 1311 dicitur
1385 1272 1502 1325 quod

134 1342 297 1382 15illud
339 1349 400 1382 est
440 1343 643 1396 generale
689 1342 913 1382 concilium
957 1341 1068 1395 quod
1104 1355 1129 1380 a
1160 1355 1278 1394 papa
1316 1342 1381 1381 vel
1412 1342 1501 1381 eius

189 1412 327 1465 legato
360 1418 435 1451 aut
466 1412 602 1451 locum
636 1411 724 1451 eius
758 1418 918 1451 tenente
949 1424 1043 1450 cum
1077 1411 1269 1451 omnibus
1299 1411 1501 1464 episcopis

187 1481 439 1521 celebratur.
462 1480 573 1521 Cum
596 1494 693 1533 ergo
716 1480 889 1520 Matthei
911 1482 969 1520 XO
992 1480 1140 1520 dicitur
1168 1482 1282 1534 quod
1312 1480 1502 1521 Christus

188 1550 434 1590 convocavit
466 1550 693 1603 discipulos
726 1564 824 1590 suos
858 1559 908 1602 et,
933 1563 1147 1603 exponens
1177 1550 1232 1589 eis
1258 1549 1398 1602 fidem,
1431 1550 1501 1589 de-

189 1620 247 1660 dit
278 1620 334 1659 eis
357 1620 569 1673 privilegia
592 1629 631 1659 et
651 1619 903 1673 multiplices
926 1628 1166 1672 potestates,
1199 1619 1361 1659 videtur
1387 1621 1503 1673 quod

133 1705 173 1727 20
188 1689 276 1742 ipse
309 1689 527 1730 celebravit
557 1698 657 1729 tunc
690 1689 916 1729 concilium
946 1690 1156 1743 generale3
1181 1698 1219 1729 et
1247 1689 1359 1728 idem
1392 1698 1504 1742 patet

191 1759 365 1798 Matthei
418 1760 516 1800 XV0
561 1767 599 1799 et
645 1759 773 1799 Marci
807 1758 884 1799 V10
937 1768 975 1798 et
1027 1773 1123 1811 sepe
1176 1767 1269 1798 ante
1321 1767 1503 1798 mortem

191 1828 358 1880 Christi,
382 1829 453 1869 ubi
474 1829 661 1882 loquitur
684 1829 910 1882 discipulos
930 1842 1194 1868 convocasse.
1229 1829 1343 1868 Istud
1362 1837 1502 1868 autern

195 1898 355 1938 dictum
402 1907 461 1938 est
508 1899 551 1937 in
595 1907 712 1951 parte
756 1898 1025 1949 catholicum,
1071 1913 1168 1938 cum
1212 1907 1299 1938 tota
1341 1898 1503 1938 trinitas

190 1976 333 2008 eterno
367 1968 543 2008 consilio
578 1968 757 2009 decrevit
797 1970 1023 2008 decursum
1063 1969 1233 2009 ecclesie
1271 1968 1502 2009 consuluit-

133 2043 173 2076 25
190 2051 270 2091 que
309 2038 564 2090 patriarchis,
609 2038 823 2091 prophetis
868 2048 906 2078 et
951 2038 1075 2091 capiti
1114 2038 1285 2078 ecclesie
1326 2037 1502 2077 domino

189 2108 283 2146 Jesu
337 2107 518 2159 Christo,
572 2109 805 2148 secundum
858 2122 987 2162 quem
1039 2122 1208 2148 cursum
1260 2108 1503 2161 procederet

191 2185 330 2216 sancta
381 2187 514 2217 mater
565 2177 747 2217 ecclesia.
810 2179 1145 2230 Verumptamen
1197 2191 1283 2217 non
1336 2188 1503 2231 oportet

190 2259 339 2286 omnes
362 2247 583 2300 episcopos
612 2248 663 2286 ad
690 2247 770 2287 tale
795 2247 1019 2287 concilium
1042 2247 1296 2300 congregari,
1318 2261 1392 2287 nec
1408 2247 1503 2287 facit

190 2329 262 2369 per
284 2330 326 2356 se
348 2316 576 2356 multitudo
600 2331 874 2370 personarum
898 2316 1213 2357 consulencium
1237 2317 1287 2355 ad
1301 2317 1500 2370 generali-

135 2390 318 2425 3otatem
362 2386 539 2438 concilii,
584 2401 681 2426 cum
720 2387 1082 2441 generalissimum
1119 2387 1216 2441 quia
1249 2386 1502 2440 principium

190 2454 387 2495 omnibus
419 2455 507 2494 aliis
540 2456 589 2495 sit
622 2456 848 2496 concilium
880 2456 1123 2496 increatum.
1169 2457 1502 2509 Verumptamen

189 2524 232 2562 in
276 2524 459 2576 conciliis
503 2525 793 2577 apostolorum
841 2535 879 2565 et
928 2526 1015 2565 aliis
1068 2526 1251 2566 conciliis
1302 2528 1501 2580 generali-

190 2593 266 2633 bus
300 2594 440 2647 quoad
471 2594 788 2634 multitudinem
829 2595 1127 2648 episcoporum
1171 2605 1354 2649 quatuor
1399 2612 1500 2651 apo-

241 2785 265 2814 5.
289 2788 316 2813 A
336 2787 393 2822 Al:
413 2787 615 2815 validissima.
760 2796 797 2815 12.
824 2790 853 2816 A
873 2789 903 2816 in
926 2797 1040 2824 marga
1070 2789 1150 2818 Nota
1170 2791 1207 2818 de
1228 2791 1357 2818 concilis
1375 2799 1502 2826 genera-

190 2832 282 2859 libus.
425 2834 465 2861 16.
487 2834 514 2860 A
534 2834 564 2860 in
587 2841 700 2868 marga
726 2834 809 2869 Quid
830 2840 875 2863 est
895 2835 1061 2863 concilium
1088 2836 1249 2871 generale?
1288 2837 1310 2864 B
1332 2837 1363 2864 in
1385 2845 1501 2873 marg:

191 2876 342 2905 Generale
362 2879 527 2906 concilium
549 2879 621 2915 quid
643 2880 682 2907 sit
702 2885 783 2908 nota.
926 2889 969 2910 22.
990 2881 1029 2909 B:
1052 2882 1104 2909 ubi
1125 2882 1244 2917 legitur.
