2051 3273
199 219 393 277 CAP.X111.]
686 233 745 264 DE
772 232 1002 264 ECCLEsm.
1717 225 1796 278 287

48 337 415 391 H169bexcitante‚
459 346 498 375 et
530 337 702 375 demum
746 337 1028 376 communiter
1070 337 1113 374 in
1159 337 1388 376 elemosina
1420 348 1505 377 tarn

199 406 404 460 corporali
436 420 565 459 quam
598 405 800 458 spirituali
834 405 1013 458 surrepit
1036 405 1204 445 affeccio
1237 420 1342 445 vane
1375 407 1505 460 glorie

196 477 262 516 vel
304 475 403 515 boni
450 475 562 514 utilis
605 474 869 527 temporalis;
903 484 942 514 et
974 473 1024 528 (si
1059 489 1145 514 non
1178 475 1314 529 fallor)
1358 476 1504 515 oculus

202 545 348 585 cesaris
393 545 714 598 quodammodo
759 543 935 583 infectus
981 543 1113 584 fuerat
1149 544 1191 583 in
1237 544 1314 583 hiis
1359 546 1503 586 tribus,

166 625 180 657 5
202 615 307 664 Quis
341 628 445 667 rogo
478 614 598 654 sciret
639 614 785 653 docere
817 614 932 667 quod
956 627 1068 654 cesar
1088 614 1153 653 vel
1180 614 1283 653 alius
1307 615 1503 655 dominus

198 684 390 724 secularis
422 684 465 723 in
504 684 719 724 fundando
750 692 836 723 tam
880 684 1046 736 publice
1090 694 1314 737 perpetuas
1347 686 1502 725 elemo-

197 753 306 792 sinas
338 767 423 792 non
456 753 634 793 intendit
663 767 766 793 vane
789 753 967 806 gloriam
990 754 1297 807 solempnitatis
1321 755 1504 794 nominis

196 822 260 862 sui
288 831 327 862 et
359 822 422 862 sui
441 823 600 875 generis
632 822 768 876 longis
800 823 1061 875 temporibus
1084 821 1351 863 duraturam?
1375 825 1504 872 Quod

197 892 228 930 si
276 891 379 932 illud
413 893 695 945 preponderat
729 892 957 931 intencioni
990 893 1166 943 dextere,
1200 892 1389 933 faciendo
1422 895 1501 933 ele-

145 983 181 1004 10
196 961 382 1001 mosinas
414 962 465 1000 de
497 961 648 1012 alieno,
682 970 826 1014 peccat
856 961 1099 1002 mortaliter.

163 1043 181 1074 1
253 1032 306 1071 Et
353 1040 465 1084 patet
510 1032 560 1070 ad
605 1031 785 1071 formam
828 1031 1065 1084 argumenti
1099 1033 1368 1072 concedendo
1402 1047 1500 1073 cou-

197 1100 430 1140 clusionem
474 1109 513 1140 et
556 1100 789 1154 sequelam:
845 1102 955 1141 Nam
986 1101 1169 1141 maxima
1202 1102 1429 1142 elemosina
1460 1103 1501 1142 in

194 1169 258 1209 via
293 1178 353 1209 est
384 1178 430 1209 ut
461 1170 555 1223 quis
585 1170 792 1224 relinquat
814 1171 980 1223 penitus
1003 1171 1166 1210 civilem
1193 1173 1503 1224 possessiouem

195 1238 235 1277 in
269 1240 432 1279 mundo
465 1248 505 1279 et
535 1249 667 1292 ponat
696 1240 826 1279 vitam
857 1249 1095 1292 presentem
1126 1255 1202 1293 pro
1235 1241 1397 1281 honore
1427 1242 1500 1281 Dei

141 1319 178 1351 15
195 1318 235 1348 et
266 1309 440 1349 utilitate
472 1309 639 1349 ecclesie
671 1310 832 1349 dicente
865 1309 1031 1350 Christo
1069 1311 1270 1350 Johannis
1303 1312 1391 1362 XV,
1435 1313 1500 1351 13:

193 1379 407 1418 Maiorem
454 1379 675 1419 caritatem
722 1392 843 1419 nemo
891 1379 1015 1419 habet
1059 1393 1185 1433 quam
1227 1388 1271 1420 ut
1310 1382 1499 1420 animam

191 1461 313 1487 suam
339 1455 478 1501 ponat
509 1450 601 1501 quis
626 1462 712 1501 pro
745 1450 894 1489 amicis
926 1450 1039 1498 suis;
1065 1450 1156 1490 talis
1190 1450 1226 1490 ei
1258 1452 1327 1490 dat
1359 1451 1501 1491 omnia

194 1518 305 1557 bona
349 1532 424 1558 sua
467 1518 632 1558 fortune
680 1527 718 1558 et
762 1518 905 1558 omnia
949 1519 1059 1558 bona
1096 1533 1171 1558 sua
1209 1521 1425 1572 naturalia,
1462 1530 1502 1560 et

194 1601 291 1627 cun]
336 1588 437 1627 iusti
478 1594 579 1628 sunt
621 1589 778 1636 omnia,
827 1597 942 1641 patet
985 1590 1100 1643 quod
1131 1589 1173 1628 in
1212 1590 1281 1629 tali
1326 1591 1501 1630 dacione

136 1678 177 1699 20
192 1656 390 1697 fundatur
422 1658 653 1697 elemosina
684 1658 941 1711 largissima3
975 1667 1014 1698 et
1045 1668 1159 1712 patet
1190 1660 1420 1700 conclusio.

250 1727 404 1775 Quoad
465 1727 742 1780 quantitatem
800 1728 998 1779 muneris,
1061 1730 1204 1781 quoad
1265 1729 1499 1770 libertatem
1513 1744 1618 1771 Those
1638 1744 1709 1772 who
1730 1745 1787 1773 live

192 1796 438 1836 donacionis
491 1806 530 1836 et
581 1797 722 1850 quoad
770 1797 1088 1838 diuturnitatem
1133 1799 1334 1852 temporis
1386 1780 1788 1852 patetpgsssstynqgssgepgffis

191 1867 307 1919 quod
351 1866 535 1905 viventes
586 1866 907 1920 exproprietarie
950 1867 1149 1921 religione
1194 1878 1395 1922 perpetua
1439 1869 1497 1909 fa-
1614 1849 1691 1876 ππ

191 1935 306 1975 ciunt
357 1935 605 1976 elemosinas
648 1936 898 1989 largissimas
943 1946 982 1977 et
1013 1937 1355 1987 ordinatissimas,
1401 1939 1499 1992 quia

135 2017 174 2050 25
190 2006 328 2058 primo
352 2005 600 2046 miserentur
633 2005 771 2045 anime
793 2019 866 2045 sue
890 2006 1100 2059 placentes
1123 2007 1228 2059 Deo,
1253 2017 1291 2047 et
1314 2010 1498 2049 secundo

190 2074 384 2115 facientes
417 2075 646 2128 spiritualia
678 2088 804 2127 opera
835 2075 1119 2116 misericordie
1152 2077 1228 2117 toti
1259 2078 1422 2117 mundo
1451 2092 1499 2117 ex

189 2144 228 2183 vi
281 2145 594 2185 communionis
646 2153 889 2184 sanctorum
935 2146 1030 2198 plus
1079 2147 1131 2185 ad
1176 2146 1381 2187 honorem
1423 2147 1499 2187 Dei

190 2224 370 2268 prosunt
402 2214 571 2254 ecclesie
603 2228 732 2267 quam
764 2214 957 2254 secularis
990 2217 1258 2256 accumulans
1292 2217 1500 2270 quotlibet

191 2284 439 2338 temporalia
471 2283 617 2323 domui
651 2283 809 2336 priVate
832 2286 1067 2324 secundum
1088 2286 1336 2337 religionem
1364 2276 1499 2339 preter
1529 2297 1597 2325 The
1618 2299 1716 2325 worth
1738 2299 1773 2326 of

133 2363 174 2395 30
191 2354 472 2407 evangelicam
518 2354 751 2393 adinvente.
798 2354 919 2393 Unde
964 2354 1069 2394 absit
1116 2354 1283 2394 fidelem
1335 2333 1788 2403 crederedaelirssiiddzeritssgir

191 2424 308 2477 quod
339 2422 714 2476 proporcionaliter
745 2423 797 2461 ad
830 2423 1107 2476 quantitatem
1129 2425 1252 2463 molis
1284 2425 1350 2464 vel
1382 2426 1496 2465 valo-
1577 2408 1716 2430 amount.

190 2493 243 2532 ris
276 2492 418 2532 donati
458 2492 500 2531 in
539 2491 630 2530 foro
670 2491 797 2530 seculi
829 2492 1055 2532 attenditur
1093 2494 1301 2546 quantitas
1340 2495 1496 2534 elemo-

190 2562 277 2601 sine
327 2561 555 2613 donatoris,
601 2574 697 2599 cum
740 2558 955 2600 infinitum
986 2562 1191 2601 maiorem
1225 2563 1497 2604 elemosinam

190 2632 395 2686 contingit
437 2630 748 2685 quantumlibet
791 2630 931 2670 minus
978 2632 1112 2671 valere
1144 2633 1187 2671 in
1221 2633 1312 2672 foro
1356 2634 1495 2674 seculi.

242 2802 266 2830 5.
297 2803 325 2829 A
346 2803 374 2830 in
396 2810 509 2837 marg.:
542 2802 723 2830 Conclusio.
867 2810 901 2828 11.
931 2804 957 2828 A
984 2802 1013 2829 in
1042 2811 1156 2837 marga
1189 2804 1236 2830 Ad
1269 2810 1494 2838 argumentum.

190 2857 224 2876 ιι.
246 2856 282 2875 12.
305 2851 330 2876 A
352 2851 407 2885 A1:
429 2851 566 2878 concedo
586 2852 830 2879 conclusionem,
