2051 3343
249 266 337 294 CAP.
353 254 422 313 v1.]
463 302 465 304 ,
755 269 814 301 DE
841 268 1075 301 ECCLESIA.
1765 270 1840 311 129

95 386 136 420 Μ
155 383 232 428 14612
246 373 401 413 mansit
430 373 474 412 in
496 372 717 426 principio,
741 373 877 412 adhuc
900 382 1060 425 manet3
1094 382 1132 412 et
1155 382 1215 413 est
1239 374 1385 413 eadem
1407 375 1560 414 domus

249 443 483 483 successiva
514 456 596 496 que
629 441 708 482 fuit
739 457 762 482 a
793 443 1001 496 principio
1035 443 1235 497 usquein
1268 443 1419 496 finem3
1452 443 1559 483 sicut

246 512 387 566 posito
420 513 537 567 quod
568 511 675 565 ignis
707 511 877 565 incipiat
914 512 1158 565 partibiliter
1180 513 1365 566 generari
1392 522 1431 553 et
1462 528 1560 554 cum

246 583 327 622 hoc
342 581 567 635 corrumpi,
583 591 683 622 tunc
696 581 804 634 ignis
823 581 1081 622 successivus
1096 591 1311 623 mensurat
1325 584 1560 623 secundum

213 660 382 705 5partes
420 660 648 705 utrumque
691 659 874 704 motum,
918 660 957 691 et
998 652 1054 692 sic
1099 654 1383 706 corrumpitur
1424 653 1558 693 inani-

245 730 410 761 matum
440 722 492 761 ad
531 721 854 775 corrupcionem
897 722 1032 761 tocius
1077 731 1116 762 et
1159 732 1301 763 manet
1345 723 1558 776 continue,

246 791 349 831 dum
371 791 667 845 corrumpitur.
701 792 754 831 Et
786 791 817 830 si
840 800 1049 845 queratur,
1074 794 1246 846 quando
1280 794 1559 833 consecrande

246 859 381 901 forent
413 861 595 913 ecclesie,
629 860 779 901 dicitur
819 862 935 915 quod
967 861 1034 901 ille
1074 872 1135 902 est
1173 863 1275 903 ritus
1314 862 1560 903 humanitus

244 930 524 984 introductus,
563 931 659 971 ideo
703 945 790 970 non
835 940 897 971 est
939 931 999 970 vis
1043 932 1094 970 de
1138 932 1208 972 tali
1241 932 1561 972 consecracione

191 1021 229 1043 10
245 1000 462 1041 assistente
494 1000 710 1041 sanctitate
748 1014 926 1054 persone
965 1000 1200 1042 incolentis.
1247 1002 1375 1043 Istam
1418 1012 1562 1043 autem

245 1070 464 1111 materiam
495 1071 688 1124 relinquo
720 1070 822 1111 aliis.

302 1153 383 1193 Sed
408 1152 557 1206 quinto
580 1152 778 1206 arguitur,
795 1152 1014 1206 probando
1038 1152 1155 1206 sequi
1180 1166 1227 1192 ex
1246 1153 1365 1194 dictis
1387 1168 1561 1195 omnem
1576 1154 1784 1218 Wfffgl'ffgffiss
1796 1165 1852 1219 {lot

243 1222 451 1262 honorem
484 1232 523 1262 et
567 1222 858 1262 obedienciam
902 1222 1217 1275 inpendendam
1256 1224 1417 1276 prelato
1460 1238 1558 1263 con·
1575 1224 1850 1296 ξῑὲῡιζῖηξθὴέξξῖἷξ

244 1291 364 1332 fundi
398 1301 437 1332 et
474 1306 650 1332 omnem
688 1292 957 1332 exaccionem
1001 1293 1230 1346 corporalis
1274 1293 1416 1344 debiti,
1462 1307 1561 1333 cum
1593 1302 1628 1321 0s
1648 1302 1724 1322 even
1747 1294 1829 1322 debt·

153 1368 228 1412 1460
244 1360 436 1401 deficeret
467 1361 668 1415 probacio
690 1359 714 1383 ²³*
736 1361 1108 1415 predestinacionis
1140 1363 1206 1401 vel
1238 1362 1480 1415 sanctitatis,
1522 1372 1562 1410 et

240 1430 346 1470 illud
397 1432 631 1471 secundum
682 1432 896 1472 racionem
947 1432 1054 1472 foret
1097 1431 1423 1472 fundamentum
1466 1433 1562 1473 talia

241 1500 505 1543 vendicandi.

300 1581 380 1622 Hic
402 1592 577 1636 negatur
593 1593 874 1636 assumptum,
893 1584 993 1637 quia
1006 1582 1071 1638 (ut
1086 1592 1199 1637 patet
1221 1581 1336 1638 alibi)
1361 1584 1559 1637 operibus
1574 1609 1620 1636 As
1631 1574 1850 1645 ssssffffssffling

244 1652 366 1691 debet
397 1652 520 1703 credi,
553 1666 628 1692 nec
660 1653 755 1693 licet
787 1654 945 1706 prelato
979 1653 1160 1707 aspirare
1202 1654 1254 1693 ad
1291 1654 1458 1694 lucrum
1496 1654 1561 1693 vel
1610 1645 1812 1715 ffifisssstssfid‘g'g

186 1741 228 1763 20
243 1721 427 1761 honores
459 1721 539 1761 illis
561 1722 755 1774 dimissis,
788 1723 887 1776 quia
918 1732 965 1763 ut
987 1723 1044 1763 sic
1066 1724 1255 1763 redderet
1271 1737 1314 1763 se
1335 1723 1561 1776 indignum
1591 1713 1835 1776 thefssobrlssssheis

240 1790 320 1830 illis
351 1791 475 1831 lucris
508 1800 633 1845 atque
655 1792 901 1833 honoribus.
936 1793 1059 1833 Unde
1081 1806 1297 1833 oraremus
1320 1807 1482 1845 omnes,
1515 1802 1562 1833 ut

241 1861 412 1901 ecclesia
442 1861 549 1901 sicut
579 1861 622 1900 in
646 1861 730 1901 suis
753 1861 974 1915 primitivis
1006 1863 1192 1902 attendat
1214 1876 1317 1916 pure
1344 1861 1561 1903 fructuoso

241 1930 357 1983 operi
396 1929 483 1970 sine
516 1930 753 1970 ambicione
776 1931 1021 1984 temporalis
1044 1932 1262 1972 commodi
1285 1932 1351 1971 vel
1373 1932 1560 1972 honoris.

240 2000 372 2039 Modo
403 2013 502 2039 vero
535 2000 588 2040 ad
630 2009 797 2041 tantum
838 2000 1118 2041 invalescebat
1156 2002 1407 2054 oppositum
1444 2003 1561 2055 quod

184 2078 224 2110 25
240 2070 291 2109 de
315 2069 424 2109 clero
440 2078 586 2109 nostro
603 2079 742 2123 potest
756 2070 836 2110 dici
858 2070 964 2110 illud
985 2071 1109 2110 Ysaie
1133 2071 1220 2122 1110,
1251 2081 1323 2111 12:
1347 2072 1559 2124 Populum
1626 2071 1799 2134 pffss'ffssggg

241 2152 381 2178 meum
414 2147 643 2179 exactores
673 2141 742 2180 sui
772 2141 1070 2193 spoliaverunt
1101 2146 1139 2180 et
1171 2140 1377 2181 mulieres
1425 2142 1560 2181 domi-

243 2214 341 2248 nate
372 2216 473 2249 sunt
502 2210 608 2249 eius.
642 2209 696 2249 Et
717 2209 925 2263 sequitur:
958 2210 1121 2263 Popule
1154 2223 1275 2250 meus
1298 2211 1371 2263 qui
1393 2210 1561 2251 beatum

249 2284 287 2318 te
311 2278 473 2326 dicunt,
498 2280 582 2331 ipsi
601 2286 640 2318 te
659 2279 888 2332 decipiunt.
922 2280 1032 2319 Nam
1047 2279 1119 2333 qui
1135 2280 1238 2318 olim
1253 2288 1369 2319 erant
1382 2289 1562 2320 rectores

242 2347 394 2399 anime,
426 2347 513 2387 iam
551 2348 732 2401 perversi
765 2357 862 2388 sunt
904 2348 948 2387 in
992 2358 1203 2389 exactores
1248 2352 1445 2402 pecunie;
1489 2350 1563 2403 qui

185 2424 228 2457 30
244 2417 347 2456 olim
379 2417 570 2457 zelabant
601 2432 677 2470 pro
723 2418 885 2458 honore
924 2418 1067 2458 divino
1113 2426 1361 2472 contempto
1399 2419 1563 2458 honore

243 2487 476 2539 mundano,
509 2488 641 2527 modo
691 2496 862 2528 econtra
892 2488 983 2540 lege
1014 2488 1091 2528 Dei
1131 2497 1171 2528 et
1199 2502 1273 2541 per
1300 2501 1562 2542 consequens

244 2555 406 2595 honore
451 2555 538 2596 eius
582 2557 851 2610 postposito,
906 2558 1262 2611 preponderantes
1309 2557 1562 2598 tradiciones

296 2703 326 2730 6.
345 2703 390 2730 A:
412 2702 450 2730 ad
471 2703 757 2739 corrumpcionem.
901 2703 929 2732 6.
951 2703 981 2732 A
999 2704 1030 2732 in
1052 2711 1172 2739 marg.:
1191 2703 1284 2733 Nota.
1428 2712 1467 2733 12.
1483 2705 1511 2732 A
1531 2704 1563 2733 in

243 2758 358 2785 marg.:
380 2748 497 2785 Quinta
517 2749 657 2777 obieecio
800 2749 841 2778 18.
862 2751 891 2778 A
910 2750 941 2778 in
961 2759 1079 2786 marg.:
1100 2749 1289 2786 Responsio.
1413 2758 1460 2778 20.
1480 2752 1510 2778 A
1530 2750 1562 2778 in

241 2804 354 2832 marg.:
373 2795 456 2824 Nota
476 2803 673 2831 processum.
837 2804 880 2824 22.
901 2796 941 2823 B:
972 2797 1110 2825 attendat
1149 2798 1247 2825 deest.
1416 2797 1458 2825 25.
1479 2797 1508 2824 A
1529 2797 1559 2824 in

243 2849 359 2878 marg:
395 2841 437 2870 Is.
475 2842 545 2871 Illa.
695 2851 742 2879 29.
762 2844 791 2873 A
817 2844 879 2879 A1:
900 2848 972 2872 sunt
998 2844 1095 2873 deest.
1250 2844 1288 2873 31.
1306 2845 1336 2872 A
1373 2844 1404 2871 in
1441 2851 1561 2880 marg.:

246 2888 391 2916 Avaricia
430 2889 517 2917 cleri.

1438 2949 1460 2983 9
