2051 3273
204 223 285 274 284
908 232 1132 264 JOHANNIS
1158 232 1354 264 wvcmrs.
1590 218 1696 276 [CAP.
1716 229 1795 256 xm.

486 339 556 392 qui
589 338 819 391 privilegiat
851 337 951 377 citra
972 335 1133 376 Deum?
1167 337 1304 376 Locus
1328 338 1441 377 enim
1471 352 1494 376 a
1526 337 1799 377 similitudine
1817 346 1894 380 168<¹
1917 348 1949 381 F

487 423 533 447 ex
565 409 655 460 lege
686 407 811 446 veteri
844 407 923 447 hoc
957 420 1043 445 non
1076 406 1201 460 petit,
1240 416 1320 446 stet
1352 407 1482 446 homo
1515 407 1558 445 in
1595 406 1799 445 limitibus

488 477 691 531 privilegii
744 477 868 516 unius
921 489 1099 529 persone
1145 485 1183 515 et
1226 485 1326 515 tunc
1377 476 1545 515 limitari
1607 475 1801 515 convenit

486 547 671 601 regimen
717 547 892 599 plenum
936 545 1046 585 illius
1091 545 1293 598 privilegii
1327 546 1378 584 ad
1416 545 1532 584 illam
1574 559 1797 598 personam

488 616 750 670 singulariter
781 616 1096 655 concedentem.
1817 624 1834 657 5

211 694 278 721 The
303 694 405 729 clergy
426 692 461 720 of
548 686 698 725 Tercio
739 694 902 725 notaret
934 685 989 724 sic
1022 698 1198 738 arguens
1231 685 1449 737 quomodo
1483 685 1615 724 clerus
1654 684 1801 724 veteriS

213 728 465 790 iiiiiiffe‘desxigs
489 755 742 806 testamenti,
787 756 958 808 quando
1002 754 1103 794 vixit
1135 754 1363 805 carnaliter,
1403 753 1606 793 limitatus
1639 763 1700 794 est
1730 768 1803 807 per

219 797 458 860 wnssgggifflrght
489 826 628 865 Deum
670 825 757 864 sine
796 825 1061 865 solicitudine
1106 825 1209 864 circa
1256 834 1485 877 proventus
1519 824 1583 863 vel
1618 824 1803 863 redditus

490 894 723 948 adquisitos
756 895 821 933 vel
854 895 972 933 datos
995 893 1254 945 humanitus,
1289 894 1390 947 quid
1419 895 1468 933 de
1498 893 1840 946 oblacionibus,0

492 964 690 1017 primiciis
733 964 796 1003 vel
831 964 926 1003 loco
957 964 1009 1003 ad
1040 964 1362 1003 inhabitandum
1393 964 1605 1017 percipiet,
1644 973 1803 1017 quanto
1823 984 1862 1005 10

492 1034 626 1086 magis
678 1034 810 1073 clerus
871 1033 1094 1086 spiritualis
1153 1033 1306 1073 Christi
1358 1034 1552 1086 pauperis
1605 1044 1644 1073 et
1687 1033 1806 1086 egeni

496 1105 732 1143 excluderet
770 1117 811 1142 se
851 1102 1037 1142 striccius
1068 1117 1091 1142 a
1123 1102 1408 1143 mundialibus
1441 1104 1490 1142 de
1528 1103 1735 1142 alimentis
1769 1113 1807 1143 et

496 1174 750 1227 tegumentis
789 1174 1023 1213 secundum
1057 1174 1244 1225 regulam
1276 1173 1473 1226 Apostoli
1505 1173 1542 1211 ΙΟ
1582 1172 1694 1212 Tim.
1729 1173 1805 1213 V10

496 1240 785 1283 contentatus?
801 1244 911 1282 Nam
927 1242 1132 1282 Ezechiel.
1147 1243 1314 1295 XL1V0‚
1328 1242 1508 1294 28—30,
1526 1242 1581 1282 sic
1600 1242 1807 1282 scribitur:

497 1314 592 1352 Non
627 1313 709 1352 erit
739 1319 878 1352 autem
912 1312 1211 1352 sacerdotibus
1233 1312 1461 1363 hereditas,
1486 1325 1566 1365 ego
1590 1312 1809 1351 hereditas
1829 1321 1865 1354 15

494 1396 658 1423 eorum.
721 1382 776 1421 Et
815 1383 1114 1434 possessiones
1159 1394 1240 1420 non
1286 1382 1440 1421 dabitis
1483 1383 1544 1421 eis
1576 1382 1618 1421 in
1651 1381 1808 1429 Israel,

494 1466 576 1506 ego
609 1453 719 1492 enim
748 1453 968 1504 possessio
999 1465 1164 1492 eorum.
1205 1451 1424 1491 Victimam
1454 1458 1494 1491 et
1519 1465 1603 1503 pro
1630 1458 1810 1503 peccato

495 1531 534 1562 et
558 1535 645 1574 pro
677 1521 828 1561 delicto
862 1522 944 1574 ipsi
976 1522 1199 1561 comedent
1221 1527 1261 1561 et
1283 1534 1407 1560 omne
1436 1527 1575 1560 votum
1601 1522 1645 1560 in
1669 1521 1811 1561 Israel

497 1598 690 1645 ipsorum
734 1592 828 1631 erit.
885 1591 940 1630 Et
976 1592 1203 1643 primitiva
1248 1591 1438 1630 omnium
1477 1603 1688 1642 pecorum
1714 1592 1809 1643 pri-

499 1662 815 1715 iizogenitorum
861 1668 902 1701 et
945 1661 1090 1700 omnia
1135 1661 1368 1701 libamenta
1408 1674 1462 1700 ex
1501 1661 1698 1701 omnibus
1729 1673 1810 1713 que
1827 1679 1868 1701 20

496 1732 686 1785 offerunt
716 1731 991 1771 sacerdotum
1025 1738 1164 1771 erunt.

242 1818 332 1845 Muci]
358 1825 441 1844 more
555 1803 804 1842 Habuerunt
835 1810 977 1841 autem
1009 1801 1101 1840 loca
1133 1814 1209 1853 pro
1242 1800 1550 1840 inhabitacione
1583 1809 1622 1839 et
1653 1799 1861 1841 alendisG

255 1853 364 1880 should
385 1855 436 1878 Ille
629 1872 634 1878 .
1363 1871 1370 1877 .
1532 1869 1538 1875 .

209 1888 313 1923 clergy
332 1886 366 1914 os
379 1886 482 1913 Christ
497 1873 718 1926 pecoribus
742 1870 806 1927 (ut
829 1879 943 1924 patet
961 1872 1087 1910 Josue
1105 1871 1220 1910 ΧΧΙΟ
1237 1879 1276 1910 et
1297 1868 1482 1924 ultimo).
1499 1870 1540 1909 51
1564 1883 1660 1922 ergo
1680 1869 1811 1908 clerus

209 1922 482 1995 δεὲῑᾶιῗιηῗιῖἶιιᾞῗιρ
498 1942 700 1982 Aaronita
720 1950 808 1981 tam
831 1940 1016 1991 carnalis,
1039 1949 1127 1980 tam
1141 1939 1346 1979 laboriose
1370 1939 1555 1979 solicitus
1574 1939 1678 1978 circa
1701 1951 1810 1978 cere-

291 1993 395 2019 imess.
500 2012 663 2052 monias
680 2011 781 2064 legis
797 2024 884 2062 sue,
893 2020 981 2050 tam
994 2010 1167 2049 limitate
1186 2018 1225 2048 et
1239 2009 1375 2049 stricte
1393 2008 1538 2048 habuit
1553 2008 1811 2060 temporalia,
1829 2017 1867 2048 25

500 2091 659 2136 quanto
682 2081 814 2134 magis
837 2081 969 2120 clerus
994 2079 1147 2119 Christi
1170 2079 1240 2133 qui
1262 2079 1456 2131 exemplo
1480 2077 1813 2117 conversacionis

501 2162 540 2192 et
570 2152 698 2191 verbo
731 2150 1030 2204 predicacionis
1064 2149 1208 2189 docuit
1229 2150 1440 2189 mundum
1471 2147 1705 2201 relinquere
1727 2146 1752 2174 ²³*
1775 2155 1814 2186 et
1833 2157 1910 2201 169n

501 2222 787 2262 conversando
830 2220 873 2259 in
906 2220 1125 2260 celestibus
1159 2220 1210 2259 ad
1254 2232 1403 2258 eorum
1441 2216 1813 2256 annichilationem

502 2292 628 2331 laicos
662 2288 859 2331 edocere?
913 2291 966 2330 Et
997 2290 1072 2329 hec
1105 2289 1215 2328 racio
1248 2288 1348 2341 legis
1370 2287 1460 2335 Dei,
1494 2285 1812 2326 Deuteronomii

502 2362 669 2412 XVIIIO,
709 2374 741 2412 1,
774 2374 900 2414 quare
932 2359 1108 2412 precipit
1139 2358 1302 2411 populo
1326 2358 1401 2397 sub
1424 2356 1502 2396 hiis
1524 2356 1679 2396 verbis:
1714 2356 1811 2396 Non
1830 2367 1871 2399 30

501 2431 713 2471 habebunt
744 2430 992 2470 sacerdotes
1023 2436 1061 2468 et
1094 2429 1238 2468 Levite
1262 2436 1301 2467 et
1323 2439 1469 2467 omnes
1493 2427 1564 2479 qui
1587 2425 1637 2465 de
1662 2425 1810 2464 eadem

502 2501 614 2540 trihu
636 2508 737 2541 sunt
761 2507 932 2552 partem
968 2506 1006 2538 et
1036 2498 1311 2538 hereditatem
1336 2510 1429 2536 cum
1460 2496 1624 2547 reliquo
1649 2495 1813 2547 populo

506 2571 658 2618 Israel,
711 2571 812 2622 quia
864 2568 1083 2621 sacrificia
1135 2567 1296 2606 domini
1347 2573 1385 2605 et
1437 2564 1682 2604 oblaciones
1725 2564 1814 2603 eius

558 2719 580 2746 5.
609 2720 636 2745 A
661 2719 718 2752 Al:
749 2718 841 2745 unius
866 2733 898 2736 —
926 2717 1074 2752 privilegii
1103 2717 1197 2743 deest.
1341 2715 1368 2741 o.
1397 2716 1424 2740 A
1450 2714 1479 2740 in
1507 2720 1621 2747 marga
1661 2712 1693 2738 ln
1720 2716 1814 2738 veteri

504 2770 689 2792 testamento
711 2769 797 2792 erant
817 2765 911 2792 multe
935 2763 1118 2799 elemosine,
1145 2761 1307 2797 religiones
1327 2765 1355 2787 et
1375 2760 1451 2787 ritus
1478 2757 1619 2794 perpetui
1640 2757 1814 2792 approbati.

505 2811 613 2838 clerus
640 2812 797 2839 moderate
819 2811 910 2838 debet
936 2810 1048 2837 habere
1069 2808 1251 2843 temporalia
1283 2808 1405 2841 (Above
1431 2805 1501 2834 168⁴
1522 2806 1650 2835 without
1675 2804 1761 2833 marl(
1782 2803 1817 2830 of

506 2858 681 2892 reference).
826 2866 867 2892 14.
888 2858 918 2884 A
938 2857 967 2885 in
989 2864 1104 2891 marg.:
1126 2856 1226 2883 Racio.
