2051 3273
199 217 288 246 CAP-
311 206 409 265 XXI]
695 220 755 251 DE
781 219 1016 252 ECCLEsIA.
1715 207 1793 247 515

48 335 77 367 Τ
103 333 183 379 199¹³
200 325 460 365 attendimus
493 325 545 363 ad
578 324 678 364 folia
712 338 841 378 quam
874 324 926 363 ad
962 323 1124 363 fructus
1160 323 1343 363 creditur
1372 322 1506 362 facere

200 395 240 433 in
276 395 408 434 oculis
443 394 519 433 Dei
553 403 814 453 sacramenta
848 402 990 434 nostra
1023 394 1236 433 vilescere.

148 473 185 507 U
258 463 325 503 Sic
359 464 472 503 enim
510 463 589 503 fuit
623 472 815 516 tempore
849 463 1099 503 cessacionis
1131 463 1328 516 legalium
1364 462 1505 502 multi·
1556 468 1762 530 wffeiisstriotioe

198 533 366 585 pliciter
399 533 549 573 ritibus
582 533 832 573 humanitus
867 533 1119 585 adinventis,
1154 541 1193 571 et
1226 541 1342 584 patet
1365 530 1432 570 via
1456 530 1508 569 ad
1534 537 1786 609 ossssssagfifsssstliis

163 603 447 644 5solvendum
478 602 772 643 difficultatem
800 617 882 656 qua
906 603 1099 656 queritur
1123 610 1283 652 utrum,
1313 601 1507 654 dyacono
1538 607 1768 676 ῐὴὴεηὲἐῗῑὲὲξεὲε

197 672 426 725 recipiente
459 673 510 711 ab
546 673 751 725 episcopo
776 681 1032 725 potestatem
1067 671 1315 711 absolvendi
1349 679 1389 709 et
1421 683 1505 709 non
1522 676 1796 738 bfilfgsffvofissssjisshgssg

196 741 448 782 conficiendi
478 743 542 782 vel
575 747 746 783 econtra
781 757 856 796 per
888 750 1073 782 mortem
1106 750 1179 782 aut
1211 740 1504 781 infirmitatem
1562 746 1760 773 commision-

195 811 381 864 episcopi
405 813 468 853 vel
500 826 670 852 causam
703 813 842 864 aliam,
876 821 1020 852 utrum
1055 811 1108 851 sit
1139 811 1263 864 plene
1295 809 1504 850 sacerdos.

194 880 360 920 Dicitur
419 882 530 921 enim
593 882 879 922 communiter
937 882 1054 935 quod
1107 894 1189 920 non
1245 878 1506 932 imprimitur

138 969 177 990 10
195 960 379 990 caracter
437 952 665 991 sacerdocii
720 961 816 991 ante
876 951 1212 1004 complecionem
1275 951 1505 989 verborum

193 1022 581 1073 sacramentalium,
634 1022 706 1061 sed
758 1022 912 1061 veritas
970 1030 1032 1061 est
1088 1021 1202 1075 quod
1260 1021 1505 1072 ignoramus
1564 1023 1621 1052 We
1641 1024 1681 1052 do
1701 1029 1754 1052 not

1520 1059 1615 1087 know
1634 1060 1707 1087 how
1735 1059 1795 1086 and

194 1090 366 1142 quando
426 1099 464 1129 et
524 1091 709 1144 qualiter
762 1091 876 1130 Deus
935 1091 1143 1144 imprimit
1201 1089 1505 1129 sacerdotalem
1551 1094 1767 1164 iggffitffctvge

193 1169 449 1200 caracterem
502 1174 576 1199 nec
627 1160 786 1200 habent
832 1160 1049 1200 evidencie
1094 1159 1203 1200 facte
1249 1172 1297 1198 ex
1341 1159 1506 1211 legibus
1573 1163 1733 1226 εἶξέἐὲἓξῐθζ

193 1230 366 1269 ecclesie
390 1239 429 1270 et
448 1230 658 1283 scriptura
673 1231 742 1269 vix
766 1230 966 1270 corticem
984 1230 1136 1270 coloris
1156 1232 1223 1284 (ut
1241 1237 1356 1282 patet
1372 1225 1505 1282 alibi).
1551 1233 1703 1297 {ztgssutlg
1720 1233 1761 1295 ἓξ

138 1306 173 1339 15
251 1299 312 1338 Ex
340 1299 430 1339 istis
459 1300 590 1339 tercio
614 1309 756 1353 potest
780 1300 972 1339 convinci
998 1299 1219 1353 quomodo
1252 1299 1506 1351 interpolata
1533 1302 1780 1366 ffiss'ssrwgtrliietff

193 1369 424 1409 celebracio
448 1369 701 1408 sacramenti
726 1369 886 1409 ordinis
912 1378 1051 1422 potest
1068 1369 1155 1408 sive
1175 1369 1280 1407 bene
1304 1367 1394 1407 fieri
1418 1368 1506 1406 sive
1520 1373 1795 1436 whgaffrggvenno

193 1439 313 1479 male.
329 1439 437 1478 Nam
454 1439 494 1478 in
512 1439 727 1491 primitiva
744 1439 917 1478 ecclesia
936 1438 1131 1479 Christus
1148 1438 1393 1477 immediate
1408 1437 1506 1477 fecit
1566 1442 1738 1479 scripture.

192 1509 408 1561 apostolos
433 1521 531 1548 suos
555 1508 810 1558 sacerdotes,
835 1509 915 1547 hoc
949 1516 1024 1559 est,
1059 1508 1298 1560 episcopos,
1334 1516 1374 1546 et
1408 1515 1505 1560 post

193 1577 484 1617 ascensionem
517 1586 709 1631 tempore
733 1578 1030 1630 apostolorum
1055 1577 1369 1616 constituerunt
1403 1577 1503 1630 dya-

135 1663 177 1685 20
194 1660 337 1699 conos,
369 1660 443 1686 nec
475 1647 577 1686 alios
607 1648 777 1687 ordines
802 1647 939 1687 clerici
963 1659 1156 1687 seorsum
1191 1646 1402 1686 exhibitos
1424 1646 1505 1698 legi

191 1717 280 1756 illas
305 1717 555 1769 columpnas
579 1717 750 1756 ecclesie
775 1717 1020 1756 celebrasse.
1042 1717 1095 1756 Et
1117 1716 1232 1755 Deus
1257 1716 1333 1755 scit
1357 1724 1505 1754 utrum

192 1786 297 1826 ritus
330 1787 398 1826 ille
430 1786 539 1826 foret
578 1786 704 1825 hodie
736 1785 1014 1838 solempnior‚
1049 1785 1213 1825 facilior
1256 1793 1297 1824 et
1333 1784 1505 1824 ecclesie

194 1855 520 1896 Christiutilior.
538 1855 696 1895 Omnia
712 1856 824 1895 enim
847 1869 928 1908 que
951 1855 1112 1895 faciunt
1134 1855 1272 1894 clerici
1293 1853 1505 1893 inferioris

192 1926 352 1965 ordinis
377 1936 555 1978 possunt
579 1925 715 1964 clerici
739 1938 787 1964 ex
810 1925 851 1964 vi
875 1925 1097 1978 potestatis
1122 1924 1395 1965 sacerdotalis
1411 1937 1504 1976 per-

137 1999 176 2032 25
191 1994 316 2034 ficere
350 2004 390 2035 et
422 2009 444 2034 a
472 1995 681 2048 probabili
705 1994 919 2034 efficacius
943 2005 983 2035 et
1006 1994 1211 2034 humilius
1235 2007 1366 2047 quarn
1397 1991 1506 2033 fiunt

192 2065 335 2104 mod0.
357 2063 554 2104 Christus
579 2064 691 2104 enim
713 2077 906 2104 summus
931 2064 1127 2104 sacerdos
1151 2064 1338 2103 exercuit
1362 2063 1507 2102 omnia

192 2135 271 2174 ista
304 2134 445 2174 officia
480 2132 545 2189 (ut
577 2134 678 2173 alias
713 2131 965 2188 explanavi).

251 2204 350 2243 Ideo
382 2204 516 2243 videri
549 2213 694 2256 posset
722 2204 840 2257 quod
872 2203 982 2243 foret
1014 2204 1066 2243 ad
1100 2203 1351 2243 alleviamen
1377 2204 1506 2243 eccle·
1557 2214 1635 2243 This
1654 2217 1761 2244 would

193 2273 251 2313 sie
283 2287 369 2313 non
408 2273 563 2312 habere
601 2282 665 2313 tot
698 2274 803 2314 ritus
848 2275 1174 2314 sacramentales
1208 2282 1248 2314 et
1287 2283 1350 2314 tot
1393 2274 1507 2326 leges
1539 2251 1773 2313 Sieeffift‘iobtffiss

137 2345 178 2377 30
195 2344 245 2382 de
278 2343 437 2382 clericis
470 2343 675 2382 ordinatis
708 2356 783 2395 per
815 2344 985 2393 saltum,
1020 2356 1116 2382 cum
1146 2344 1226 2383 hoc
1257 2344 1373 2397 quod
1397 2343 1507 2382 foret
1522 2319 1795 2395 Cgssiicsspisyfiiatyloe

195 2413 366 2452 ecclesie
412 2412 625 2452 efficacius
672 2421 712 2452 et
759 2412 930 2451 brevius
977 2412 1282 2454 ministratum.
1329 2414 1391 2452 Ex
1424 2413 1506 2452 alio
1530 2390 1787 2461 hodtiisetrli'uilsliz‘ffge

193 2491 336 2521 autem
373 2482 502 2521 latere
540 2490 684 2534 posset
723 2482 969 2533 contingere
1006 2483 1122 2535 quod
1160 2483 1348 2536 episcopi
1388 2491 1504 2535 post-

196 2552 334 2604 posito
373 2551 482 2590 fastu
525 2551 575 2589 de
614 2551 865 2590 excellencia
898 2552 961 2590 sui
995 2552 1157 2592 ordinis
1192 2561 1232 2591 et
1271 2552 1506 2606 cupiditate

194 2630 366 2674 questus
412 2621 463 2659 de
508 2634 582 2659 sua
614 2620 927 2673 preeminencia
972 2630 1012 2660 et
1056 2622 1306 2661 necessitate
1351 2622 1404 2660 ad
1445 2635 1506 2660 re-

246 2746 271 2772 3.
291 2746 321 2772 A
340 2746 369 2772 in
391 2753 505 2779 marg.:
528 2744 670 2780 Questio.
814 2754 855 2779 ¹4-
876 2746 916 2772 B:
937 2747 1084 2775 corticem
1105 2746 1258 2775 colorum.
1368 2745 1406 2773 15.
1427 2746 1457 2773 A
1476 2746 1507 2772 in

195 2800 309 2826 marg:
331 2791 443 2818 Tereia
464 2790 634 2818 conclusio.
743 2791 786 2819 25.
809 2792 855 2820 26.
878 2792 916 2818 B:
938 2792 995 2821 fuit
1008 2794 1114 2821 modo.
1224 2793 1263 2821 31.
1285 2795 1313 2821 A
1328 2794 1384 2827 Al:
1414 2792 1506 2820 mini-

195 2838 334 2865 sterium.
475 2838 518 2866 32.
539 2840 583 2865 A:
604 2839 814 2871 continguere.

1326 2887 1391 2920 33⁹*
