2051 3273
222 209 311 238 CAP.
333 198 399 256 xr]
724 214 780 244 DE
809 213 1042 246 EccrAEsm.
1735 219 1814 258 247

76 319 353 369 Qitj‘jbmodo
397 326 456 357 est
498 318 563 356 lex
603 317 951 357 communissima
995 320 1108 371 quod
1141 320 1254 358 Deus
1302 328 1361 357 est
1408 332 1531 371 super

225 387 365 426 omnia
408 388 683 440 appetenduS,
738 401 834 426 cum
877 388 1035 426 nedum
1081 401 1254 427 omnem
1299 397 1529 428 creaturam

223 456 473 496 racionalem
516 457 586 495 sed
630 470 802 496 omnem
836 465 1015 496 creatam
1046 457 1330 496 substanciam
1368 472 1531 510 semper

224 526 390 578 obligat.
424 527 530 565 Nam
554 526 667 565 Deus
699 535 760 565 est
793 527 955 564 bonum
988 527 1103 579 quod
1136 527 1279 566 omnia
1311 537 1528 579 appetunt,

191 604 263 636 §et
308 595 364 634 sic
409 595 551 634 omnia
583 595 661 634 alia
693 596 888 634 mandata
921 595 1107 649 decalogi
1141 605 1238 635 sunt
1269 597 1379 649 leges
1413 611 1527 636 com-

223 678 372 704 munes
431 664 646 716 obiective,
706 678 803 704 cum
853 665 1084 705 necessario
1137 679 1286 705 omnes
1336 666 1529 706 homines

223 734 421 786 obligant.
456 734 586 786 Leges
629 743 770 773 autem
818 747 1068 774 communes
1113 735 1401 787 predicacione
1433 746 1530 776 sunt

223 803 377 855 species
408 802 472 842 vel
503 817 653 856 genera
684 803 826 856 legum
858 816 938 856 que
971 803 1011 842 in
1045 803 1129 843 suis
1168 804 1390 844 individuis
1434 815 1531 845 sunt

223 872 407 924 fundata,
453 882 498 912 ut
544 873 739 912 clericum
779 885 919 912 curare
953 874 1003 911 de
1048 887 1121 912 sua
1160 873 1269 913 fama
1302 884 1340 914 et
1380 889 1529 927 genera

132 941 387 993 1630similia,
432 942 517 981 sive
561 950 728 994 accepta
772 955 848 993 pro
880 942 1021 994 legum
1061 942 1315 994 privatarum
1338 943 1526 984 ssmulti-

224 1011 381 1062 tudine,
414 1011 497 1050 sive
520 1025 595 1063 pro
626 1011 928 1050 universalibus
961 1011 1203 1064 quiditative
1236 1013 1454 1065 predicatis
1478 1015 1528 1054 de

223 1094 297 1119 sua
329 1080 475 1132 specie.
509 1082 562 1120 Et
595 1080 650 1120 sic
682 1081 758 1119 iste
790 1081 870 1119 due
903 1080 1107 1120 maneries
1139 1081 1281 1135 legum
1312 1096 1399 1121 non
1432 1093 1529 1123 sunt

223 1150 425 1189 contrarie
456 1149 498 1187 in
531 1163 608 1188 suo
641 1150 834 1202 analogo,
869 1163 966 1189 curn
999 1163 1134 1189 canon
1167 1151 1361 1191 describit
1391 1152 1529 1205 legem

221 1219 433 1272 publicam
455 1232 535 1272 que
558 1233 579 1257 a
601 1219 750 1258 sanctis
781 1219 964 1271 patribus
995 1219 1154 1272 scriptis
1178 1229 1238 1259 est
1261 1220 1528 1274 confirmatam

168 1296 205 1328 15
223 1289 337 1342 quod
369 1297 520 1327 notum
562 1297 623 1327 est
663 1297 899 1340 competere
937 1288 1105 1328 cuilibet
1150 1303 1248 1329 vero
1296 1290 1527 1343 privilegio,

221 1359 326 1398 sicut
365 1368 404 1397 et
442 1357 668 1410 descripcio
706 1357 909 1410 privilegii
944 1358 1144 1411 competit
1181 1359 1261 1411 legi
1296 1361 1525 1399 communi.

222 1429 343 1468 Unde
375 1428 443 1467 illa
474 1428 539 1466 lex
571 1440 651 1480 que
684 1435 743 1466 est
775 1427 1014 1467 communis
1047 1427 1205 1480 private
1227 1428 1330 1480 parti
1360 1430 1526 1469 ecclesie
1553 1441 1580 1467 A
1600 1440 1658 1467 law
1677 1448 1747 1476 may
1768 1441 1805 1467 be

223 1506 282 1538 est
312 1497 574 1550 privilegium
621 1505 809 1549 respectu
857 1497 919 1536 sui
963 1497 1114 1548 tocius,
1159 1506 1205 1537 ut
1247 1498 1311 1537 lex
1349 1512 1429 1552 que
1468 1480 1818 1548 estssssssljnsssstffffiff

222 1567 459 1607 communis
488 1567 661 1619 singulis
693 1567 881 1619 personis
915 1566 997 1606 dati
1029 1567 1270 1606 monasterii
1293 1569 1525 1608 monacho·
1539 1545 1818 1607 vliigffissnvffizsigft

166 1651 206 1672 20
222 1652 315 1677 rum
337 1647 398 1677 est
425 1637 689 1690 privilegium
719 1636 795 1675 toti
827 1636 986 1687 domui,
1019 1645 1059 1676 et
1090 1636 1255 1676 dotacio
1288 1637 1330 1676 in
1362 1646 1528 1690 tempo-

221 1707 388 1758 ralibus,
432 1706 464 1745 si
504 1715 563 1745 est
595 1707 658 1745 lex
690 1705 930 1745 communis
962 1706 1038 1745 toti
1073 1705 1181 1745 clero
1214 1707 1528 1759 possession-ato

223 1786 261 1816 et
304 1776 476 1828 singulis
525 1776 710 1828 personis
756 1776 956 1825 eiusdem,
1001 1785 1101 1815 tunc
1153 1785 1213 1815 est
1264 1776 1530 1830 privilegium

223 1855 411 1898 respectu
455 1858 632 1898 persone
665 1844 761 1884 cleri
794 1845 947 1895 dotate⁷
982 1859 1031 1883 eo
1064 1846 1178 1898 quod
1212 1859 1388 1898 persone
1435 1847 1530 1885 cleri

224 1915 543 1968 exproprietarie
599 1914 754 1953 viventi
817 1928 903 1953 non
956 1915 1151 1954 convenit
1208 1916 1278 1954 sed
1336 1916 1530 1968 privatim

168 1988 207 2019 25
224 1998 400 2037 persone
432 1984 571 2037 priori.
626 1984 737 2024 Cum
770 1997 867 2037 ergo
900 1984 1012 2023 iuxta
1044 1985 1257 2023 decretum
1289 1985 1426 2024 omnis
1464 1985 1528 2024 lex

224 2055 381 2107 privata
426 2068 449 2093 a
495 2054 640 2106 spiritu
684 2062 827 2092 sancto
872 2053 1120 2104 inscribitur,
1154 2053 1425 2093 manifestum
1471 2064 1530 2093 est

225 2125 338 2178 quod
382 2123 518 2163 omnis
563 2124 628 2162 lex
672 2123 832 2175 privata
876 2135 1072 2161 concessa
1104 2132 1164 2162 est
1196 2137 1218 2161 a
1250 2123 1436 2176 principe
1480 2125 1531 2162 ad

224 2194 447 2233 utilitatem
490 2192 658 2232 ecclesie
696 2193 761 2231 vel
799 2205 990 2244 persone,
1025 2205 1073 2231 eo
1107 2193 1223 2245 quod
1255 2206 1382 2244 opera
1414 2193 1529 2232 trini-

225 2262 318 2302 tatis
350 2270 447 2302 sunt
478 2261 654 2301 indivisa
676 2262 728 2300 ad
760 2270 883 2300 extra.
914 2261 1025 2300 Deus
1055 2270 1196 2301 autem
1226 2262 1355 2301 nescit
1383 2263 1531 2301 docere

196 2332 290 2371 lvel
313 2332 406 2370 dare
430 2330 506 2369 nisi
530 2330 658 2382 utilia,
683 2340 722 2370 et
745 2330 800 2370 sic
824 2330 962 2369 omnis
987 2331 1051 2369 lex
1075 2339 1208 2370 creata
1233 2331 1449 2370 individua
1472 2341 1532 2371 est

227 2401 502 2454 privilegium.
537 2401 589 2439 Et
620 2409 733 2453 patet
755 2401 973 2454 quomodo
1006 2401 1272 2454 loquendum
1305 2410 1365 2441 est
1394 2401 1530 2453 logice

228 2471 277 2509 de
300 2469 534 2522 privilegiis,
559 2470 719 2509 detecta
741 2470 1064 2523 equivocacione
1086 2470 1264 2522 termini,
1282 2479 1328 2510 ut
1350 2480 1529 2523 oportet.

122 2543 160 2576 R
186 2542 211 2575 2
284 2539 351 2578 Ad
383 2539 609 2578 secundam
637 2538 883 2579 instanciam
911 2548 1085 2591 negatur
1112 2549 1392 2593 assumptum,
1432 2554 1529 2580 cun]

231 2608 421 2648 Christus
454 2609 566 2647 dedit
598 2608 766 2648 ecclesie
799 2609 951 2662 duplex
981 2622 1112 2662 genus
1145 2609 1361 2663 privilegii,
1402 2611 1532 2664 quod-

280 2789 310 2812 4.
340 2779 378 2807 B:
405 2779 487 2807 Deus
508 2780 636 2806 bonum.
779 2787 808 2815 9.
837 2780 865 2806 A
893 2780 954 2813 AJ:
984 2779 1127 2807 clericum
1158 2786 1272 2806 creare.
1421 2786 1461 2814 19.
1492 2779 1532 2806 B:

231 2825 292 2852 dati
310 2841 343 2845 —
362 2825 504 2860 personis
528 2825 624 2854 deest.
