2051 3343
238 237 391 296 CAP.11.]
744 251 804 283 DE
830 250 1062 284 ECCLESIA.
1781 242 1832 292 45

86 365 120 398 Ρ
145 364 223 408 13412
239 354 576 394 modernioribus
628 355 699 408 qui
757 354 1058 394 canonizantur
1109 354 1274 394 racione
1326 354 1548 406 parentele,

239 432 410 477 questus
432 424 497 463 vel
528 424 713 464 muneris
736 438 821 464 non
846 433 1016 477 oportet
1047 437 1125 463 nos
1148 437 1358 477 apponere
1389 431 1550 463 tantam

237 492 386 546 fidem3
418 506 492 533 nec
525 507 785 547 quemquam
816 493 1111 534 canonizatum
1154 493 1327 532 intendo
1372 505 1550 531 asserere

236 562 302 602 vel
335 562 555 602 defendere
588 576 675 602 non
708 576 795 603 esse
827 572 989 616 partem
1021 562 1192 602 ecclesie
1235 561 1546 615 triumphantis,

205 633 308 674 5sed
340 646 437 672 curn
469 633 651 686 quadam
673 632 895 672 formidine
919 632 1078 684 dubito,
1112 632 1145 672 si
1176 632 1258 672 hoc
1280 631 1416 683 credO,
1450 645 1548 670 cum

236 700 321 741 scio
361 703 476 755 quod
518 702 598 741 hoc
643 710 702 742 est
733 701 951 755 possibile,
997 710 1036 741 et
1078 701 1158 741 hoc
1203 700 1402 741 existente
1447 714 1545 740 vero

237 772 359 811 credo
391 771 495 811 illud
517 771 718 824 implicite
741 772 857 824 quod
880 771 1042 824 ignoro,
1075 784 1151 810 nec
1175 771 1271 810 volo
1296 771 1546 810 contendere

235 842 287 880 ad
330 841 597 893 probandum
640 849 830 893 proterve
874 841 924 880 de
969 840 1158 893 quolibet
1199 839 1301 880 citra
1334 839 1549 880 Christum

236 910 352 963 quod
403 909 454 949 sit
505 910 662 962 beatus,
715 910 906 963 quamvis
958 911 1008 950 de
1059 910 1203 950 multis
1255 910 1334 949 hoc
1383 910 1549 949 credam

182 999 220 1021 ιο
237 979 394 1032 absque
427 978 660 1020 formidine.
714 980 799 1019 Nec
837 980 1037 1019 miracula
1068 979 1151 1019 iam
1200 979 1411 1019 currencia
1451 980 1678 1018 dantNordo
1694 987 1839 1027 mirapies

237 1048 435 1088 omnibus
467 1062 609 1088 veram
641 1048 782 1100 fidem,
816 1062 914 1088 cum
945 1057 1085 1101 potest
1124 1048 1332 1088 committi
1364 1057 1549 1101 potestas
1573 1031 1669 1058 prove
1688 1027 1829 1058 sancnty.

236 1117 405 1158 diabolo
437 1118 480 1157 in
511 1132 665 1171 penam
695 1118 853 1171 peccati
882 1118 1166 1171 generacionis
1201 1119 1386 1158 adultere
1430 1118 1549 1172 signa

236 1188 446 1241 querentis
479 1197 518 1228 et
548 1187 678 1228 fidem
710 1188 985 1229 necessariam
1006 1188 1313 1228 insensibilium
1336 1187 1548 1227 dimitten-

234 1257 301 1308 tis,
334 1267 381 1298 ut
412 1258 612 1311 portentis
645 1258 729 1298 suis
762 1258 1071 1298 antichristiane
1104 1258 1305 1298 inducant
1343 1258 1549 1310 plurimos

184 1327 277 1371 15in
310 1341 492 1367 errorem
525 1326 594 1382 (de
620 1341 804 1381 quorum
834 1327 996 1367 indiciis
1020 1327 1180 1367 dictum
1208 1336 1267 1367 est
1288 1327 1395 1366 libro
1419 1336 1549 1376 sexto,

237 1405 353 1436 sexto
386 1395 603 1452 capitulo).

187 1476 222 1517 Q,
293 1466 407 1506 Solet
449 1474 591 1506 autem
631 1466 769 1506 vocari
819 1466 1069 1506 miraculum
1122 1479 1234 1506 nunc
1284 1465 1551 1506 materialiter

235 1536 520 1589 quodcunque
564 1550 672 1588 opus
711 1550 733 1575 a
764 1536 855 1575 Deo
902 1536 1150 1575 miraculose
1195 1535 1365 1587 factum,
1411 1544 1451 1575 et
1493 1535 1550 1575 sic

236 1605 511 1645 sollicitantur
542 1605 664 1645 multi
704 1606 756 1645 ad
788 1606 1083 1646 deducendum
1119 1605 1410 1645 conclusiones
1442 1605 1551 1645 male

177 1696 219 1718 20
236 1684 445 1727 sonantes,
479 1688 577 1715 cum
609 1675 791 1729 quelibet
823 1684 1007 1715 creatura
1028 1675 1193 1714 videtur
1224 1674 1280 1714 sic
1310 1687 1396 1713 esse
1428 1674 1550 1714 mira-

236 1744 381 1785 culum
424 1745 565 1798 quoad
598 1746 749 1786 Deum.
805 1745 885 1785 Sed
931 1744 1160 1785 formaliter
1210 1743 1383 1784 sumiter
1425 1743 1549 1783 mira-

236 1814 380 1854 culum
411 1828 488 1866 pro
526 1814 774 1867 operacione
806 1815 895 1854 Deo
928 1814 1096 1867 propria
1139 1813 1319 1853 mirabili
1352 1822 1549 1864 creature,

236 1892 275 1923 et
306 1883 362 1923 sic
394 1883 501 1923 beati
534 1897 620 1923 non
653 1884 809 1924 faciunt
831 1883 1044 1935 miracula,
1066 1883 1161 1923 licet
1182 1883 1263 1922 sint
1293 1883 1549 1936 quandoque
1580 1891 1684 1920 Saints
1708 1893 1746 1920 do
1768 1897 1821 1920 not

1563 1928 1649 1955 work
1684 1928 1836 1957 miracles.

236 1953 413 2005 occasio,
457 1962 504 1993 ut
534 1953 648 1994 Deus
689 1955 740 1993 ad
783 1953 1030 1994 instanciam
1073 1966 1247 2006 precum
1280 1966 1428 1992 eorum
1474 1966 1544 1991 seu
1561 1962 1840 2024 ὲὲοξξέιέηεοέὃὲιῗέζ

1822 2006 1828 2023 1

180 2032 218 2065 25
236 2022 372 2062 meriti
410 2022 531 2063 faciat
567 2023 831 2065 miraculum.
876 2024 928 2063 Et
964 2033 1064 2063 tunc
1097 2022 1293 2062 dicuntur
1326 2022 1383 2061 hii
1417 2021 1546 2061 facere
1624 2031 1658 2059 of
1677 2033 1772 2059 them.

234 2092 314 2132 tale
359 2092 611 2133 miraculum
655 2093 966 2134 subauctentice
1009 2093 1075 2132 vel
1106 2091 1401 2132 ministratorie
1446 2091 1551 2131 sicut

235 2163 383 2202 solent.
429 2163 481 2202 Et
523 2163 593 2202 illa
636 2163 835 2204 discrecio
874 2162 1064 2203 miraculi
1115 2171 1175 2202 est
1207 2161 1264 2201 eis
1309 2161 1551 2200 abscondita

234 2231 315 2271 nisi
361 2231 512 2284 quibus
545 2233 659 2273 Deus
704 2234 882 2273 revelare
920 2232 1111 2272 voluerit.
1156 2232 1209 2271 Et
1258 2231 1421 2271 utinam
1465 2244 1549 2269 nou

235 2300 612 2354 multiplicarentur
662 2311 725 2343 tot
777 2302 1011 2343 ceremonie
1063 2310 1102 2342 et
1154 2301 1271 2355 signa
1313 2300 1355 2339 in
1409 2308 1551 2339 nostra

178 2377 220 2410 30
235 2375 419 2428 ecclesia,
453 2388 551 2414 curn
583 2373 688 2414 facta
719 2382 963 2413 sanctorum
995 2381 1033 2412 et
1065 2385 1213 2411 omnes
1244 2370 1346 2411 ritus
1373 2369 1441 2409 alii
1463 2383 1550 2409 non

235 2454 332 2486 sunt
374 2444 616 2496 laudabiles,
660 2443 738 2482 nisi
776 2443 827 2482 de
874 2450 1033 2496 quanto
1073 2441 1234 2480 elevant
1271 2439 1463 2480 animum
1499 2439 1551 2478 ad

293 2613 313 2632 1.
335 2605 358 2632 B
379 2604 409 2632 in
437 2611 540 2638 marg:
570 2602 740 2638 Quomodo
767 2601 930 2629 sciendum
958 2606 1003 2629 est
1031 2601 1068 2629 de
1100 2600 1341 2628 canonisacione
1369 2602 1550 2626 sanctorum

235 2651 468 2679 modernorum.
540 2649 564 2677 5.
578 2649 599 2675 Β
610 2658 622 2680 ε,
637 2648 806 2676 formidine
820 2647 934 2675 subito.
1014 2655 1048 2675 11.
1064 2647 1102 2673 B:
1124 2654 1218 2674 unam
1233 2646 1335 2674 fidem.
1410 2652 1448 2672 12.
1469 2645 1498 2671 A
1510 2644 1549 2671 B:

235 2697 395 2732 generalis.
416 2697 472 2731 Al:
494 2696 640 2731 generalfl.
761 2702 803 2729 14.
825 2694 929 2721 Codd:
951 2693 1173 2721 antichristine.
1316 2693 1358 2720 16.
1382 2691 1421 2719 B:
1442 2691 1550 2726 quinto

234 2743 380 2778 capitulo.
507 2750 546 2778 17.
568 2740 597 2768 A
616 2741 646 2768 in
668 2748 772 2774 marg:
794 2740 839 2767 De
858 2740 1027 2768 miraculis.
1050 2739 1234 2767 Miraculum
1256 2738 1329 2774 quid
1350 2737 1414 2765 est?
1436 2736 1496 2764 AB
1518 2736 1549 2763 in

234 2797 337 2824 marg:
367 2788 562 2816 Miraculum.
729 2795 765 2815 21.
788 2786 809 2814 Β
830 2787 859 2814 in
880 2794 984 2821 marg:
1011 2786 1193 2813 Miraculum
1221 2785 1386 2820 dupliciter
1405 2783 1547 2810 sumitur.

234 2835 276 2863 25.
298 2836 319 2862 B
340 2835 371 2862 in
391 2843 492 2869 marg:
521 2835 703 2862 Miraculum
723 2834 754 2861 fit
774 2841 790 2860 a
810 2832 924 2861 sanctis
945 2833 1168 2860 subantentice.
1285 2832 1323 2859 31.
1346 2831 1367 2858 Β
1388 2830 1417 2857 in
1439 2837 1542 2863 margz

235 2882 278 2909 De
298 2886 413 2918 quanto
435 2886 505 2909 suut
524 2881 600 2910 ritus
619 2880 801 2909 laudabiles.
