<?xml version="1.0" encoding="UTF-8"?>
<!DOCTYPE html PUBLIC "-//W3C//DTD XHTML 1.0 Transitional//EN"
    "http://www.w3.org/TR/xhtml1/DTD/xhtml1-transitional.dtd">
<html xmlns="http://www.w3.org/1999/xhtml" xml:lang="en" lang="en">
 <head>
  <title>
</title>
<meta http-equiv="Content-Type" content="text/html;charset=utf-8" />
  <meta name='ocr-system' content='tesseract 3.04.00' />
  <meta name='ocr-capabilities' content='ocr_page ocr_carea ocr_par ocr_line ocrx_word'/>
</head>
<body>
  <div class='ocr_page' id='page_1' title='image "./tractatusdeeccle00wycl_0149.png"; bbox 0 0 2051 3343; ppageno 0'>
   <div class='ocr_carea' id='block_1_1' title="bbox 229 220 1826 283">
    <p class='ocr_par' dir='ltr' id='par_1_1' title="bbox 229 220 1826 283">
     <span class='ocr_line' id='line_1_1' title="bbox 229 220 1826 283; baseline -0.004 -13"><span class='ocrx_word' id='word_1_1' title='bbox 229 235 319 264; x_wconf 82' lang='lat' dir='ltr'>CAP-</span> <span class='ocrx_word' id='word_1_2' title='bbox 332 224 386 283; x_wconf 84' lang='lat' dir='ltr'>V-]</span> <span class='ocrx_word' id='word_1_3' title='bbox 738 237 796 268; x_wconf 78' lang='lat' dir='ltr'>DE</span> <span class='ocrx_word' id='word_1_4' title='bbox 825 236 1055 268; x_wconf 75' lang='lat' dir='ltr'><strong>ECCLESIA.</strong></span> <span class='ocrx_word' id='word_1_5' title='bbox 1753 233 1764 257; x_wconf 85' lang='lat'>1</span> <span class='ocrx_word' id='word_1_6' title='bbox 1782 220 1826 258; x_wconf 86' lang='lat'>15</span> 
     </span>
    </p>
   </div>
   <div class='ocr_carea' id='block_1_2' title="bbox 100 336 1831 1231">
    <p class='ocr_par' dir='ltr' id='par_1_2' title="bbox 100 336 1820 591">
     <span class='ocr_line' id='line_1_2' title="bbox 100 336 1820 405; baseline -0.005 -22"><span class='ocrx_word' id='word_1_7' title='bbox 100 353 130 386; x_wconf 81' lang='grc' dir='ltr'><strong>Τ</strong></span> <span class='ocrx_word' id='word_1_8' title='bbox 156 355 183 387; x_wconf 85' lang='lat'>8</span> <span class='ocrx_word' id='word_1_9' title='bbox 286 342 447 382; x_wconf 92' lang='lat' dir='ltr'>Octavo</span> <span class='ocrx_word' id='word_1_10' title='bbox 479 341 643 381; x_wconf 89' lang='lat' dir='ltr'>videtur</span> <span class='ocrx_word' id='word_1_11' title='bbox 689 341 805 394; x_wconf 92' lang='lat' dir='ltr'>quod</span> <span class='ocrx_word' id='word_1_12' title='bbox 844 340 1014 379; x_wconf 90' lang='lat' dir='ltr'>ecclesia</span> <span class='ocrx_word' id='word_1_13' title='bbox 1052 339 1257 378; x_wconf 91' lang='lat' dir='ltr'>catholica</span> <span class='ocrx_word' id='word_1_14' title='bbox 1301 336 1447 377; x_wconf 85' lang='lat' dir='ltr'>nullibi</span> <span class='ocrx_word' id='word_1_15' title='bbox 1492 336 1542 376; x_wconf 90' lang='lat' dir='ltr'>sit</span> <span class='ocrx_word' id='word_1_16' title='bbox 1569 341 1820 405; x_wconf 51' lang='lat' dir='ltr'>ghhfrcffaviiiiiii‘}</span> 
     </span>
     <span class='ocr_line' id='line_1_3' title="bbox 131 406 1793 465; baseline -0.002 -14"><span class='ocrx_word' id='word_1_17' title='bbox 131 420 210 465; x_wconf 86' lang='lat' dir='ltr'>144b</span> <span class='ocrx_word' id='word_1_18' title='bbox 227 425 303 451; x_wconf 91' lang='lat' dir='ltr'>nec</span> <span class='ocrx_word' id='word_1_19' title='bbox 354 411 539 464; x_wconf 82' lang='lat' dir='ltr'>aliquam</span> <span class='ocrx_word' id='word_1_20' title='bbox 587 419 750 463; x_wconf 90' lang='lat' dir='ltr'>partem</span> <span class='ocrx_word' id='word_1_21' title='bbox 802 410 939 460; x_wconf 90' lang='lat' dir='ltr'>habet,</span> <span class='ocrx_word' id='word_1_22' title='bbox 992 423 1089 449; x_wconf 90' lang='lat' dir='ltr'>cum</span> <span class='ocrx_word' id='word_1_23' title='bbox 1127 407 1255 448; x_wconf 86' lang='lat' dir='ltr'>nichil</span> <span class='ocrx_word' id='word_1_24' title='bbox 1294 407 1358 458; x_wconf 90' lang='lat' dir='ltr'>sit,</span> <span class='ocrx_word' id='word_1_25' title='bbox 1402 414 1441 446; x_wconf 89' lang='lat' dir='ltr'>et</span> <span class='ocrx_word' id='word_1_26' title='bbox 1485 406 1541 446; x_wconf 88' lang='lat' dir='ltr'>sic</span> <span class='ocrx_word' id='word_1_27' title='bbox 1591 412 1628 439; x_wconf 82' lang='lat' dir='ltr'>be</span> <span class='ocrx_word' id='word_1_28' title='bbox 1650 412 1793 447; x_wconf 76' lang='lat' dir='ltr'>nothing.</span> 
     </span>
     <span class='ocr_line' id='line_1_4' title="bbox 229 477 1541 533; baseline -0.005 -12"><span class='ocrx_word' id='word_1_29' title='bbox 229 481 399 521; x_wconf 87' lang='lat' dir='ltr'>ecclesia</span> <span class='ocrx_word' id='word_1_30' title='bbox 431 482 625 520; x_wconf 83' lang='lat' dir='ltr'>Romana</span> <span class='ocrx_word' id='word_1_31' title='bbox 646 493 734 520; x_wconf 92' lang='lat' dir='ltr'>non</span> <span class='ocrx_word' id='word_1_32' title='bbox 768 479 875 520; x_wconf 89' lang='lat' dir='ltr'>foret</span> <span class='ocrx_word' id='word_1_33' title='bbox 898 479 1064 533; x_wconf 85' lang='lat' dir='ltr'>dignior</span> <span class='ocrx_word' id='word_1_34' title='bbox 1086 487 1158 519; x_wconf 92' lang='lat' dir='ltr'>aut</span> <span class='ocrx_word' id='word_1_35' title='bbox 1179 477 1391 531; x_wconf 84' lang='lat' dir='ltr'>indignior</span> <span class='ocrx_word' id='word_1_36' title='bbox 1413 489 1541 530; x_wconf 89' lang='lat' dir='ltr'>quam</span> 
     </span>
     <span class='ocr_line' id='line_1_5' title="bbox 227 550 646 591; baseline 0.002 -1"><span class='ocrx_word' id='word_1_37' title='bbox 227 550 398 591; x_wconf 89' lang='lat' dir='ltr'>ecclesia</span> <span class='ocrx_word' id='word_1_38' title='bbox 430 550 646 591; x_wconf 89' lang='lat' dir='ltr'>catholica.</span> 
     </span>
    </p>

    <p class='ocr_par' dir='ltr' id='par_1_3' title="bbox 176 615 1831 952">
     <span class='ocr_line' id='line_1_6' title="bbox 176 615 1831 690; baseline -0.006 -27"><span class='ocrx_word' id='word_1_39' title='bbox 176 631 212 663; x_wconf 86' lang='lat' dir='ltr'><strong>V</strong></span> <span class='ocrx_word' id='word_1_40' title='bbox 283 620 384 660; x_wconf 84' lang='lat' dir='ltr'>Istas</span> <span class='ocrx_word' id='word_1_41' title='bbox 417 620 649 660; x_wconf 86' lang='lat' dir='ltr'>evidencias</span> <span class='ocrx_word' id='word_1_42' title='bbox 673 619 793 671; x_wconf 89' lang='lat' dir='ltr'>facio,</span> <span class='ocrx_word' id='word_1_43' title='bbox 827 628 874 659; x_wconf 93' lang='lat' dir='ltr'>ut</span> <span class='ocrx_word' id='word_1_44' title='bbox 895 618 1055 675; x_wconf 85' lang='lat' dir='ltr'>dicatur</span> <span class='ocrx_word' id='word_1_45' title='bbox 1077 617 1228 658; x_wconf 88' lang='lat' dir='ltr'>seriose</span> <span class='ocrx_word' id='word_1_46' title='bbox 1251 617 1302 657; x_wconf 89' lang='lat' dir='ltr'>ad</span> <span class='ocrx_word' id='word_1_47' title='bbox 1324 615 1543 657; x_wconf 83' lang='lat' dir='ltr'>materiam</span> <span class='ocrx_word' id='word_1_48' title='bbox 1556 617 1703 690; x_wconf 56' lang='lat' dir='ltr'>TlssgffiyO</span> <span class='ocrx_word' id='word_1_49' title='bbox 1717 618 1831 680; x_wconf 40' lang='grc' dir='ltr'>οἱῧὲοέε</span> 
     </span>
     <span class='ocr_line' id='line_1_7' title="bbox 227 686 1816 750; baseline -0.004 -21"><span class='ocrx_word' id='word_1_50' title='bbox 227 698 266 730; x_wconf 92' lang='lat' dir='ltr'>et</span> <span class='ocrx_word' id='word_1_51' title='bbox 298 690 481 730; x_wconf 89' lang='lat' dir='ltr'>formam</span> <span class='ocrx_word' id='word_1_52' title='bbox 512 689 748 741; x_wconf 88' lang='lat' dir='ltr'>racionum,</span> <span class='ocrx_word' id='word_1_53' title='bbox 784 688 931 729; x_wconf 85' lang='lat' dir='ltr'>nullibi</span> <span class='ocrx_word' id='word_1_54' title='bbox 964 688 1214 728; x_wconf 90' lang='lat' dir='ltr'>declinando</span> <span class='ocrx_word' id='word_1_55' title='bbox 1247 702 1269 727; x_wconf 93' lang='lat' dir='ltr'>a</span> <span class='ocrx_word' id='word_1_56' title='bbox 1300 686 1470 727; x_wconf 88' lang='lat' dir='ltr'>veritate</span> <span class='ocrx_word' id='word_1_57' title='bbox 1493 686 1543 724; x_wconf 93' lang='lat' dir='ltr'>de</span> <span class='ocrx_word' id='word_1_58' title='bbox 1573 688 1816 750; x_wconf 49' lang='grc' dir='ltr'>ἱῑοᾞῄῐδξξδξῑε-</span> 
     </span>
     <span class='ocr_line' id='line_1_8' title="bbox 225 754 1542 813; baseline -0.003 -15"><span class='ocrx_word' id='word_1_59' title='bbox 225 759 378 800; x_wconf 90' lang='lat' dir='ltr'>virtute</span> <span class='ocrx_word' id='word_1_60' title='bbox 411 760 631 813; x_wconf 82' lang='lat' dir='ltr'>sermonis,</span> <span class='ocrx_word' id='word_1_61' title='bbox 664 759 762 813; x_wconf 91' lang='lat' dir='ltr'>quia</span> <span class='ocrx_word' id='word_1_62' title='bbox 795 759 1053 799; x_wconf 80' lang='lat' dir='ltr'>sentenciam</span> <span class='ocrx_word' id='word_1_63' title='bbox 1085 772 1216 813; x_wconf 90' lang='lat' dir='ltr'>quam</span> <span class='ocrx_word' id='word_1_64' title='bbox 1254 771 1333 810; x_wconf 88' lang='lat' dir='ltr'>ego</span> <span class='ocrx_word' id='word_1_65' title='bbox 1367 754 1542 808; x_wconf 82' lang='lat' dir='ltr'>exposui</span> 
     </span>
     <span class='ocr_line' id='line_1_9' title="bbox 227 824 1542 879; baseline -0.004 -11"><span class='ocrx_word' id='word_1_66' title='bbox 227 829 277 869; x_wconf 91' lang='lat' dir='ltr'>de</span> <span class='ocrx_word' id='word_1_67' title='bbox 292 829 463 870; x_wconf 89' lang='lat' dir='ltr'>ecclesia</span> <span class='ocrx_word' id='word_1_68' title='bbox 476 830 575 869; x_wconf 91' lang='lat' dir='ltr'>volo</span> <span class='ocrx_word' id='word_1_69' title='bbox 594 829 817 869; x_wconf 88' lang='lat' dir='ltr'>defendere</span> <span class='ocrx_word' id='word_1_70' title='bbox 836 830 887 868; x_wconf 91' lang='lat' dir='ltr'>de</span> <span class='ocrx_word' id='word_1_71' title='bbox 901 829 1053 869; x_wconf 88' lang='lat' dir='ltr'>virtute</span> <span class='ocrx_word' id='word_1_72' title='bbox 1069 828 1289 879; x_wconf 85' lang='lat' dir='ltr'>sermonis,</span> <span class='ocrx_word' id='word_1_73' title='bbox 1305 824 1542 866; x_wconf 88' lang='lat' dir='ltr'>communi-</span> 
     </span>
     <span class='ocr_line' id='line_1_10' title="bbox 229 893 1545 952; baseline -0.005 -14"><span class='ocrx_word' id='word_1_74' title='bbox 229 899 362 938; x_wconf 89' lang='lat' dir='ltr'>cando</span> <span class='ocrx_word' id='word_1_75' title='bbox 410 899 718 952; x_wconf 88' lang='lat' dir='ltr'>capciosissime</span> <span class='ocrx_word' id='word_1_76' title='bbox 763 898 949 952; x_wconf 91' lang='lat' dir='ltr'>sophiste</span> <span class='ocrx_word' id='word_1_77' title='bbox 990 907 1029 938; x_wconf 90' lang='lat' dir='ltr'>et</span> <span class='ocrx_word' id='word_1_78' title='bbox 1061 898 1297 951; x_wconf 86' lang='lat' dir='ltr'>cuicunque</span> <span class='ocrx_word' id='word_1_79' title='bbox 1334 895 1445 935; x_wconf 89' lang='lat' dir='ltr'>fideli</span> <span class='ocrx_word' id='word_1_80' title='bbox 1478 893 1545 933; x_wconf 92' lang='lat' dir='ltr'>vel</span> 
     </span>
    </p>

    <p class='ocr_par' dir='ltr' id='par_1_4' title="bbox 175 964 1545 1148">
     <span class='ocr_line' id='line_1_11' title="bbox 175 964 1545 1023; baseline -0.004 -16"><span class='ocrx_word' id='word_1_81' title='bbox 175 967 384 1011; x_wconf 83' lang='lat' dir='ltr'>10infideli</span> <span class='ocrx_word' id='word_1_82' title='bbox 416 969 573 1009; x_wconf 87' lang='lat' dir='ltr'>volenti</span> <span class='ocrx_word' id='word_1_83' title='bbox 606 969 916 1023; x_wconf 88' lang='lat' dir='ltr'>quantumlibet</span> <span class='ocrx_word' id='word_1_84' title='bbox 947 968 1186 1022; x_wconf 83' lang='lat' dir='ltr'>protervire.</span> <span class='ocrx_word' id='word_1_85' title='bbox 1221 967 1263 1007; x_wconf 87' lang='lat' dir='ltr'>Si</span> <span class='ocrx_word' id='word_1_86' title='bbox 1295 974 1437 1006; x_wconf 89' lang='lat' dir='ltr'>autem</span> <span class='ocrx_word' id='word_1_87' title='bbox 1467 964 1545 1003; x_wconf 90' lang='lat' dir='ltr'>ista</span> 
     </span>
     <span class='ocr_line' id='line_1_12' title="bbox 229 1037 1543 1092; baseline -0.003 -16"><span class='ocrx_word' id='word_1_88' title='bbox 229 1037 457 1091; x_wconf 88' lang='lat' dir='ltr'>descripcio</span> <span class='ocrx_word' id='word_1_89' title='bbox 490 1052 578 1078; x_wconf 91' lang='lat' dir='ltr'>non</span> <span class='ocrx_word' id='word_1_90' title='bbox 609 1038 662 1078; x_wconf 91' lang='lat' dir='ltr'>sit</span> <span class='ocrx_word' id='word_1_91' title='bbox 692 1038 842 1089; x_wconf 90' lang='lat' dir='ltr'>valida,</span> <span class='ocrx_word' id='word_1_92' title='bbox 867 1039 919 1077; x_wconf 92' lang='lat' dir='ltr'>ad</span> <span class='ocrx_word' id='word_1_93' title='bbox 942 1038 1043 1092; x_wconf 88' lang='lat' dir='ltr'>quid</span> <span class='ocrx_word' id='word_1_94' title='bbox 1072 1037 1245 1091; x_wconf 88' lang='lat' dir='ltr'>ponitur</span> <span class='ocrx_word' id='word_1_95' title='bbox 1272 1050 1348 1090; x_wconf 89' lang='lat' dir='ltr'>pro</span> <span class='ocrx_word' id='word_1_96' title='bbox 1385 1047 1543 1089; x_wconf 86' lang='lat' dir='ltr'>cogno-</span> 
     </span>
     <span class='ocr_line' id='line_1_13' title="bbox 228 1105 943 1148; baseline 0.001 -2"><span class='ocrx_word' id='word_1_97' title='bbox 228 1108 380 1147; x_wconf 88' lang='lat' dir='ltr'>scenda</span> <span class='ocrx_word' id='word_1_98' title='bbox 411 1116 553 1147; x_wconf 90' lang='lat' dir='ltr'>sancta</span> <span class='ocrx_word' id='word_1_99' title='bbox 583 1117 716 1148; x_wconf 86' lang='lat' dir='ltr'>matre</span> <span class='ocrx_word' id='word_1_100' title='bbox 748 1105 943 1147; x_wconf 87' lang='lat' dir='ltr'>ecclesia?</span> 
     </span>
    </p>

    <p class='ocr_par' dir='ltr' id='par_1_5' title="bbox 188 1175 1806 1231">
     <span class='ocr_line' id='line_1_14' title="bbox 188 1175 1806 1231; baseline -0.006 -11"><span class='ocrx_word' id='word_1_101' title='bbox 188 1187 212 1220; x_wconf 84' lang='lat'>9</span> <span class='ocrx_word' id='word_1_102' title='bbox 296 1177 422 1217; x_wconf 91' lang='lat' dir='ltr'>Nono</span> <span class='ocrx_word' id='word_1_103' title='bbox 437 1177 612 1229; x_wconf 88' lang='lat' dir='ltr'>videtur,</span> <span class='ocrx_word' id='word_1_104' title='bbox 628 1177 847 1230; x_wconf 90' lang='lat' dir='ltr'>supposita</span> <span class='ocrx_word' id='word_1_105' title='bbox 861 1177 1079 1218; x_wconf 87' lang='lat' dir='ltr'>communi</span> <span class='ocrx_word' id='word_1_106' title='bbox 1093 1176 1229 1231; x_wconf 86' lang='lat' dir='ltr'>logica</span> <span class='ocrx_word' id='word_1_107' title='bbox 1242 1175 1327 1214; x_wconf 90' lang='lat' dir='ltr'>iam</span> <span class='ocrx_word' id='word_1_108' title='bbox 1342 1181 1545 1225; x_wconf 90' lang='lat' dir='ltr'>currente,</span> <span class='ocrx_word' id='word_1_109' title='bbox 1586 1175 1689 1203; x_wconf 82' lang='lat' dir='ltr'>There</span> <span class='ocrx_word' id='word_1_110' title='bbox 1703 1175 1806 1204; x_wconf 73' lang='lat' dir='ltr'>would</span> 
     </span>
    </p>
   </div>
   <div class='ocr_carea' id='block_1_3' title="bbox 228 1211 1804 1300">
    <p class='ocr_par' dir='ltr' id='par_1_6' title="bbox 228 1211 1804 1300">
     <span class='ocr_line' id='line_1_15' title="bbox 1587 1211 1804 1238; baseline -0.005 0"><span class='ocrx_word' id='word_1_111' title='bbox 1587 1211 1625 1238; x_wconf 91' lang='lat' dir='ltr'>be</span> <span class='ocrx_word' id='word_1_112' title='bbox 1645 1218 1685 1238; x_wconf 92' lang='lat' dir='ltr'>no</span> <span class='ocrx_word' id='word_1_113' title='bbox 1706 1211 1753 1238; x_wconf 85' lang='lat' dir='ltr'>sin</span> <span class='ocrx_word' id='word_1_114' title='bbox 1777 1212 1804 1237; x_wconf 78' lang='lat' dir='ltr'>Ie</span> 
     </span>
     <span class='ocr_line' id='line_1_16' title="bbox 228 1244 1797 1300; baseline -0.003 -14"><span class='ocrx_word' id='word_1_115' title='bbox 228 1247 345 1300; x_wconf 90' lang='lat' dir='ltr'>quod</span> <span class='ocrx_word' id='word_1_116' title='bbox 387 1246 557 1287; x_wconf 89' lang='lat' dir='ltr'>ecclesia</span> <span class='ocrx_word' id='word_1_117' title='bbox 599 1247 844 1287; x_wconf 86' lang='lat' dir='ltr'>universalis</span> <span class='ocrx_word' id='word_1_118' title='bbox 889 1261 976 1287; x_wconf 89' lang='lat' dir='ltr'>non</span> <span class='ocrx_word' id='word_1_119' title='bbox 1021 1247 1073 1287; x_wconf 89' lang='lat' dir='ltr'>sit</span> <span class='ocrx_word' id='word_1_120' title='bbox 1113 1245 1283 1299; x_wconf 87' lang='lat' dir='ltr'>aliquid,</span> <span class='ocrx_word' id='word_1_121' title='bbox 1330 1244 1427 1298; x_wconf 89' lang='lat' dir='ltr'>quia</span> <span class='ocrx_word' id='word_1_122' title='bbox 1470 1253 1571 1282; x_wconf 43' lang='lat' dir='ltr'>nec*</span> <span class='ocrx_word' id='word_1_123' title='bbox 1598 1246 1676 1273; x_wconf 75' lang='lat' dir='ltr'>head</span> <span class='ocrx_word' id='word_1_124' title='bbox 1698 1250 1797 1272; x_wconf 72' lang='lat'>10110</span> 
     </span>
    </p>
   </div>
   <div class='ocr_carea' id='block_1_4' title="bbox 171 1280 1803 1928">
    <p class='ocr_par' dir='ltr' id='par_1_7' title="bbox 171 1280 1803 1928">
     <span class='ocr_line' id='line_1_17' title="bbox 176 1280 1762 1370; baseline -0.004 -14"><span class='ocrx_word' id='word_1_125' title='bbox 176 1328 212 1361; x_wconf 85' lang='lat'>15</span> <span class='ocrx_word' id='word_1_126' title='bbox 229 1317 466 1357; x_wconf 87' lang='lat' dir='ltr'>substancia</span> <span class='ocrx_word' id='word_1_127' title='bbox 497 1330 572 1357; x_wconf 92' lang='lat' dir='ltr'>nec</span> <span class='ocrx_word' id='word_1_128' title='bbox 596 1317 801 1368; x_wconf 88' lang='lat' dir='ltr'>accidens,</span> <span class='ocrx_word' id='word_1_129' title='bbox 835 1326 874 1357; x_wconf 92' lang='lat' dir='ltr'>et</span> <span class='ocrx_word' id='word_1_130' title='bbox 895 1331 970 1370; x_wconf 88' lang='lat' dir='ltr'>per</span> <span class='ocrx_word' id='word_1_131' title='bbox 1002 1329 1278 1369; x_wconf 83' lang='lat' dir='ltr'>consequenS,</span> <span class='ocrx_word' id='word_1_132' title='bbox 1302 1328 1399 1354; x_wconf 90' lang='lat' dir='ltr'>cum</span> <span class='ocrx_word' id='word_1_133' title='bbox 1432 1312 1547 1352; x_wconf 91' lang='lat' dir='ltr'>nulla</span> <span class='ocrx_word' id='word_1_134' title='bbox 1623 1280 1762 1308; x_wconf 79' lang='lat' dir='ltr'>church.</span> 
     </span>
     <span class='ocr_line' id='line_1_18' title="bbox 206 1381 1547 1439; baseline -0.004 -14"><span class='ocrx_word' id='word_1_135' title='bbox 206 1386 281 1426; x_wconf 60' lang='lat' dir='ltr'>‘sit</span> <span class='ocrx_word' id='word_1_136' title='bbox 302 1400 395 1439; x_wconf 91' lang='lat' dir='ltr'>pars</span> <span class='ocrx_word' id='word_1_137' title='bbox 418 1386 661 1426; x_wconf 89' lang='lat' dir='ltr'>universalis</span> <span class='ocrx_word' id='word_1_138' title='bbox 695 1387 879 1439; x_wconf 80' lang='lat' dir='ltr'>ecclesie,</span> <span class='ocrx_word' id='word_1_139' title='bbox 900 1386 991 1439; x_wconf 87' lang='lat' dir='ltr'>ipsa</span> <span class='ocrx_word' id='word_1_140' title='bbox 1016 1386 1123 1426; x_wconf 87' lang='lat' dir='ltr'>foret</span> <span class='ocrx_word' id='word_1_141' title='bbox 1153 1394 1241 1425; x_wconf 88' lang='lat' dir='ltr'>tam</span> <span class='ocrx_word' id='word_1_142' title='bbox 1273 1381 1547 1438; x_wconf 81' lang='lat' dir='ltr'>quantitative</span> 
     </span>
     <span class='ocr_line' id='line_1_19' title="bbox 230 1455 1547 1509; baseline -0.005 -13"><span class='ocrx_word' id='word_1_143' title='bbox 230 1469 358 1509; x_wconf 88' lang='lat' dir='ltr'>quam</span> <span class='ocrx_word' id='word_1_144' title='bbox 389 1455 632 1509; x_wconf 86' lang='lat' dir='ltr'>qualitative</span> <span class='ocrx_word' id='word_1_145' title='bbox 662 1456 939 1508; x_wconf 89' lang='lat' dir='ltr'>indivisibilis,</span> <span class='ocrx_word' id='word_1_146' title='bbox 974 1465 1014 1496; x_wconf 89' lang='lat' dir='ltr'>et</span> <span class='ocrx_word' id='word_1_147' title='bbox 1045 1469 1118 1509; x_wconf 91' lang='lat' dir='ltr'>per</span> <span class='ocrx_word' id='word_1_148' title='bbox 1150 1467 1426 1507; x_wconf 91' lang='lat' dir='ltr'>consequens,</span> <span class='ocrx_word' id='word_1_149' title='bbox 1471 1464 1547 1491; x_wconf 91' lang='lat' dir='ltr'>nec</span> 
     </span>
     <span class='ocr_line' id='line_1_20' title="bbox 230 1522 1546 1580; baseline -0.003 -16"><span class='ocrx_word' id='word_1_150' title='bbox 230 1525 429 1565; x_wconf 88' lang='lat' dir='ltr'>dominus</span> <span class='ocrx_word' id='word_1_151' title='bbox 462 1540 571 1580; x_wconf 91' lang='lat' dir='ltr'>papa</span> <span class='ocrx_word' id='word_1_152' title='bbox 593 1540 669 1566; x_wconf 90' lang='lat' dir='ltr'>nec</span> <span class='ocrx_word' id='word_1_153' title='bbox 690 1527 886 1566; x_wconf 86' lang='lat' dir='ltr'>Romana</span> <span class='ocrx_word' id='word_1_154' title='bbox 908 1526 1081 1566; x_wconf 87' lang='lat' dir='ltr'>ecclesia</span> <span class='ocrx_word' id='word_1_155' title='bbox 1104 1525 1211 1566; x_wconf 87' lang='lat' dir='ltr'>foret</span> <span class='ocrx_word' id='word_1_156' title='bbox 1234 1532 1359 1577; x_wconf 91' lang='lat' dir='ltr'>caput</span> <span class='ocrx_word' id='word_1_157' title='bbox 1381 1522 1546 1563; x_wconf 92' lang='lat' dir='ltr'>univer-</span> 
     </span>
     <span class='ocr_line' id='line_1_21' title="bbox 230 1594 1547 1650; baseline -0.003 -16"><span class='ocrx_word' id='word_1_158' title='bbox 230 1595 325 1635; x_wconf 85' lang='lat' dir='ltr'>salis</span> <span class='ocrx_word' id='word_1_159' title='bbox 358 1595 540 1647; x_wconf 83' lang='lat' dir='ltr'>ecclesie,</span> <span class='ocrx_word' id='word_1_160' title='bbox 574 1609 623 1635; x_wconf 92' lang='lat' dir='ltr'>eo</span> <span class='ocrx_word' id='word_1_161' title='bbox 657 1596 774 1650; x_wconf 90' lang='lat' dir='ltr'>quod</span> <span class='ocrx_word' id='word_1_162' title='bbox 805 1610 893 1636; x_wconf 92' lang='lat' dir='ltr'>non</span> <span class='ocrx_word' id='word_1_163' title='bbox 927 1596 1135 1650; x_wconf 86' lang='lat' dir='ltr'>sequitur:</span> <span class='ocrx_word' id='word_1_164' title='bbox 1177 1595 1219 1635; x_wconf 87' lang='lat' dir='ltr'>Si</span> <span class='ocrx_word' id='word_1_165' title='bbox 1252 1594 1341 1647; x_wconf 90' lang='lat' dir='ltr'>ipse</span> <span class='ocrx_word' id='word_1_166' title='bbox 1389 1599 1547 1632; x_wconf 82' lang='lat' dir='ltr'>exercet</span> 
     </span>
     <span class='ocr_line' id='line_1_22' title="bbox 173 1662 1547 1719; baseline -0.005 -12"><span class='ocrx_word' id='word_1_167' title='bbox 173 1685 216 1707; x_wconf 83' lang='lat'>20</span> <span class='ocrx_word' id='word_1_168' title='bbox 231 1664 421 1705; x_wconf 87' lang='lat' dir='ltr'>officium</span> <span class='ocrx_word' id='word_1_169' title='bbox 452 1664 597 1718; x_wconf 88' lang='lat' dir='ltr'>capitis</span> <span class='ocrx_word' id='word_1_170' title='bbox 629 1665 672 1704; x_wconf 92' lang='lat' dir='ltr'>in</span> <span class='ocrx_word' id='word_1_171' title='bbox 694 1666 858 1719; x_wconf 88' lang='lat' dir='ltr'>aliquos</span> <span class='ocrx_word' id='word_1_172' title='bbox 881 1666 1072 1717; x_wconf 90' lang='lat' dir='ltr'>istorum,</span> <span class='ocrx_word' id='word_1_173' title='bbox 1115 1678 1212 1718; x_wconf 88' lang='lat' dir='ltr'>ergo</span> <span class='ocrx_word' id='word_1_174' title='bbox 1244 1664 1287 1703; x_wconf 92' lang='lat' dir='ltr'>in</span> <span class='ocrx_word' id='word_1_175' title='bbox 1309 1664 1425 1714; x_wconf 84' lang='lat' dir='ltr'>istos,</span> <span class='ocrx_word' id='word_1_176' title='bbox 1450 1662 1547 1716; x_wconf 87' lang='lat' dir='ltr'>quia</span> 
     </span>
     <span class='ocr_line' id='line_1_23' title="bbox 230 1731 1547 1788; baseline -0.003 -14"><span class='ocrx_word' id='word_1_177' title='bbox 230 1735 317 1788; x_wconf 90' lang='lat' dir='ltr'>pari</span> <span class='ocrx_word' id='word_1_178' title='bbox 351 1734 563 1774; x_wconf 91' lang='lat' dir='ltr'>evidencia</span> <span class='ocrx_word' id='word_1_179' title='bbox 595 1735 787 1775; x_wconf 86' lang='lat' dir='ltr'>diabolus</span> <span class='ocrx_word' id='word_1_180' title='bbox 827 1735 934 1775; x_wconf 88' lang='lat' dir='ltr'>foret</span> <span class='ocrx_word' id='word_1_181' title='bbox 977 1744 1102 1788; x_wconf 89' lang='lat' dir='ltr'>caput</span> <span class='ocrx_word' id='word_1_182' title='bbox 1146 1734 1333 1774; x_wconf 89' lang='lat' dir='ltr'>eiusdem</span> <span class='ocrx_word' id='word_1_183' title='bbox 1379 1731 1547 1772; x_wconf 86' lang='lat' dir='ltr'>ecclesie</span> 
     </span>
     <span class='ocr_line' id='line_1_24' title="bbox 232 1803 1463 1858; baseline 0 -14"><span class='ocrx_word' id='word_1_184' title='bbox 232 1813 272 1844; x_wconf 93' lang='lat' dir='ltr'>et</span> <span class='ocrx_word' id='word_1_185' title='bbox 302 1804 473 1845; x_wconf 91' lang='lat' dir='ltr'>haberet</span> <span class='ocrx_word' id='word_1_186' title='bbox 504 1805 713 1858; x_wconf 88' lang='lat' dir='ltr'>quotlibet</span> <span class='ocrx_word' id='word_1_187' title='bbox 746 1805 882 1858; x_wconf 90' lang='lat' dir='ltr'>capita</span> <span class='ocrx_word' id='word_1_188' title='bbox 914 1814 1001 1845; x_wconf 88' lang='lat' dir='ltr'>tam</span> <span class='ocrx_word' id='word_1_189' title='bbox 1034 1805 1145 1844; x_wconf 87' lang='lat' dir='ltr'>bona</span> <span class='ocrx_word' id='word_1_190' title='bbox 1178 1818 1308 1858; x_wconf 88' lang='lat' dir='ltr'>quam</span> <span class='ocrx_word' id='word_1_191' title='bbox 1339 1803 1463 1844; x_wconf 87' lang='lat' dir='ltr'>mala.</span> 
     </span>
     <span class='ocr_line' id='line_1_25' title="bbox 171 1869 1803 1928; baseline -0.004 -11"><span class='ocrx_word' id='word_1_192' title='bbox 171 1884 217 1917; x_wconf 88' lang='lat'>10</span> <span class='ocrx_word' id='word_1_193' title='bbox 289 1874 465 1914; x_wconf 88' lang='lat' dir='ltr'>Decimo</span> <span class='ocrx_word' id='word_1_194' title='bbox 518 1884 557 1914; x_wconf 89' lang='lat' dir='ltr'>et</span> <span class='ocrx_word' id='word_1_195' title='bbox 601 1875 751 1915; x_wconf 89' lang='lat' dir='ltr'>ultimo</span> <span class='ocrx_word' id='word_1_196' title='bbox 795 1875 960 1915; x_wconf 87' lang='lat' dir='ltr'>videtur</span> <span class='ocrx_word' id='word_1_197' title='bbox 1006 1875 1149 1928; x_wconf 92' lang='lat' dir='ltr'>quoad</span> <span class='ocrx_word' id='word_1_198' title='bbox 1191 1873 1465 1927; x_wconf 88' lang='lat' dir='ltr'>proprietates</span> <span class='ocrx_word' id='word_1_199' title='bbox 1510 1880 1549 1911; x_wconf 91' lang='lat' dir='ltr'>et</span> <span class='ocrx_word' id='word_1_200' title='bbox 1592 1869 1660 1898; x_wconf 83' lang='lat' dir='ltr'>The</span> <span class='ocrx_word' id='word_1_201' title='bbox 1681 1869 1803 1898; x_wconf 77' lang='lat' dir='ltr'>Church</span> 
     </span>
    </p>
   </div>
   <div class='ocr_carea' id='block_1_5' title="bbox 231 1906 1834 1999">
    <p class='ocr_par' dir='ltr' id='par_1_8' title="bbox 231 1906 1834 1999">
     <span class='ocr_line' id='line_1_26' title="bbox 1561 1906 1834 1934; baseline -0.004 0"><span class='ocrx_word' id='word_1_202' title='bbox 1561 1906 1667 1934; x_wconf 88' lang='lat' dir='ltr'>would</span> <span class='ocrx_word' id='word_1_203' title='bbox 1699 1906 1764 1932; x_wconf 86' lang='lat' dir='ltr'>lose</span> <span class='ocrx_word' id='word_1_204' title='bbox 1796 1906 1834 1933; x_wconf 87' lang='lat' dir='ltr'>all</span> 
     </span>
     <span class='ocr_line' id='line_1_27' title="bbox 231 1940 1808 1999; baseline -0.003 -15"><span class='ocrx_word' id='word_1_205' title='bbox 231 1944 464 1984; x_wconf 90' lang='lat' dir='ltr'>accidencia</span> <span class='ocrx_word' id='word_1_206' title='bbox 496 1945 665 1985; x_wconf 90' lang='lat' dir='ltr'>ecclesie</span> <span class='ocrx_word' id='word_1_207' title='bbox 698 1946 814 1999; x_wconf 93' lang='lat' dir='ltr'>quod</span> <span class='ocrx_word' id='word_1_208' title='bbox 844 1945 934 1998; x_wconf 88' lang='lat' dir='ltr'>ipsa</span> <span class='ocrx_word' id='word_1_209' title='bbox 966 1958 1053 1984; x_wconf 92' lang='lat' dir='ltr'>non</span> <span class='ocrx_word' id='word_1_210' title='bbox 1085 1944 1210 1984; x_wconf 85' lang='lat' dir='ltr'>habet</span> <span class='ocrx_word' id='word_1_211' title='bbox 1232 1957 1353 1983; x_wconf 83' lang='lat' dir='ltr'>sexus</span> <span class='ocrx_word' id='word_1_212' title='bbox 1377 1942 1547 1982; x_wconf 89' lang='lat' dir='ltr'>distinc-</span> <span class='ocrx_word' id='word_1_213' title='bbox 1578 1940 1628 1968; x_wconf 78' lang='lat' dir='ltr'>the</span> <span class='ocrx_word' id='word_1_214' title='bbox 1649 1940 1808 1968; x_wconf 84' lang='lat' dir='ltr'>attributes</span> 
     </span>
    </p>
   </div>
   <div class='ocr_carea' id='block_1_6' title="bbox 139 1976 1829 2556">
    <p class='ocr_par' dir='ltr' id='par_1_9' title="bbox 139 1976 1829 2556">
     <span class='ocr_line' id='line_1_28' title="bbox 139 1976 1829 2068; baseline -0.003 -13"><span class='ocrx_word' id='word_1_215' title='bbox 139 2027 215 2065; x_wconf 81' lang='lat'>¹44⁰</span> <span class='ocrx_word' id='word_1_216' title='bbox 230 2014 410 2066; x_wconf 89' lang='lat' dir='ltr'>cionem,</span> <span class='ocrx_word' id='word_1_217' title='bbox 443 2014 739 2068; x_wconf 88' lang='lat' dir='ltr'>virginitatem,</span> <span class='ocrx_word' id='word_1_218' title='bbox 773 2024 926 2055; x_wconf 90' lang='lat' dir='ltr'>etatem</span> <span class='ocrx_word' id='word_1_219' title='bbox 957 2015 1021 2054; x_wconf 91' lang='lat' dir='ltr'>vel</span> <span class='ocrx_word' id='word_1_220' title='bbox 1043 2011 1066 2035; x_wconf 34' lang='grc' dir='ltr'>’ῃ</span> <span class='ocrx_word' id='word_1_221' title='bbox 1088 2014 1167 2054; x_wconf 90' lang='lat' dir='ltr'>alia</span> <span class='ocrx_word' id='word_1_222' title='bbox 1197 2012 1435 2054; x_wconf 90' lang='lat' dir='ltr'>accidencia</span> <span class='ocrx_word' id='word_1_223' title='bbox 1466 2025 1549 2065; x_wconf 90' lang='lat' dir='ltr'>que</span> <span class='ocrx_word' id='word_1_224' title='bbox 1573 1976 1829 2045; x_wconf 51' lang='lat' dir='ltr'>{Zssffgffigsssgtffi}</span> 
     </span>
     <span class='ocr_line' id='line_1_29' title="bbox 228 2082 1551 2139; baseline -0.002 -16"><span class='ocrx_word' id='word_1_225' title='bbox 228 2083 331 2124; x_wconf 87' lang='lat' dir='ltr'>fides</span> <span class='ocrx_word' id='word_1_226' title='bbox 363 2083 564 2138; x_wconf 87' lang='lat' dir='ltr'>scripture</span> <span class='ocrx_word' id='word_1_227' title='bbox 597 2085 673 2124; x_wconf 90' lang='lat' dir='ltr'>sibi</span> <span class='ocrx_word' id='word_1_228' title='bbox 711 2085 913 2139; x_wconf 72' lang='lat' dir='ltr'>attribuit,</span> <span class='ocrx_word' id='word_1_229' title='bbox 948 2094 987 2125; x_wconf 91' lang='lat' dir='ltr'>et</span> <span class='ocrx_word' id='word_1_230' title='bbox 1018 2098 1091 2138; x_wconf 91' lang='lat' dir='ltr'>per</span> <span class='ocrx_word' id='word_1_231' title='bbox 1122 2084 1248 2136; x_wconf 88' lang='lat' dir='ltr'>idem,</span> <span class='ocrx_word' id='word_1_232' title='bbox 1294 2097 1382 2123; x_wconf 92' lang='lat' dir='ltr'>non</span> <span class='ocrx_word' id='word_1_233' title='bbox 1424 2082 1551 2121; x_wconf 89' lang='lat' dir='ltr'>habet</span> 
     </span>
     <span class='ocr_line' id='line_1_30' title="bbox 228 2151 1550 2208; baseline -0.002 -15"><span class='ocrx_word' id='word_1_234' title='bbox 228 2153 496 2206; x_wconf 87' lang='lat' dir='ltr'>privilegium</span> <span class='ocrx_word' id='word_1_235' title='bbox 545 2154 611 2194; x_wconf 90' lang='lat' dir='ltr'>vel</span> <span class='ocrx_word' id='word_1_236' title='bbox 663 2164 900 2208; x_wconf 92' lang='lat' dir='ltr'>peccatum,</span> <span class='ocrx_word' id='word_1_237' title='bbox 952 2154 1202 2208; x_wconf 88' lang='lat' dir='ltr'>temporalia</span> <span class='ocrx_word' id='word_1_238' title='bbox 1244 2154 1311 2193; x_wconf 87' lang='lat' dir='ltr'>vel</span> <span class='ocrx_word' id='word_1_239' title='bbox 1361 2151 1550 2206; x_wconf 88' lang='lat' dir='ltr'>regulam</span> 
     </span>
     <span class='ocr_line' id='line_1_31' title="bbox 229 2223 1550 2278; baseline -0.002 -16"><span class='ocrx_word' id='word_1_240' title='bbox 229 2223 406 2275; x_wconf 88' lang='lat' dir='ltr'>vivendi,</span> <span class='ocrx_word' id='word_1_241' title='bbox 440 2237 538 2264; x_wconf 88' lang='lat' dir='ltr'>cum</span> <span class='ocrx_word' id='word_1_242' title='bbox 576 2237 664 2264; x_wconf 92' lang='lat' dir='ltr'>non</span> <span class='ocrx_word' id='word_1_243' title='bbox 708 2224 841 2278; x_wconf 88' lang='lat' dir='ltr'>magis</span> <span class='ocrx_word' id='word_1_244' title='bbox 886 2225 1029 2264; x_wconf 89' lang='lat' dir='ltr'>tendat</span> <span class='ocrx_word' id='word_1_245' title='bbox 1072 2225 1124 2264; x_wconf 90' lang='lat' dir='ltr'>ad</span> <span class='ocrx_word' id='word_1_246' title='bbox 1170 2223 1376 2264; x_wconf 88' lang='lat' dir='ltr'>unitatem</span> <span class='ocrx_word' id='word_1_247' title='bbox 1420 2235 1550 2276; x_wconf 89' lang='lat' dir='ltr'>quam</span> 
     </span>
     <span class='ocr_line' id='line_1_32' title="bbox 230 2290 1549 2347; baseline -0.002 -15"><span class='ocrx_word' id='word_1_248' title='bbox 230 2293 418 2333; x_wconf 87' lang='lat' dir='ltr'>membra</span> <span class='ocrx_word' id='word_1_249' title='bbox 461 2292 631 2345; x_wconf 90' lang='lat' dir='ltr'>diaboli,</span> <span class='ocrx_word' id='word_1_250' title='bbox 676 2307 775 2333; x_wconf 88' lang='lat' dir='ltr'>cum</span> <span class='ocrx_word' id='word_1_251' title='bbox 807 2294 848 2333; x_wconf 90' lang='lat' dir='ltr'>in</span> <span class='ocrx_word' id='word_1_252' title='bbox 882 2293 961 2333; x_wconf 91' lang='lat' dir='ltr'>illis</span> <span class='ocrx_word' id='word_1_253' title='bbox 1006 2294 1058 2333; x_wconf 90' lang='lat' dir='ltr'>sit</span> <span class='ocrx_word' id='word_1_254' title='bbox 1086 2307 1167 2346; x_wconf 84' lang='lat' dir='ltr'>pax</span> <span class='ocrx_word' id='word_1_255' title='bbox 1197 2307 1329 2347; x_wconf 81' lang='lat' dir='ltr'>quarn.</span> <span class='ocrx_word' id='word_1_256' title='bbox 1360 2290 1549 2332; x_wconf 87' lang='lat' dir='ltr'>Christus</span> 
     </span>
     <span class='ocr_line' id='line_1_33' title="bbox 175 2360 1549 2415; baseline -0.004 -11"><span class='ocrx_word' id='word_1_257' title='bbox 175 2371 217 2404; x_wconf 82' lang='lat'>30</span> <span class='ocrx_word' id='word_1_258' title='bbox 230 2362 403 2402; x_wconf 86' lang='lat' dir='ltr'>Matthei</span> <span class='ocrx_word' id='word_1_259' title='bbox 435 2363 509 2414; x_wconf 87' lang='lat' dir='ltr'>X0,</span> <span class='ocrx_word' id='word_1_260' title='bbox 538 2362 603 2415; x_wconf 82' lang='lat'>34,</span> <span class='ocrx_word' id='word_1_261' title='bbox 629 2363 727 2403; x_wconf 91' lang='lat' dir='ltr'>dicit</span> <span class='ocrx_word' id='word_1_262' title='bbox 759 2363 899 2403; x_wconf 91' lang='lat' dir='ltr'>venire</span> <span class='ocrx_word' id='word_1_263' title='bbox 931 2363 1170 2404; x_wconf 85' lang='lat' dir='ltr'>dissolvere.</span> <span class='ocrx_word' id='word_1_264' title='bbox 1197 2363 1297 2402; x_wconf 89' lang='lat' dir='ltr'>Istas</span> <span class='ocrx_word' id='word_1_265' title='bbox 1327 2360 1549 2401; x_wconf 88' lang='lat' dir='ltr'>instancias</span> 
     </span>
     <span class='ocr_line' id='line_1_34' title="bbox 230 2430 1549 2486; baseline -0.002 -15"><span class='ocrx_word' id='word_1_266' title='bbox 230 2431 409 2485; x_wconf 87' lang='lat' dir='ltr'>pueriles</span> <span class='ocrx_word' id='word_1_267' title='bbox 442 2441 586 2473; x_wconf 91' lang='lat' dir='ltr'>contra</span> <span class='ocrx_word' id='word_1_268' title='bbox 617 2433 857 2474; x_wconf 88' lang='lat' dir='ltr'>rudimenta</span> <span class='ocrx_word' id='word_1_269' title='bbox 887 2432 983 2473; x_wconf 91' lang='lat' dir='ltr'>fidei</span> <span class='ocrx_word' id='word_1_270' title='bbox 1018 2441 1185 2486; x_wconf 88' lang='lat' dir='ltr'>oportet</span> <span class='ocrx_word' id='word_1_271' title='bbox 1227 2431 1396 2471; x_wconf 90' lang='lat' dir='ltr'>fidelem</span> <span class='ocrx_word' id='word_1_272' title='bbox 1444 2430 1549 2470; x_wconf 90' lang='lat' dir='ltr'>clare</span> 
     </span>
     <span class='ocr_line' id='line_1_35' title="bbox 232 2500 1551 2556; baseline -0.001 -16"><span class='ocrx_word' id='word_1_273' title='bbox 232 2501 471 2554; x_wconf 87' lang='lat' dir='ltr'>dissolvere,</span> <span class='ocrx_word' id='word_1_274' title='bbox 503 2501 603 2555; x_wconf 89' lang='lat' dir='ltr'>quia</span> <span class='ocrx_word' id='word_1_275' title='bbox 633 2502 676 2541; x_wconf 92' lang='lat' dir='ltr'>in</span> <span class='ocrx_word' id='word_1_276' title='bbox 692 2502 909 2556; x_wconf 90' lang='lat' dir='ltr'>principiis</span> <span class='ocrx_word' id='word_1_277' title='bbox 933 2516 1124 2543; x_wconf 90' lang='lat' dir='ltr'>errorum</span> <span class='ocrx_word' id='word_1_278' title='bbox 1140 2510 1310 2555; x_wconf 88' lang='lat' dir='ltr'>oportet</span> <span class='ocrx_word' id='word_1_279' title='bbox 1332 2500 1551 2555; x_wconf 86' lang='lat' dir='ltr'>diligenter</span> 
     </span>
    </p>
   </div>
   <div class='ocr_carea' id='block_1_7' title="bbox 231 2571 1447 2624">
    <p class='ocr_par' dir='ltr' id='par_1_10' title="bbox 231 2571 1447 2624">
     <span class='ocr_line' id='line_1_36' title="bbox 231 2571 1447 2624; baseline -0.001 -13"><span class='ocrx_word' id='word_1_280' title='bbox 231 2571 410 2624; x_wconf 86' lang='lat' dir='ltr'>obstare,</span> <span class='ocrx_word' id='word_1_281' title='bbox 443 2585 542 2612; x_wconf 91' lang='lat' dir='ltr'>cum</span> <span class='ocrx_word' id='word_1_282' title='bbox 574 2585 721 2612; x_wconf 89' lang='lat' dir='ltr'>eorum</span> <span class='ocrx_word' id='word_1_283' title='bbox 753 2572 953 2612; x_wconf 88' lang='lat' dir='ltr'>admissio</span> <span class='ocrx_word' id='word_1_284' title='bbox 985 2572 1155 2613; x_wconf 91' lang='lat' dir='ltr'>abducit</span> <span class='ocrx_word' id='word_1_285' title='bbox 1185 2572 1229 2611; x_wconf 89' lang='lat' dir='ltr'>in</span> <span class='ocrx_word' id='word_1_286' title='bbox 1262 2571 1447 2611; x_wconf 86' lang='lat' dir='ltr'>devium.</span> 
     </span>
    </p>
   </div>
   <div class='ocr_carea' id='block_1_8' title="bbox 232 2694 1551 2779">
    <p class='ocr_par' dir='ltr' id='par_1_11' title="bbox 232 2694 1551 2779">
     <span class='ocr_line' id='line_1_37' title="bbox 284 2694 1551 2733; baseline -0.002 -9"><span class='ocrx_word' id='word_1_287' title='bbox 284 2705 314 2730; x_wconf 83' lang='lat'>9.</span> <span class='ocrx_word' id='word_1_288' title='bbox 334 2697 368 2724; x_wconf 89' lang='lat' dir='ltr'>In</span> <span class='ocrx_word' id='word_1_289' title='bbox 389 2697 482 2725; x_wconf 84' lang='lat' dir='ltr'>codd.</span> <span class='ocrx_word' id='word_1_290' title='bbox 504 2698 573 2724; x_wconf 65' lang='lat' dir='ltr'>so‘fl.</span> <span class='ocrx_word' id='word_1_291' title='bbox 716 2705 759 2733; x_wconf 83' lang='lat'>¹9-</span> <span class='ocrx_word' id='word_1_292' title='bbox 780 2696 822 2723; x_wconf 87' lang='lat' dir='ltr'>B:</span> <span class='ocrx_word' id='word_1_293' title='bbox 843 2697 910 2732; x_wconf 88' lang='lat' dir='ltr'>ipse</span> <span class='ocrx_word' id='word_1_294' title='bbox 930 2697 1083 2725; x_wconf 83' lang='lat' dir='ltr'>exercitet.</span> <span class='ocrx_word' id='word_1_295' title='bbox 1227 2704 1272 2732; x_wconf 90' lang='lat'>27.</span> <span class='ocrx_word' id='word_1_296' title='bbox 1290 2697 1349 2730; x_wconf 68' lang='lat' dir='ltr'>A¹e</span> <span class='ocrx_word' id='word_1_297' title='bbox 1368 2694 1551 2731; x_wconf 82' lang='lat' dir='ltr'>temporale.</span> 
     </span>
     <span class='ocr_line' id='line_1_38' title="bbox 232 2742 631 2779; baseline 0 -9"><span class='ocrx_word' id='word_1_298' title='bbox 232 2742 272 2771; x_wconf 85' lang='lat'>31.</span> <span class='ocrx_word' id='word_1_299' title='bbox 290 2743 352 2778; x_wconf 72' lang='lat' dir='ltr'>A1=</span> <span class='ocrx_word' id='word_1_300' title='bbox 379 2743 493 2779; x_wconf 80' lang='lat' dir='ltr'>pluries</span> <span class='ocrx_word' id='word_1_301' title='bbox 514 2748 631 2772; x_wconf 84' lang='lat' dir='ltr'>contra.</span> 
     </span>
    </p>
   </div>
   <div class='ocr_carea' id='block_1_9' title="bbox 293 2846 1198 2893">
    <p class='ocr_par' dir='ltr' id='par_1_12' title="bbox 293 2846 1198 2893">
     <span class='ocr_line' id='line_1_39' title="bbox 293 2846 1198 2893; baseline 0 -11"><span class='ocrx_word' id='word_1_302' title='bbox 293 2849 346 2883; x_wconf 81' lang='lat'>33.</span> <span class='ocrx_word' id='word_1_303' title='bbox 372 2850 425 2882; x_wconf 91' lang='lat' dir='ltr'>Ad</span> <span class='ocrx_word' id='word_1_304' title='bbox 454 2860 527 2893; x_wconf 89' lang='lat' dir='ltr'>cap.</span> <span class='ocrx_word' id='word_1_305' title='bbox 556 2851 597 2881; x_wconf 89' lang='lat' dir='ltr'>V.</span> <span class='ocrx_word' id='word_1_306' title='bbox 625 2849 665 2881; x_wconf 88' lang='lat' dir='ltr'>cf.</span> <span class='ocrx_word' id='word_1_307' title='bbox 693 2850 778 2890; x_wconf 87' lang='lat' dir='ltr'>Hus,</span> <span class='ocrx_word' id='word_1_308' title='bbox 806 2850 857 2881; x_wconf 91' lang='lat' dir='ltr'>De</span> <span class='ocrx_word' id='word_1_309' title='bbox 883 2850 967 2881; x_wconf 89' lang='lat' dir='ltr'>eccl.</span> <span class='ocrx_word' id='word_1_310' title='bbox 994 2849 1041 2881; x_wconf 94' lang='lat' dir='ltr'>fol</span> <span class='ocrx_word' id='word_1_311' title='bbox 1071 2846 1198 2882; x_wconf 57' lang='lat'>205¹*⁸¹³⁸</span> 
     </span>
    </p>
   </div>
  </div>
 </body>
</html>
