2051 3273
251 237 341 267 CAP·
363 227 460 286 XIX]
746 242 805 273 DE
832 242 1065 274 ECCLESIA.
1764 233 1846 283 465

97 356 126 388 Τ
156 354 231 400 192³
247 359 333 384 non
367 347 482 386 nudo
516 346 678 385 nomini
702 347 767 386 vel
799 347 1032 399 prefecture
1054 347 1095 385 in
1120 346 1222 386 facie
1246 347 1428 399 ecclesie,
1463 348 1561 401 quia

245 415 337 455 talis
357 416 462 456 foret
484 415 695 455 evidencia
718 416 842 455 nimis
866 416 998 456 fallax.
1024 416 1323 456 Obedienclum
1341 426 1402 456 est
1418 426 1558 457 tamen

246 485 317 524 tali
361 495 555 538 pretenso
598 485 813 538 preposito
853 486 965 525 salva
1005 499 1171 539 semper
1202 487 1447 526 obediencia
1479 487 1558 540 legi

247 553 421 605 Christi3
466 563 505 593 et
550 554 590 592 in
629 554 705 594 ista
744 555 912 594 cecitate
957 564 1123 595 tantum
1167 557 1358 596 turbatur
1390 556 1560 596 ecclesia

212 625 360 677 5quod
412 625 583 677 quidam
634 625 728 677 plus
778 626 953 664 credunt
997 626 1122 679 signis
1168 627 1315 666 mortis
1360 626 1475 665 factis
1520 626 1559 665 in
1585 636 1850 685 Egccesqivemtrnst

244 693 420 745 vestigio
479 703 747 733 mortuorum
809 695 1107 735 defunctorum
1168 711 1298 750 quam
1365 696 1561 748 operibus
1611 679 1639 698 m
1663 673 1816 699 mnacies.

244 763 455 803 vivacibus
488 764 759 816 superstitum
779 773 1155 819 quantumcunque
1190 765 1461 805 conformiter
1483 765 1560 818 legi

246 832 399 873 Christi
437 833 688 873 vivencium.
735 834 788 873 Et
832 835 955 873 credo
993 836 1107 888 quod
1153 835 1292 875 illusio
1333 835 1485 875 diaboli
1520 835 1559 874 in

243 902 396 942 talibus
440 902 568 956 signis
612 912 775 943 excecat
820 904 1049 956 populum3
1090 913 1188 958 post
1232 905 1350 944 illum
1390 919 1486 958 ergo
1520 905 1560 943 in

192 991 230 1013 10
246 985 332 1025 quo
366 972 514 1011 claruit
544 973 636 1012 viva
658 973 740 1012 vite
764 973 960 1013 sanctitas
982 974 1255 1026 probabiliter
1283 974 1391 1014 credi
1423 983 1562 1028 potest

248 1042 298 1081 ad
332 1043 643 1082 ostendendum
688 1043 775 1082 eius
822 1044 1083 1083 sanctitatem
1128 1045 1345 1098 signorum
1387 1045 1561 1097 claritas,

248 1112 318 1150 sed
363 1112 500 1152 adhuc
547 1126 632 1151 non
677 1121 763 1152 tarn
808 1113 1018 1153 evidenter
1062 1114 1169 1154 sicut
1220 1114 1261 1153 in
1306 1128 1391 1154 uno
1437 1128 1561 1167 opere

250 1180 478 1223 fructuoso.

305 1253 426 1292 Unde
459 1252 549 1292 talis
584 1253 789 1306 culpanda
822 1253 982 1305 cecitas,
1016 1254 1277 1294 inordinatus
1307 1268 1353 1294 ac
1385 1254 1562 1308 cupidus
1610 1262 1674 1290 Evil
1696 1261 1822 1324 φὶὴςεῐίε

194 1329 229 1362 15
246 1323 383 1363 cultus
408 1322 511 1362 circa
535 1323 729 1376 reliquias
752 1323 907 1363 faciunt
929 1324 970 1362 in
995 1338 1148 1377 penam
1172 1324 1328 1377 peccati
1352 1325 1563 1377 populum
1639 1306 1721 1324 wms
1747 1305 1788 1332 ψ’

246 1392 431 1431 multum
465 1392 562 1434 falli.
597 1394 719 1433 Unde
751 1393 793 1432 in
825 1393 969 1433 multis
1002 1394 1144 1446 patriis
1189 1394 1343 1446 cupido
1385 1394 1562 1447 pecunie

247 1461 343 1501 facit
387 1462 428 1501 in
462 1462 607 1502 multis
641 1463 821 1502 ecclesiis
854 1463 968 1516 quod
1001 1477 1095 1516 pars
1128 1477 1305 1516 persone
1329 1472 1481 1516 empte‚
1515 1472 1561 1503 ut

249 1531 519 1572 canonizetur
540 1545 619 1585 pro
643 1531 881 1572 confessore
903 1533 967 1572 vel
990 1533 1172 1585 martire,
1206 1533 1300 1586 plus
1330 1533 1561 1572 honoretur

247 1601 601 1654 peregrinacione,
635 1611 885 1655 sumptuosa
907 1602 1127 1642 oblacione
1160 1612 1199 1642 et
1226 1603 1404 1655 sepulcri
1438 1617 1559 1642 orna-

191 1690 231 1711 20
249 1671 368 1711 cione
427 1685 528 1711 auro
594 1680 632 1711 et
689 1671 897 1724 lapidibus
955 1672 1155 1725 preciosis
1222 1686 1350 1725 quam
1409 1686 1561 1725 corpus

249 1741 392 1780 matris
425 1741 514 1793 Dei,
558 1741 853 1794 apostolorum
896 1742 1004 1780 Petri
1050 1750 1089 1781 et
1120 1742 1237 1781 Pauli
1282 1742 1347 1781 vel
1392 1742 1560 1782 alterius

247 1811 410 1850 notorie
450 1811 570 1851 beati.
624 1812 677 1851 Et
715 1812 927 1851 evidencia
966 1811 1114 1851 talium
1148 1820 1226 1851 stat
1257 1812 1300 1850 in
1332 1811 1412 1851 isto
1446 1813 1561 1865 quod

247 1880 343 1920 talia
375 1889 554 1933 possunt
585 1880 671 1920 fieri
702 1895 796 1920 vere
829 1896 874 1921 ac
898 1881 1123 1933 meritorie,
1157 1891 1196 1920 et
1228 1881 1373 1934 prelati
1408 1882 1560 1935 quibus

246 1950 326 1989 hoc
360 1959 420 1990 est
453 1951 717 2004 incognitum
763 1951 999 2004 approbant
1041 1952 1156 2005 quod
1190 1951 1241 1991 sit
1273 1951 1348 2003 ita,
1394 1952 1560 1991 nullum

189 2029 228 2060 25
245 2020 324 2059 tale
359 2019 516 2060 factum
546 2022 727 2073 reprobo
762 2030 800 2061 et
823 2035 956 2074 pauca
988 2021 1053 2060 vel
1085 2021 1200 2061 nulla
1223 2022 1428 2074 approbo,
1463 2021 1561 2074 quia

244 2090 567 2144 peregrinantes,
601 2091 796 2144 reliquias
837 2092 1056 2131 adorantes
1090 2100 1128 2131 et
1155 2091 1352 2144 pecunias
1387 2105 1559 2144 congre-

244 2169 388 2212 gantes
421 2161 577 2199 nedum
616 2170 789 2213 possent
828 2161 1024 2214 occupari
1070 2161 1212 2201 utilius
1258 2162 1339 2200 hoc
1373 2161 1560 2212 dimisso,

247 2230 317 2268 sed
351 2243 398 2268 ex
431 2229 547 2269 factis
581 2230 621 2268 in
655 2231 745 2282 lege
771 2230 927 2270 Christi
960 2240 999 2270 et
1025 2231 1226 2283 scriptura
1248 2230 1412 2270 videtur
1444 2230 1561 2284 sequi

247 2300 363 2353 quod
413 2313 559 2339 omnes
611 2300 667 2339 sic
725 2301 906 2340 colentes
964 2301 1116 2340 debent
1177 2309 1357 2353 protunc
1413 2301 1561 2340 melius

188 2375 230 2408 30
247 2369 441 2423 occupari
487 2379 525 2409 et
569 2383 641 2422 per
674 2383 935 2423 consequens
979 2380 1151 2423 peccant
1191 2370 1369 2423 graviter
1411 2370 1561 2409 melius

246 2438 495 2479 omittendo.
529 2439 706 2478 Dimitto
730 2449 898 2491 peccata
922 2454 1003 2493 que
1037 2440 1287 2493 contingunt
1320 2440 1561 2479 altrinsecus

245 2509 286 2547 in
331 2508 410 2548 hoc
455 2507 564 2548 facto
610 2518 648 2548 et
686 2510 907 2561 quomodo
954 2510 1094 2562 ipsum
1128 2519 1187 2549 est
1227 2509 1384 2549 factum
1423 2509 1559 2562 phari-

245 2577 404 2618 saicum
449 2587 617 2630 patrum
649 2578 798 2618 veteris
843 2579 1096 2631 testamenti,
1144 2580 1214 2619 secl
1258 2593 1344 2619 non
1390 2592 1436 2618 ex
1469 2579 1559 2632 lege

296 2771 320 2799 5.
337 2772 375 2799 B:
391 2773 474 2808 quod
489 2774 623 2807 quidem.
751 2773 779 2801 6.
798 2773 836 2800 B:
859 2777 1059 2800 mortuorum
1074 2773 1168 2800 deest.
1296 2781 1337 2806 14.
1353 2772 1426 2800 Ain
1443 2780 1558 2807 marg.:

244 2818 324 2846 Nota
339 2819 376 2846 de
391 2819 655 2854 peregrinacione.
798 2827 839 2854 19.
859 2820 886 2846 A
901 2819 931 2846 in
947 2827 1061 2854 marg:
1077 2818 1157 2847 Nota
1173 2819 1210 2846 de
1227 2818 1400 2846 colentibus
1415 2819 1560 2855 reliquias

245 2870 425 2893 sanctorum
446 2866 562 2900 (Below
585 2869 650 2901 192d
670 2866 801 2893 without
822 2867 908 2894 mark
930 2866 964 2894 of
982 2866 1161 2901 reference).

1401 2914 1443 2946 30
