2051 3273
198 257 285 285 cim.
310 246 406 304 xvi]
691 262 750 293 DE
776 261 1010 294 mansisti.
1718 251 1795 290 385

41 366 365 417 X182⁰quando
413 378 522 404 unus
567 365 795 404 omissione
839 365 902 403 vel
948 364 1250 403 commissione
1288 364 1509 416 participat

194 442 368 486 peccato
392 433 578 485 alterius;
602 434 635 473 si
659 434 771 474 enirn
795 433 1035 487 prepositus
1059 433 1284 486 spiritualis
1308 433 1508 472 exercitus

193 504 257 542 vel
302 503 410 556 capit
453 504 710 556 stipendium
756 517 831 556 pro
876 503 1078 542 militibus
1117 516 1226 556 quos
1259 516 1346 541 non
1385 502 1509 542 habet

193 572 256 611 vel
290 587 367 625 pro
400 573 582 626 indignis
615 587 722 627 quos
756 573 878 612 debet
910 572 1129 625 corrigere,
1163 573 1386 625 quomodo
1420 585 1508 611 non

160 649 255 682 5est
293 641 469 694 dignum
501 642 776 681 elemosinam
809 641 1181 694 proporcionalem
1212 641 1263 680 ab
1296 641 1370 680 illo
1409 641 1505 681 sub-

192 708 375 750 trahere?

248 782 334 820 Nec
372 781 480 820 valet
517 780 695 820 infidelis
734 780 854 820 ficcio
895 794 977 834 qua
1017 780 1167 820 dicitur
1199 780 1317 833 quod
1349 780 1506 833 absque
1558 787 1583 814 It
1602 787 1627 814 is
1646 787 1716 814 vain
1737 791 1768 815 to

193 850 442 890 condicione
486 850 564 889 fuit
607 850 712 890 facta
759 850 950 901 collacio,
983 850 1377 903 quomodocunque
1413 848 1504 888 reli·
1521 822 1797 891 giiiiffmiigltrdffie

192 919 336 973 giosus
367 919 549 958 voluerit
571 920 779 959 donatum
802 920 1046 972 expendere,
1071 919 1169 972 quia
1191 919 1273 958 hoc
1296 927 1507 958 accusaret
1547 891 1772 953 witdhiqigtngton-

138 1008 176 1029 10
191 998 391 1042 patronos
437 1002 484 1028 ex
527 989 786 1041 blasphemia
818 997 858 1028 et
890 989 1150 1041 extingueret
1182 1002 1301 1041 spem
1339 989 1388 1026 de
1427 1001 1504 1026 suo

191 1058 392 1111 spirituali
438 1058 658 1111 suffragi03
701 1059 796 1098 ideo
842 1073 930 1098 non
963 1058 1104 1098 minus
1137 1066 1310 1111 propter
1342 1066 1504 1096 mortu-

189 1142 312 1168 orum
344 1127 591 1181 suffragium
623 1142 751 1182 quam
782 1128 975 1168 vivorum
1010 1128 1246 1168 subsidium
1269 1128 1390 1167 debet
1419 1126 1505 1166 fieri

188 1198 363 1250 diligens
397 1198 619 1251 inquisicio
652 1198 694 1237 in
727 1198 802 1237 hac
832 1207 964 1251 parte3
996 1207 1096 1238 tunc
1121 1198 1231 1237 enim
1255 1197 1505 1236 haberemus

187 1267 405 1320 pauciores
449 1268 614 1319 milites,
660 1269 730 1307 sed
770 1268 1033 1320 potenciores
1078 1276 1220 1306 contra
1259 1266 1504 1320 dyabolum.

139 1343 175 1376 Y
246 1338 331 1377 Nec
363 1337 471 1376 valet
503 1336 774 1376 infundabilis
807 1336 926 1377 flccio
960 1350 1043 1390 qua
1065 1336 1215 1376 dicitur
1237 1336 1352 1389 quod
1375 1348 1503 1374 nemo
1519 1339 1600 1368 Vain
1629 1346 1680 1368 too
1700 1341 1726 1368 is
1746 1342 1796 1369 the

187 1406 320 1446 aufert
364 1406 590 1460 quicquam
642 1406 883 1459 simpliciter
927 1407 977 1446 ab
1023 1406 1104 1445 alio
1150 1405 1227 1444 nisi
1274 1404 1432 1443 auferat
1483 1417 1505 1442 a
1531 1375 1776 1449 fifftrffen-tffiggn

188 1476 376 1530 quolibet
409 1477 485 1515 sibi
518 1476 643 1515 simili
677 1476 718 1515 in
752 1485 910 1528 natura,
945 1477 1042 1530 quia
1073 1485 1172 1515 tunc
1205 1489 1333 1514 nemo
1363 1481 1505 1527 posset
1537 1453 1668 1516 alixszzyblii
1686 1446 1769 1514 'firlpem

188 1546 414 1599 quicquam
437 1546 594 1586 auferre
617 1547 667 1586 ab
689 1546 785 1597 alio,
816 1560 912 1585 cum
936 1559 1064 1585 omne
1087 1545 1275 1584 ablatum
1296 1544 1345 1583 ab
1370 1543 1504 1596 impio

187 1615 384 1655 tribuitur
427 1616 552 1656 iusto.
599 1617 664 1656 Sic
709 1616 821 1656 enim
868 1615 963 1655 iusti
997 1616 1184 1655 tulerunt
1216 1613 1347 1666 spolia
1380 1612 1504 1665 impi-

132 1702 173 1723 20
188 1699 311 1724 orum
344 1694 382 1725 et
416 1687 531 1725 omni
562 1686 732 1725 habenti
763 1685 948 1736 dabitur,
981 1685 1033 1724 ab
1066 1698 1113 1724 eo
1146 1689 1291 1723 autem
1314 1682 1389 1736 qui
1421 1695 1503 1721 non

187 1754 311 1794 habet
356 1761 396 1794 et
440 1755 554 1808 quod
598 1755 769 1794 videtur
812 1755 968 1794 habere
1012 1754 1264 1808 auferetur‚·
1296 1761 1334 1791 et
1367 1752 1422 1791 sic
1455 1753 1505 1790 de

187 1824 326 1864 modis
359 1824 562 1878 loquendi
586 1825 801 1877 scripture,
825 1833 1070 1864 sanctorum
1092 1824 1321 1862 doctorum
1343 1830 1383 1861 et
1404 1820 1504 1874 legis

187 1894 369 1934 ecclesie.
404 1895 514 1933 Nam
544 1894 759 1934 XXXVIIa
804 1893 978 1947 epistola
1010 1892 1235 1946 Augustini
1274 1892 1325 1931 ad
1366 1891 1501 1929 Mace-

186 1963 365 2002 donium
411 1963 560 2002 dicitur
604 1964 721 2017 quod
765 1977 846 2003 non
893 1963 1120 2002 dimittitur
1155 1968 1382 2015 peccatum
1425 1960 1506 1999 nisi

132 2038 171 2070 25
188 2033 441 2072 restituatur
471 2033 677 2084 ablatum,
701 2042 740 2072 et
767 2033 880 2072 idem
907 2032 1077 2085 ponitur
1109 2031 1151 2070 in
1176 2044 1351 2081 canone,
1373 2030 1502 2079 XIV³‚

187 2115 225 2154 q.
272 2102 338 2142 VI.
385 2103 431 2142 Si
473 2116 553 2142 res.
600 2103 680 2142 Ista
712 2102 787 2142 tria
819 2102 1084 2141 nesciverunt
1115 2100 1352 2153 sompniare
1385 2098 1502 2152 quod

186 2185 271 2211 non
305 2181 364 2212 est
396 2173 556 2212 ablacio
588 2172 667 2211 nisi
699 2172 818 2224 iusta,
853 2186 927 2212 nec
960 2171 1078 2225 quod
1111 2170 1311 2210 estiusta
1342 2167 1502 2207 ablacio

186 2241 264 2281 nisi
317 2241 438 2281 fuerit
489 2241 742 2281 auctorizata
793 2256 816 2280 a
867 2240 1067 2294 pontifice
1118 2241 1329 2279 Romano.
1393 2238 1503 2277 Nam

187 2323 360 2349 omnem
399 2311 663 2350 ablacionem
705 2311 770 2350 vel
810 2310 1083 2350 collacionem
1118 2309 1224 2348 sicut
1257 2317 1296 2347 et
1328 2320 1502 2346 omnem

239 2466 264 2494 7.
286 2460 313 2486 A
333 2459 354 2485 B
382 2459 411 2486 in
434 2467 548 2494 marg:
579 2459 689 2487 Tereia
722 2459 818 2487 ficcio.
965 2459 992 2487 8.
1019 2461 1051 2486 In
1084 2457 1194 2485 codd.:
1233 2456 1497 2492 quandocunque.

186 2505 223 2532 15.
245 2507 272 2532 A
292 2505 331 2532 B:
355 2506 473 2539 Quarta
494 2506 591 2533 ficcio.
630 2507 659 2533 A
679 2506 708 2533 in
730 2514 845 2541 marg:
868 2506 947 2533 Nota
967 2505 1092 2532 ficticias
1117 2512 1173 2540 pro
1189 2503 1409 2531 dominacione
1429 2501 1503 2529 cieri

186 2552 307 2585 (Above
328 2551 390 2579 182e
408 2552 536 2579 without
557 2552 645 2579 mark
659 2551 693 2579 of
706 2552 884 2585 reference).
993 2551 1035 2579 23.
1057 2551 1085 2578 A
1107 2551 1137 2578 in
1155 2557 1269 2584 marg:
1291 2547 1499 2583 Augustinus.

185 2597 208 2624 B
229 2597 258 2625 in
281 2606 394 2633 marg.:
417 2598 498 2625 Nota
520 2599 733 2634 Augustinum
768 2599 851 2633 quod
873 2606 934 2625 non
957 2597 1122 2624 dimittitur
1143 2600 1302 2631 peccatum
1337 2594 1395 2622 nisi
1416 2593 1500 2621 resti-

186 2649 291 2672 tuatur
323 2649 379 2672 etc.
524 2652 570 2678 29.
593 2646 621 2672 A
642 2644 672 2671 in
694 2652 809 2679 marg:
841 2644 907 2672 Stat
932 2652 999 2671 esse
1026 2643 1217 2670 ablacionem
1254 2641 1368 2668 iustam
1399 2644 1501 2674 preter

186 2691 245 2718 hoc
265 2691 347 2726 quod
370 2699 449 2726 papa
470 2691 569 2725 ipsam
592 2691 792 2725 approbaret.

247 2807 299 2840 26.
328 2809 417 2840 Vide
451 2810 548 2841 Decr.
585 2809 612 2841 11
640 2819 730 2851 parS,
770 2818 872 2839 causa
899 2808 989 2848 XIV,
1032 2818 1066 2850 q.
1096 2807 1154 2848 VI,
1194 2817 1267 2850 cap.
1296 2807 1319 2839 1.
1363 2807 1413 2837 De
1440 2805 1499 2836 ilia

188 2867 334 2909 epistola
361 2866 550 2910 Augustini
576 2867 656 2900 vide
683 2877 787 2910 supra
814 2877 894 2910 pag.
922 2866 999 2907 304.

1342 2924 1382 2957 25
