2051 3273
180 208 266 246 424
948 202 1172 235 JOHANNIS
1197 202 1392 235 WYCLlr.
1548 188 1651 246 [CAP.
1672 198 1783 227 xvm.

471 308 683 348 sensibiles
717 317 755 346 et
789 306 1034 359 gressibiles,
1068 307 1173 346 sicut
1205 315 1303 345 sunt
1335 306 1561 346 militantes
1601 305 1783 357 ecclesie,
1804 313 1932 359 187¹³G

469 388 570 418 tunc
609 385 821 429 oporteret
862 376 1134 415 concedendo
1167 376 1281 428 ipsos
1312 375 1449 414 vivere
1482 384 1786 428 consequenter

473 447 697 487 concedere
731 446 848 498 quod
880 454 978 484 sunt
1010 445 1197 496 animati,
1231 446 1303 483 sed
1324 444 1403 484 hoc
1427 444 1618 484 concedit
1640 445 1786 484 doctor

184 525 276 561 0.My
295 518 522 559 opponentde
567 516 749 555 ecclesia.
795 515 906 554 Dicit
950 514 1063 553 enim
1114 514 1156 552 in
1208 513 1482 566 responsione
1533 515 1585 553 ad
1632 527 1789 553 novam

184 560 456 622 ἒὲῗιῖἒῖιῖῑξιεῗεᾞῗ-
473 586 757 626 raciunculam
791 585 908 638 quod
940 584 1111 624 ecclesia
1135 593 1194 623 est
1217 584 1387 637 aliquid,
1418 584 1516 637 quia
1538 583 1787 634 substancia,
1805 591 1821 623 5

230 628 416 698 staggretssnd
474 670 572 696 cum
603 664 744 694 totum
777 655 827 693 sit
860 668 931 693 sue
964 663 1114 707 partes,
1139 662 1178 693 et
1200 653 1325 692 habet
1357 653 1466 692 dicta
1498 652 1670 692 ecclesia
1700 662 1789 692 tarn

473 734 611 778 partes
656 723 954 777 quantitativas
1000 737 1129 776 quam
1171 722 1448 776 qualitativas,
1496 736 1571 761 nec
1610 722 1790 776 fingetur

475 795 626 833 habere
677 802 813 846 partes
866 792 1140 846 qualitativas,
1194 792 1226 831 si
1278 805 1365 831 non
1418 792 1591 842 animas,
1637 801 1676 831 et
1718 804 1791 844 per

476 876 752 916 consequens,
786 862 893 901 sicut
937 861 1107 901 ecclesia
1146 870 1206 900 est
1244 861 1387 900 vivens
1420 861 1563 901 multis
1595 861 1702 912 vitis,
1735 860 1791 900 sic

477 943 537 973 est
569 933 752 972 animata
784 932 928 971 multis
961 931 1196 971 animabus,
1812 949 1850 970 10

189 1011 220 1038 ln
242 1009 378 1043 denyissg
398 1009 461 1036 that
534 1002 717 1043 Ulterius
778 1002 949 1054 quando
1003 1010 1177 1053 negatur
1229 1001 1459 1053 dyabolum
1521 1009 1646 1052 caput
1706 1010 1844 1042 esseH

222 1045 420 1106 ῗιῇεῗιάἀξᾚιὴξ
476 1072 768 1112 membrorum
819 1084 1008 1121 suorum,
1054 1083 1242 1122 expresse
1295 1069 1592 1108 contradicitur
1643 1069 1793 1108 sanctis

206 1113 436 1210 Ῡέῗῖἓζὺὲἑὲιέῃὲῗ
477 1140 731 1192 doctoribus,
762 1154 860 1180 cum
889 1141 1033 1179 beatus
1058 1139 1296 1192 Gregorius,
1321 1137 1487 1177 Omelia
1508 1138 1637 1190 XV1a‚
1670 1151 1794 1191 super

217 1191 279 1219 loy
350 1190 443 1209 cors.
476 1211 581 1250 illud
613 1210 787 1250 Matthei
811 1210 901 1261 IV0,
933 1219 969 1249 1:
1000 1210 1168 1248 Ductus
1202 1215 1263 1248 est
1292 1207 1417 1248 ,lesus
1449 1209 1490 1247 in
1524 1208 1735 1248 desertum
1768 1222 1793 1247 a

476 1281 642 1334 spiritu,
675 1280 732 1319 ita
765 1279 927 1319 scribit:
957 1279 1079 1318 Certe
1104 1279 1346 1331 iniquorum
1370 1278 1557 1317 omnium
1582 1278 1793 1330 dyabolus
1813 1288 1850 1320 15

478 1357 606 1404 caput
648 1356 721 1401 est,
767 1356 805 1388 et
848 1350 973 1388 huius
1005 1349 1153 1401 capitis
1189 1348 1378 1387 membra
1410 1355 1512 1387 sunt
1542 1361 1685 1387 omnes
1718 1347 1794 1386 im·-

478 1421 560 1474 quz'.
607 1422 671 1458 An
712 1432 793 1458 non
827 1418 1002 1471 dyaboli
1034 1417 1269 1457 membrum
1288 1417 1385 1470 fuit
1415 1417 1631 1469 Pylatus?
1682 1416 1798 1456 Sicut

480 1503 577 1543 ergo
611 1498 671 1528 est
703 1501 855 1541 corpus
887 1488 1147 1540 iniquorum,
1182 1486 1239 1526 sic
1262 1496 1322 1526 est
1345 1496 1470 1539 caput
1502 1500 1662 1536 eorum,
1692 1486 1798 1525 sicut

479 1558 601 1598 multi
654 1558 725 1611 qui
774 1565 994 1597 censentur
1046 1556 1202 1596 summi
1259 1555 1479 1609 pontifices
1524 1565 1620 1595 sunt
1664 1555 1799 1608 capita

481 1628 798 1683 particularium
819 1627 1112 1667 membrorum
1146 1626 1321 1678 diaboli3
1358 1626 1498 1666 nullus
1530 1635 1672 1665 autem
1703 1639 1796 1678 pre-
1815 1647 1856 1669 20

482 1699 607 1739 scitus
652 1707 711 1738 est
754 1706 881 1751 caput
932 1706 1072 1736 sancte
1125 1696 1269 1735 matris
1310 1696 1480 1736 ecclesie
1512 1709 1587 1735 nec
1625 1694 1798 1735 alicuius

481 1767 661 1808 membri
693 1767 794 1819 eius,
828 1768 899 1807 sed
932 1768 1038 1806 sicut
1069 1767 1216 1806 Petrus
1250 1765 1375 1818 gessit
1413 1774 1565 1819 typum
1603 1764 1798 1804 omnium

482 1837 861 1891 predestinatorum
913 1845 1132 1889 pastorum
1184 1835 1326 1888 ipsum
1377 1834 1649 1888 sequencium
1701 1842 1799 1886 post

206 1921 336 1949 Iscariot
355 1920 381 1947 is
402 1920 451 1947 the
484 1907 712 1958 Christum,
758 1906 814 1946 sic
858 1905 1050 1946 Scarioth
1071 1905 1096 1932 ἦέ
1118 1904 1244 1958 gessit
1274 1913 1426 1958 typum
1473 1904 1667 1943 omnium
1711 1903 1894 1958 epi-1870

198 1955 712 2030 kffbpxssnoiiifsffiefiffiscoporum
757 1976 1036 2029 prescitorum
1075 1975 1217 2028 ipsum
1255 1974 1529 2028 sequenciurn
1567 1983 1664 2027 post
1700 1974 1799 2028 dya-
1817 1985 1856 2019 25

195 2025 470 2095 ῑιῗέρῗὲἕῗεᾶῗιὲἶὲ.
485 2049 646 2100 bolum,
694 2061 781 2087 non
827 2048 945 2100 quod
988 2054 1083 2085 ante
1127 2046 1228 2085 istos
1275 2058 1362 2085 non
1410 2053 1525 2084 erant
1567 2043 1726 2097 priores
1758 2043 1800 2082 in

486 2127 628 2157 sancta
659 2126 790 2157 matre
824 2116 994 2156 ecclesia
1023 2129 1210 2169 quorum
1241 2114 1320 2167 ipsi
1353 2123 1469 2154 erant
1500 2113 1573 2153 filii
1605 2114 1691 2153 nati
1722 2127 1799 2166 pro

486 2187 687 2240 patribus,
732 2187 803 2226 sed
849 2186 965 2239 quod
1007 2185 1050 2224 in
1095 2194 1288 2237 tempore
1333 2183 1433 2223 novi
1465 2183 1702 2223 testamenti
1733 2182 1801 2222 isti

488 2265 604 2297 erant
637 2255 832 2309 capitales
865 2264 962 2308 post
994 2263 1120 2307 caput
1142 2254 1310 2293 ecclesie
1344 2262 1382 2294 et
1415 2253 1649 2306 principem
1676 2252 1800 2293 huius

537 2390 566 2415 4.
588 2383 617 2409 A
636 2381 666 2409 in
688 2388 808 2415 marg:
831 2380 949 2414 Quarta
970 2379 1142 2414 responsio.
1286 2385 1319 2404 11.
1340 2377 1370 2405 A
1390 2377 1420 2404 in
1442 2384 1560 2411 marg.:
1588 2376 1737 2404 Diabolus
1757 2382 1802 2405 est

487 2432 579 2464 caput
599 2428 741 2455 omnium
763 2434 893 2453 suorum
915 2426 1130 2453 membrorum
1151 2425 1208 2460 (132
1229 2424 1372 2452 omnium
1393 2423 1596 2459 iniquorum).
1712 2423 1750 2451 13.
1772 2424 1801 2451 A

487 2475 516 2502 in
538 2482 655 2507 marga
690 2473 872 2507 Gregorius.
1015 2479 1058 2499 22.
1092 2473 1120 2499 A
1141 2472 1170 2499 in
1193 2479 1310 2507 marg:
1339 2470 1426 2499 Sicut
1446 2470 1553 2498 Petrus
1575 2470 1671 2505 gessit
1690 2474 1799 2505 typum

487 2521 630 2548 omnium
664 2519 947 2554 predestinatorum
988 2522 1161 2553 pastorum,
1204 2518 1249 2546 sic
1277 2517 1370 2545 Judas
1416 2517 1558 2544 omnium
1593 2517 1798 2551 prescitorum

488 2571 650 2602 pastorum
683 2566 786 2600 ipsum
808 2566 837 2592 in
860 2565 992 2593 avaricia
1014 2564 1227 2600 sequencium.
1261 2563 1283 2591 B
1304 2564 1334 2591 in
1356 2572 1474 2598 marg.:
1509 2563 1615 2590 Petrus
1637 2563 1733 2598 gessit
1754 2567 1800 2599 ty-

488 2622 562 2649 pum
578 2618 739 2649 pastorum
756 2612 1039 2647 predestinatorum
1055 2616 1083 2639 et
1099 2611 1242 2639 Scarioth
1259 2615 1421 2646 pastorum
1437 2610 1628 2645 iniquorum.
1702 2609 1744 2637 25.
1760 2608 1799 2636 B:

488 2660 695 2695 prescitorum
718 2659 813 2687 deest.

545 2765 578 2796 4.
594 2755 768 2797 Compare
794 2765 826 2796 p.
859 2754 930 2794 115,
946 2754 966 2785 l.
999 2753 1047 2785 13.
1154 2752 1202 2785 13.
1224 2752 1284 2784 XL
1309 2751 1540 2783 Homiliarum
1555 2750 1588 2782 in
1610 2750 1800 2794 Evangelia

489 2812 545 2845 lib.
573 2813 595 2844 Ι.
625 2812 754 2844 Homil.
780 2812 867 2853 XVI,
899 2822 924 2843 1.
1067 2810 1158 2852 Opp.
1185 2816 1269 2842 tom.
1299 2810 1321 2851 Ι,
1347 2819 1424 2852 pag.
1457 2818 1548 2852 1492.
