2051 3273
198 211 287 240 CAP.
309 200 434 258 xx111.]
682 214 740 245 DE
767 213 1000 245 ECCLESIA.
1708 203 1757 255 57
1767 203 1783 239 5

39 331 73 364 Ρ
97 318 437 370 206bimagin'aria
457 331 538 356 non
572 319 822 368 colorabilis,
849 317 925 356 nisi
947 318 1059 356 Deus
1082 316 1319 368 specialiter
1334 316 1500 355 assistat
1516 323 1582 351 Our
1618 332 1703 352 cases
1735 332 1786 352 are

192 388 378 426 iuvando
423 387 536 425 iuxta
583 401 701 426 suam
748 387 986 440 potenciam
1033 387 1287 435 absolutam,
1335 394 1375 424 et
1421 359 1784 456 sibifan⁵cfiffiif⁰b1l³ssl³au

192 457 300 496 foret
338 456 457 496 facile
491 457 588 495 dare
621 457 861 510 potenciam
895 456 959 494 vel
992 455 1134 494 subito
1168 455 1231 493 vel
1265 454 1500 493 successive
1515 432 1788 498 poivgrsisszpssere

191 525 356 564 laxandi
406 534 577 577 peccata
629 526 694 564 vel
744 539 896 578 penam
946 524 1170 577 capacibus
1218 537 1296 576 pro
1348 523 1499 562 merito
1604 498 1706 534 fancy,

159 595 343 638 §maiori
393 595 457 634 vel
495 595 671 647 minori3
721 608 796 634 nec
838 604 898 634 est
937 595 1073 632 viator
1114 593 1272 632 cercior
1318 593 1367 631 de
1413 606 1500 632 uno

195 677 323 716 quam
358 664 534 717 reliquo,
575 674 621 704 ut
654 665 686 703 si
721 665 834 703 Deus
868 672 1027 703 statuat
1060 663 1176 715 quod
1211 675 1284 715 per
1316 662 1500 715 primam

192 743 355 786 partem
389 734 758 786 proporcionalem
794 733 879 772 dati
920 733 1057 772 meriti
1094 733 1333 771 remittatur
1366 732 1500 784 prima

99 811 177 845 206c
191 815 286 853 pars
306 803 639 855 proporcionalis
655 816 761 855 pene
781 803 877 841 date
892 801 915 825 ²¹⁶
931 803 995 841 vel
1019 802 1192 854 peccati,
1213 810 1252 840 et
1267 814 1341 853 per
1356 815 1500 840 secun-

193 872 287 910 dam
317 872 516 923 secunda,
551 882 590 912 et
624 872 679 910 sic
713 871 943 918 infinitum,
968 880 1069 911 tunc
1101 885 1210 924 papa
1244 870 1400 910 faciens
1433 870 1500 910 isti

137 951 176 972 10
194 940 471 980 conformiter
506 954 554 980 ex
589 942 768 980 sciencia
803 951 843 980 et
876 949 1085 994 potestate
1118 941 1196 979 sibi
1231 940 1325 979 data
1358 949 1501 992 posset

192 1004 748 1063 absolveresquemcunque
787 1019 1053 1063 peccatorem
1088 1024 1108 1048 a
1143 1023 1250 1062 pena
1290 1018 1330 1048 et
1364 1010 1498 1062 culpa,

193 1089 232 1118 et
265 1093 371 1132 eque
405 1081 682 1132 probabiliter
713 1089 857 1133 posset
891 1093 1024 1119 unum
1059 1078 1159 1131 fingi
1191 1088 1237 1118 ut
1272 1079 1499 1131 reliquum,

194 1162 288 1188 cum
323 1149 402 1188 toti
435 1149 502 1189 isti
537 1150 711 1188 materie
747 1149 889 1188 deficit
921 1149 1263 1188 fundamentum.

250 1218 368 1270 Item,
403 1218 569 1259 videtur
602 1219 717 1272 quod
751 1219 930 1272 quilibet
958 1217 1154 1257 sacerdos
1188 1226 1327 1270 potest
1362 1217 1497 1256 facere
1545 1226 1645 1260 Every
1665 1226 1761 1261 priest

137 1289 173 1321 15
191 1288 494 1339 indulgencias,
522 1302 618 1327 nam
643 1288 820 1341 quilibet
844 1288 1037 1327 sacerdos
1068 1288 1194 1326 habet
1216 1300 1358 1340 parem
1381 1296 1497 1339 pote·
1541 1261 1763 1330 {gfflffcliaiii-

191 1366 342 1397 statem
374 1358 533 1397 ordinis
558 1371 654 1397 cum
679 1358 868 1410 quolibet
893 1366 931 1396 et
955 1357 1046 1410 ipso
1071 1357 1273 1397 existente
1296 1357 1337 1395 in
1361 1357 1499 1408 gracia
1573 1330 1735 1365 dulgence.

190 1427 318 1466 habet
340 1435 594 1479 potestatem
618 1441 745 1480 super
768 1429 1016 1466 thesaurum
1041 1427 1225 1467 ecclesie.
1261 1427 1372 1478 Ergo
1404 1439 1500 1465 cum

191 1496 310 1535 aliter
347 1498 507 1549 populo
541 1498 670 1549 digno
711 1506 863 1550 preest,
908 1497 1075 1535 videtur
1108 1496 1223 1548 quod
1258 1496 1346 1548 ipse
1380 1505 1419 1534 et
1453 1508 1500 1533 ex

191 1574 309 1617 parte
354 1567 417 1605 sui
466 1575 506 1605 et
544 1580 592 1605 ex
635 1567 840 1618 dignitate
879 1574 1017 1618 potest
1052 1566 1108 1604 eis
1142 1565 1329 1618 aliquam
1362 1564 1499 1603 indul-

135 1645 176 1667 20
192 1635 382 1687 genciam
414 1636 633 1688 impertiri.
691 1637 798 1675 Nam
840 1634 1120 1688 quadraginta
1162 1635 1248 1673 dies
1288 1647 1396 1687 quos
1430 1634 1501 1673 dat

193 1705 416 1758 episcopus
442 1719 526 1745 non
550 1706 734 1745 limitant
769 1706 992 1744 minimum
1016 1705 1194 1758 gradum
1219 1703 1499 1755 indulgencie,

193 1788 323 1828 quare
369 1789 469 1827 ergo
503 1789 585 1814 non
633 1784 778 1829 posset
822 1775 995 1814 inferior
1035 1782 1205 1813 curatus
1245 1773 1345 1812 dare
1390 1786 1500 1812 unus

193 1844 342 1896 viginti
375 1845 461 1883 dies
507 1853 546 1884 et
580 1845 684 1884 alius
721 1845 866 1884 decem
890 1845 955 1883 vel
987 1844 1101 1882 varie
1125 1843 1358 1882 secundum
1384 1842 1499 1894 quod

195 1908 308 1952 Deus
342 1911 601 1953 decreverit?

151 2002 176 2026 a
251 1982 540 2023 Confirmatur
563 1984 702 2036 primo
727 1996 774 2022 ex
797 1983 876 2023 hoc
900 1983 1015 2035 quod
1040 1990 1136 2021 ante
1163 1981 1499 2034 publicacionem
1538 1988 1701 2024 Formerly
1720 1989 1772 2016 the

192 2052 317 2090 huius
351 2053 526 2092 materie
561 2054 802 2092 babuerunt
837 2052 1106 2091 ecclesiastici
1153 2058 1407 2103 potestatem
1455 2023 1623 2088 utcllgffie
1640 2023 1700 2086 iiiii,
1716 2029 1791 2085 Hgio

191 2122 335 2172 modo,
361 2123 431 2161 sed
459 2132 559 2162 tunc
583 2137 667 2162 non
692 2123 770 2162 fuit
793 2123 920 2175 racio,
946 2134 1076 2175 quare
1110 2134 1218 2173 papa
1252 2129 1393 2172 potest
1426 2132 1502 2172 pro
1516 2101 1633 2120 cesswe
1672 2101 1790 2127 power.

192 2189 404 2230 infinitum
431 2205 585 2244 magno
613 2202 803 2244 tempore
831 2192 1069 2242 indulgere;
1093 2190 1337 2242 quicunque
1361 2197 1503 2227 autem

193 2260 415 2313 episcopus
460 2275 537 2313 pro
582 2275 693 2300 anno
740 2261 802 2300 vel
839 2260 1122 2313 quadraginta
1156 2259 1305 2297 diebus
1339 2266 1379 2297 et
1417 2271 1502 2297 non

135 2340 177 2373 30
193 2328 332 2380 aliter3
368 2343 467 2382 ergo
500 2344 575 2369 nec
609 2331 738 2369 modo
772 2330 916 2369 subest
941 2329 1052 2368 racio
1077 2329 1217 2381 quoad
1242 2328 1395 2379 Deum,
1427 2340 1502 2366 nec

192 2406 332 2449 potest
364 2398 532 2438 fundari
565 2400 675 2438 racio
709 2399 834 2438 huius
859 2398 1105 2437 variacionis
1130 2410 1204 2436 nec
1228 2407 1289 2436 est
1322 2397 1503 2436 vicarius

194 2468 305 2506 Petri
338 2469 457 2507 istius
480 2469 702 2521 potestatis
732 2477 778 2507 ut
807 2468 1058 2519 generaliter
1090 2468 1143 2506 sit
1168 2467 1319 2518 dignus
1344 2466 1501 2505 dicere:

293 2536 359 2575 Sic
390 2539 496 2585 volo,
531 2538 589 2576 sic
620 2538 762 2587 iubeo‚·
793 2537 843 2576 sit
868 2550 953 2589 pro
985 2537 1156 2576 racione
1189 2536 1399 2575 voluntas.

248 2679 287 2698 10.
310 2670 348 2698 B:
370 2676 507 2707 possent.
663 2669 705 2699 33.
728 2671 749 2698 B
771 2671 801 2698 in
822 2678 941 2705 marg-2
962 2670 1090 2698 Versus.
1244 2669 1287 2698 33.
1308 2670 1413 2698 Recte:
1435 2670 1502 2698 Hoc

193 2717 274 2754 volo,
296 2718 340 2745 sic
359 2718 460 2745 iubeo.

254 2823 306 2865 34.
333 2822 487 2856 Iuvenal.
516 2826 586 2856 Sat.
615 2824 671 2865 VI,
699 2824 776 2857 223.
