2051 3343
172 209 246 249 106
877 215 1101 247 JOHANNIS
1126 215 1322 248 WYCLIF.
1617 200 1723 258 [CAP.
1734 211 1771 240 v.

454 323 634 364 cuilibet.
668 322 801 361 Aliter
833 320 946 360 enim
979 333 1066 360 non
1098 319 1288 359 iuvarent
1320 333 1361 359 se
1393 320 1445 359 ad
1477 319 1774 372 integrandum
1792 328 1869 372 143⁸

454 402 634 433 matrem
686 391 902 431 ecclesiam
954 390 1007 430 ad
1057 389 1297 443 profectum
1352 389 1586 430 cuiuslibet.
1651 389 1774 428 Tunc

455 477 585 517 arguo
620 462 695 502 sic:
729 462 791 501 Eo
824 461 916 515 ipso
949 474 1038 514 quo
1062 468 1249 500 creatura
1282 461 1446 514 agendo
1469 460 1641 513 prodest
1659 450 1774 499 alteri

455 533 778 587 quodammodo
813 540 873 571 est
906 544 1004 571 cum
1037 544 1097 583 ea,
1135 530 1207 569 sed
1238 529 1423 584 quelibet
1465 542 1561 582 pars
1605 528 1774 569 ecclesie

455 603 618 656 agendo
651 602 824 655 prodest
857 600 1045 653 cuilibet,
1091 614 1189 653 ergo
1223 599 1407 654 quelibet
1451 598 1809 653 quodammodo5

456 682 517 712 est
550 686 648 712 cum
682 671 881 725 qualibet.
916 673 1203 723 Assumptum
1246 669 1412 709 videtur
1456 683 1503 709 ex
1535 669 1616 708 hoc
1660 668 1777 722 quod

455 755 583 782 omne
616 741 672 781 sic
706 741 904 794 prodesse
937 748 998 779 est
1029 739 1262 791 meliorare,
1308 748 1347 778 et
1392 752 1466 792 per
1497 752 1774 792 consequens,

166 818 503 890 assfitsshirffefs‘irieceisex
536 810 819 865 acquisicione
852 809 1064 864 qualitatis
1099 823 1180 863 que
1208 818 1268 849 est
1300 808 1465 849 bonitas
1501 816 1562 848 est
1605 808 1776 848 alterare

166 890 441 952 affglgitneqscglgffier
455 891 494 921 et
526 881 582 921 sic
615 894 799 932 movere,
832 881 904 920 sed
927 881 1162 920 secundum
1184 878 1492 932 philosophum
1513 878 1622 919 V110.
1641 877 1775 918 Phisi-

226 960 375 1030 ffiggtthgg
455 962 625 992 corum:
658 951 709 990 In
745 951 862 990 omni
893 956 1008 989 motu
1042 962 1216 990 movens
1248 957 1285 989 et
1318 954 1477 988 motum
1501 954 1603 988 sunt
1632 948 1774 988 simul.
1796 964 1836 986 10

456 1021 522 1061 Sic
556 1021 669 1060 enim
691 1021 932 1060 concedunt
963 1020 1081 1073 quod
1104 1020 1167 1059 sol
1190 1019 1427 1059 secundum
1450 1017 1637 1071 speciem
1656 1030 1778 1056 suam

456 1105 538 1144 que
570 1092 716 1131 lumen
749 1090 899 1130 dicitur
933 1100 992 1129 est
1025 1089 1150 1129 simul
1175 1102 1273 1129 cum
1291 1088 1478 1142 qualibet
1510 1095 1626 1140 parte
1665 1085 1778 1126 orbis

458 1160 756 1201 subluminaris
803 1173 934 1213 quam
973 1160 1130 1211 alterat,
1176 1158 1370 1198 sensibile
1403 1166 1465 1197 est
1506 1158 1559 1197 ad
1603 1169 1779 1195 omnem

460 1240 668 1284 punctum
700 1230 827 1270 medii
871 1229 942 1269 ubi
974 1229 1059 1282 agit
1097 1228 1282 1282 speciem
1313 1241 1449 1279 suam,
1494 1236 1533 1267 et
1576 1240 1639 1266 res
1683 1236 1780 1280 post

458 1302 522 1341 sui
555 1300 879 1354 corrupcionem
913 1299 1032 1339 estin
1065 1313 1142 1339 suo
1165 1298 1313 1338 effectu
1336 1298 1468 1337 modo
1485 1310 1571 1351 quo
1592 1296 1781 1350 loquitur
1798 1300 1836 1335 15

457 1372 661 1425 scriptura
692 1369 930 1411 Ecclesiast.
963 1369 1037 1409 ΙΙΙΟ
1076 1379 1142 1421 14:
1175 1368 1325 1408 Didici
1346 1367 1459 1420 quod
1480 1367 1624 1406 omnia
1647 1379 1779 1419 opera

457 1455 538 1495 que
559 1441 676 1495 fecit
705 1441 905 1480 dominus
930 1445 1211 1493 perseverent
1242 1450 1376 1490 usque
1409 1438 1453 1477 in
1477 1442 1683 1476 eternum.
1718 1437 1780 1476 Ex

165 1518 364 1558 Evetythissg
379 1518 442 1545 that
457 1512 544 1551 istis
579 1510 767 1565 sequitur
798 1510 916 1563 quod
949 1509 1056 1549 sicut
1087 1508 1274 1562 quelibet
1320 1521 1384 1546 res
1431 1516 1491 1546 est
1536 1505 1780 1559 simpliciter

185 1562 218 1615 ἐξ
238 1553 418 1626 ῘῙΕΙΕΙῘΘῙἏΠῗῑΙέ
457 1590 597 1621 eterna
656 1581 892 1620 secundum
956 1592 1044 1619 esse
1108 1592 1236 1619 suum
1285 1577 1573 1630 intelligibile,
1619 1576 1676 1615 sic
1719 1584 1780 1616 est

168 1628 441 1694 caiftssatciffidzissyfn
458 1660 661 1704 perpetua
694 1650 855 1690 nedum
887 1649 929 1688 in
963 1663 1037 1689 sua
1070 1648 1206 1702 specie
1240 1657 1279 1688 et
1310 1647 1526 1701 principiis
1548 1645 1778 1700 quiditatis,
1795 1659 1838 1682 20

458 1722 531 1760 sed
562 1721 605 1759 in
639 1720 724 1760 suis
771 1719 905 1760 causis
949 1718 1177 1758 individuis
1223 1727 1263 1758 et
1307 1718 1350 1756 in
1398 1731 1473 1757 sua
1517 1715 1778 1767 causacione,

460 1805 558 1831 cum
591 1804 757 1844 semper
789 1790 840 1829 sit
872 1788 1065 1829 causacio
1099 1787 1320 1828 cuiuslibet
1342 1787 1412 1827 rei.
1434 1788 1488 1828 Et
1504 1785 1781 1827 conformiter

459 1870 520 1901 est
552 1860 722 1914 ubique,
755 1859 852 1899 licet
882 1872 970 1897 non
1003 1858 1238 1898 secundum
1261 1857 1530 1898 existenciam
1551 1855 1779 1907 individui;

460 1940 499 1971 et
530 1931 644 1971 idem
674 1929 841 1968 videtur
856 1927 1090 1981 sapientem
1105 1928 1381 1968 Salomonem
1396 1915 1547 1966 sentire
1568 1926 1678 1965 Eccl.
1707 1925 1780 1964 ΙΙΙ0

461 1999 552 2056 (ubi
576 1997 734 2054 supra):
757 1998 884 2047 Quod
903 1998 1076 2052 factum
1101 2004 1175 2050 est,
1199 1997 1349 2052 inquit,
1372 1998 1511 2049 ipsum
1529 2001 1780 2050 permanet,
1798 1997 1838 2030 25

459 2085 538 2125 que
558 2071 725 2126 futura
757 2075 855 2109 sunt
887 2070 973 2109 iam
993 2069 1203 2123 fuerunt,
1228 2075 1268 2108 et
1290 2069 1408 2108 Deus
1430 2069 1648 2107 instaurat
1668 2066 1783 2119 quod

460 2142 578 2181 abiit.
614 2142 720 2180 Ecce
753 2139 977 2194 quomodo
1010 2139 1148 2192 primo
1184 2138 1397 2191 proponit,
1431 2137 1655 2190 quomodo
1679 2149 1780 2190 que-

460 2211 560 2251 libet
593 2219 779 2251 creatura
812 2218 1031 2263 permanet
1075 2217 1282 2261 perpetuo
1328 2216 1368 2247 et
1410 2207 1561 2260 probat
1605 2206 1687 2245 hoc
1732 2205 1782 2245 de

461 2281 584 2321 nobis
617 2280 781 2332 futuris,
815 2293 864 2319 eo
896 2279 1013 2332 quod
1044 2278 1134 2331 ipsa
1164 2277 1249 2317 iam
1288 2276 1471 2328 fuerunt,
1503 2284 1592 2315 tam
1622 2275 1665 2314 in
1698 2274 1783 2314 suis

464 2351 597 2392 causis
631 2364 761 2405 quam
795 2349 837 2389 in
871 2349 954 2389 suis
989 2347 1215 2389 effectibus,
1248 2346 1403 2386 Probat
1434 2345 1515 2386 hoc
1547 2346 1700 2386 iterum
1732 2345 1783 2385 de
1798 2344 1842 2377 30

461 2421 679 2477 preteritiS,
728 2434 777 2460 eo
824 2420 940 2474 quod
973 2416 1087 2458 Deus
1130 2418 1332 2458 instaurat
1375 2417 1417 2456 in
1462 2416 1600 2457 fructu
1645 2415 1783 2469 operis

515 2524 543 2552 8.
563 2526 592 2552 A
614 2526 668 2559 Al:
690 2523 848 2551 bonitatis.
923 2530 951 2557 9.
972 2523 1002 2550 A
1022 2523 1054 2549 in
1075 2529 1189 2556 marg.:
1211 2521 1407 2549 Aristoteles.
1491 2519 1526 2547 15.
1548 2520 1594 2546 A:
1616 2526 1782 2553 corrump-

464 2571 598 2599 cionem.
742 2570 779 2598 15.
799 2571 829 2597 A
849 2572 900 2604 Al:
921 2568 1032 2596 effectu
1053 2569 1150 2596 deest.
1294 2568 1336 2594 [ὁ.
1357 2568 1386 2594 Α
1406 2566 1436 2594 in
1457 2574 1574 2600 marg.:
1599 2564 1782 2593 Conclusio.

465 2618 609 2653 Quelibet
634 2625 684 2644 res
715 2621 761 2644 est
791 2620 939 2652 perpetua
964 2615 994 2642 in
1015 2614 1079 2642 suis
1100 2614 1202 2642 causis
1223 2614 1252 2642 in
1275 2613 1387 2641 divinis
1409 2618 1437 2640 et
1456 2613 1487 2640 in
1509 2619 1563 2639 sua
1584 2611 1782 2639 causacione.

606 2663 646 2691 16.
669 2663 752 2690 Eccl.
773 2662 825 2700 III,
848 2671 897 2697 14:
921 2662 1003 2689 Deus
1024 2665 1225 2697 perseverent
1243 2661 1274 2688 in
1296 2664 1493 2696 perpetuum.

523 2746 553 2779 9.
570 2734 764 2767 Aristotelis
791 2733 963 2777 Physicae
990 2733 1173 2765 auscultat.
1198 2733 1270 2773 VII,
1291 2744 1317 2764 1.
1344 2733 1407 2764 Ed.
1434 2731 1570 2763 Bekker
1590 2731 1614 2772 Ι,
1638 2727 1782 2772 243sz

466 2792 501 2825 δὲ
532 2796 666 2837 πρῶτον
699 2795 825 2834 κινοῦν,
859 2791 906 2837 μὴ
935 2790 982 2832 ὥς
1012 2790 1050 2824 τὸ
1085 2784 1123 2823 οὖ
1166 2790 1291 2832 ἕνεκεν,
1336 2788 1411 2822 ἀλλ’
1430 2788 1513 2822 ὅθεν
1551 2787 1574 2834 ἡ
1603 2787 1693 2833 ἀρχὴ
1721 2790 1784 2832 τῆς

466 2849 646 2896 κινήσεως,
673 2849 761 2884 ἐστὶν
790 2849 862 2896 ἅμα
888 2852 934 2896 τῷ
962 2847 1162 2894 κινουμένῳ.
1309 2848 1361 2880 25.
1388 2859 1419 2880 v.
1452 2848 1500 2881 15.

1888 329 1925 362 N
