2051 3343
222 222 272 261 30

256 1107 359 1135 There
380 1115 460 1134 were

220 1144 369 1171 churclies
392 1142 496 1169 before

221 1180 270 1205 tlte
303 1177 496 1205 lncarnation

221 1215 283 1240 that
296 1213 353 1239 had
364 1220 402 1239 no
414 1220 495 1247 pope

240 1254 268 1275 at
289 1248 365 1276 their
385 1247 479 1280 liead3

245 1525 397 1553 therefore
419 1525 468 1552 the

247 1561 381 1597 Cliurcli,
409 1561 471 1586 that

221 1597 364 1623 contains
404 1596 496 1631 them,

256 1632 282 1658 is
304 1631 401 1657 under
422 1639 461 1657 uo

318 1673 409 1701 pope.

923 227 1145 260 JOHANNIS
1172 226 1370 259 WYCLIF.
1669 208 1774 267 [CAP.
1787 219 1823 247 11.

509 335 624 383 Item,
670 347 767 372 cum
811 332 939 371 sancti
986 345 1092 384 pape
1137 340 1233 383 post
1277 338 1458 369 mortem
1504 341 1589 367 non
1641 327 1863 379 perduntd
1889 337 1923 369 D

508 402 755 455 dignitatem
803 400 988 453 capitalis
1038 399 1250 453 regiminis
1303 412 1375 438 sue
1428 397 1611 447 ecclesie,
1661 382 1920 435 videtur¹3²a

509 473 624 525 quod
658 480 831 511 manent
865 470 1000 523 capita
1032 469 1200 509 ecclesie
1234 482 1305 509 sue
1339 469 1381 507 in
1414 467 1563 521 patria3
1607 466 1676 505 illa
1712 465 1825 504 enim

509 542 686 595 dignitas
720 540 826 580 foret
857 540 937 578 illis
969 539 1166 578 laureola.
1214 540 1322 577 Nam
1355 538 1461 577 sicut
1492 536 1660 575 nullum
1693 548 1825 574 mem-

510 612 633 650 brum
666 609 835 649 ecclesie
868 617 1005 661 potest
1037 608 1225 646 desinere
1257 621 1345 646 esse
1378 606 1620 646 membrum
1643 603 1861 654 ecclesie,5

509 680 565 719 sic
588 680 751 718 videtur
774 678 891 731 quod
913 677 1080 717 nullum
1103 685 1229 729 caput
1254 676 1541 728 cuiuscunque
1563 673 1825 727 particularis

509 749 677 788 ecclesie
710 757 849 801 potest
881 747 1067 787 desinere
1115 760 1202 786 esse
1243 754 1368 799 caput
1412 745 1600 785 eiusdem
1645 742 1827 793 ecclesie,

510 827 548 857 et
593 831 665 870 per
710 830 987 870 consequens,
1033 824 1131 855 sunt
1174 815 1288 854 mille
1331 814 1599 868 particulares
1643 811 1825 863 ecclesie,

512 901 690 941 quarum
732 886 867 939 capita
899 895 996 925 sunt
1029 886 1265 924 multorum
1298 897 1504 937 paparum
1550 882 1696 935 capita.
1730 883 1829 922 Non

511 971 609 1009 ergo
655 966 714 996 est
750 970 896 995 verum
931 956 1045 1009 quod
1078 954 1200 994 unica
1233 963 1292 994 est
1323 963 1455 993 mater
1500 952 1669 993 ecclesia
1711 952 1829 992 cuius
1849 969 1887 991 10

510 1035 677 1079 oportet
709 1039 1007 1079 quemcunque
1029 1026 1276 1064 Romanum
1298 1022 1543 1076 pontificem
1575 1036 1662 1061 esse
1691 1029 1828 1074 caput.

570 1097 686 1147 Item,
726 1105 917 1148 tempore
962 1104 1056 1134 ante
1103 1094 1440 1134 incarnacionem
1485 1092 1654 1131 fuerunt
1697 1092 1866 1131 multee
1892 1098 1924 1131 E

513 1165 780 1219 particulares
814 1165 982 1204 ecclesie
1016 1178 1194 1217 quarum
1234 1163 1417 1217 quelibet
1462 1162 1545 1201 iarn
1590 1170 1652 1201 est
1684 1161 1829 1200 eadem

512 1235 693 1286 ecclesia,
735 1236 806 1274 sed
843 1234 1106 1287 triumphans
1146 1248 1226 1287 que
1259 1234 1474 1286 quondam
1523 1231 1600 1270 fuit
1632 1231 1828 1281 militans,

512 1315 550 1345 et
580 1305 746 1345 illarum
777 1305 917 1343 nullus
952 1305 1169 1343 Romanus
1203 1302 1391 1355 pontifex
1423 1302 1500 1341 fuit
1539 1309 1664 1354 caput
1695 1309 1830 1353 preter
1850 1306 1885 1338 15

513 1375 746 1425 Christum3
780 1388 855 1413 nec
889 1373 1067 1413 dubium
1096 1373 1194 1426 quin
1228 1372 1297 1412 ille
1320 1371 1489 1411 ecclesie
1513 1370 1828 1424 distinguuntur

512 1445 562 1483 ab
594 1444 816 1484 universali
850 1444 1020 1483 ecclesia
1052 1452 1091 1483 et
1123 1444 1173 1481 ab
1206 1442 1293 1481 aliis
1338 1440 1654 1494 particularibus
1700 1440 1827 1480 eccle-

514 1515 601 1554 siis:
636 1528 734 1568 ergo
768 1514 899 1553 multe
932 1522 1029 1552 sunt
1051 1512 1318 1565 particulares
1341 1510 1522 1562 ecclesie,
1556 1519 1595 1549 et
1627 1524 1699 1563 per
1731 1523 1828 1549 con-

514 1598 704 1638 sequenS,
738 1597 820 1623 una
853 1582 1095 1622 universalis
1129 1581 1299 1621 ecclesia
1337 1595 1384 1620 ex
1417 1580 1472 1620 eis
1506 1580 1697 1631 collecta3
1749 1592 1830 1632 que

513 1655 588 1693 sub
620 1653 910 1693 iurisdiccione
944 1652 1099 1692 nullius
1121 1651 1229 1691 Petri
1261 1650 1401 1690 vicarii
1434 1659 1653 1704 tamquam
1685 1647 1829 1701 capitis
1848 1666 1889 1688 20

514 1733 610 1763 sunt
642 1723 837 1763 subiecte.
883 1723 981 1762 Non
1021 1722 1133 1761 enim
1165 1729 1278 1774 patet
1322 1720 1473 1770 evasio,
1522 1719 1737 1773 loquendo
1782 1717 1832 1756 de

514 1793 802 1846 predestinatis
846 1791 1037 1831 fidelibus
1089 1789 1158 1847 (de
1191 1804 1375 1844 quorum
1418 1803 1596 1829 numero
1641 1802 1727 1827 non
1772 1797 1832 1829 est

515 1861 741 1916 Christus),
774 1862 876 1916 quin
900 1861 1069 1901 ecclesie
1091 1861 1159 1900 ille
1191 1860 1387 1899 differunt
1418 1860 1468 1899 ab
1501 1858 1694 1909 invicem,
1727 1857 1832 1897 sicut

514 1933 806 1972 multitudines
860 1932 1026 1971 illarum
1079 1944 1356 1984 personarum
1408 1929 1726 1981 distinguuntur
1779 1927 1829 1965 ab

515 2003 708 2053 invicem,
753 2010 793 2042 et
823 2002 855 2040 si
889 2001 1059 2041 ecclesia
1102 2000 1200 2040 dicit
1246 2008 1465 2053 aggregata
1509 2011 1581 2051 per
1626 1997 1889 2047 accidens,25

515 2081 615 2111 tunc
674 2072 743 2110 illa
799 2080 1021 2124 aggregata
1079 2070 1394 2123 distinguuntur
1450 2076 1538 2107 tam
1595 2066 1832 2106 secundum

516 2142 700 2181 subiecta
746 2155 876 2195 quam
929 2141 1162 2180 secundum
1208 2139 1363 2178 formas
1418 2145 1658 2191 aggregatas
1709 2136 1834 2188 longe

515 2212 609 2264 plus
643 2225 771 2264 quam
802 2211 948 2249 Petrus
980 2210 1098 2249 albus
1140 2218 1179 2248 et
1210 2210 1353 2248 Petrus
1393 2207 1590 2247 musicus
1637 2206 1677 2246 Si
1723 2205 1835 2245 enim

516 2281 628 2320 Deus
673 2289 872 2320 servasset
914 2288 1049 2319 totam
1094 2278 1310 2319 ecclesiam
1353 2277 1602 2317 militantem
1645 2284 1835 2328 tempore

515 2350 714 2389 viacionis
749 2349 903 2389 Christi
936 2362 1069 2402 usque
1101 2348 1226 2387 hodie
1259 2355 1576 2387 conversantem
1606 2345 1648 2384 in
1681 2344 1832 2397 Anglia
1850 2351 1891 2384 30

518 2429 556 2459 et
600 2429 773 2459 creasset
807 2433 937 2458 novas
983 2418 1187 2468 ecclesias,
1236 2417 1342 2456 sicut
1399 2417 1449 2455 de
1496 2415 1605 2455 facto
1651 2415 1745 2454 fecit
1788 2414 1831 2453 in

519 2490 690 2528 Francia
732 2498 770 2528 et
814 2488 923 2539 alibi,
968 2497 1067 2527 tunc
1119 2486 1486 2539 distinguerentur.
1540 2486 1680 2534 Quare
1732 2497 1830 2536 ergo

518 2560 648 2598 modo
689 2572 776 2598 non
820 2554 1159 2611 distinguuntur?
1208 2557 1416 2596 Notemus
1466 2569 1563 2608 ergo
1617 2553 1831 2594 ecclesiam

520 2642 647 2681 quam
679 2629 771 2667 talis
804 2628 942 2680 primo
976 2636 1014 2667 et
1046 2641 1118 2680 per
1149 2641 1191 2666 se
1224 2626 1340 2678 regit,
1376 2634 1414 2664 et
1446 2624 1680 2664 invenietur
1718 2623 1830 2677 quod

579 2811 606 2836 ⁴5.
629 2812 672 2837 A:
694 2811 771 2837 sicut
791 2811 921 2838 videtur.
1051 2819 1090 2837 10.
1111 2809 1150 2836 13:
1173 2814 1218 2836 est
1238 2817 1345 2836 unum.
1491 2815 1523 2834 11.
1547 2808 1593 2834 A:
1615 2813 1830 2841 quencumque.

521 2864 564 2883 ρο.
582 2857 613 2882 In
636 2857 726 2884 codd.
744 2857 960 2884 iurediccione.
1071 2856 1112 2883 25³.
1136 2857 1174 2883 ss:
1197 2856 1431 2884 distinccionem
1458 2855 1493 2880 ab
1517 2854 1659 2881 invicem.
