2051 3273
203 251 291 280 CAP.
312 238 425 298 xxm]
699 253 760 286 DE
785 253 1020 286 ECCLESIA.
1719 242 1799 294 527

53 360 344 405 Gr200⁶debite
389 359 607 399 oraciones
653 367 751 398 sunt
798 359 964 399 realiter
1009 358 1246 410 graciarum
1292 358 1790 435 acciones331121c111kasrgivrizzggy

202 429 358 482 quibus
418 427 669 467 confitentes
724 428 1038 468 inmensitatem
1098 441 1171 466 sue
1229 427 1512 467 misericordis
1776 421 1782 427 ’

203 498 500 538 benevolencie
554 497 754 538 dicimus:
808 497 907 537 Fiat
952 498 1151 537 voluntas
1194 503 1267 536 tua
1313 496 1511 551 undique.

199 564 294 606 Nec
324 567 446 606 aliud
484 567 578 606 licet
610 567 728 606 nobis
759 573 908 620 petere
941 567 1021 607 nisi
1050 567 1089 606 si
1120 573 1160 606 et
1196 573 1405 620 quatenus
1444 567 1516 606 tibi

168 637 419 690 §placuerizfi
461 637 514 677 Et
547 637 621 676 hec
654 637 782 686 racio,
824 650 954 690 quare
989 638 1097 676 bona
1132 636 1216 676 vita
1250 645 1312 675 est
1351 636 1513 688 optima

200 707 366 760 oracio;
400 707 516 746 Deus
541 707 653 746 enim
686 720 773 746 non
805 716 948 760 potest
972 706 1203 759 expergisci
1228 708 1291 744 vel
1314 706 1513 760 precibus

200 777 354 816 nostris
400 776 525 828 flecti,
573 776 669 815 ideo
715 776 999 816 necessarium
1045 785 1106 816 est
1139 789 1257 815 orare
1291 789 1368 828 pro
1408 775 1512 814 vivis

200 854 240 885 et
272 847 465 899 mortuis,
512 855 559 885 ut
603 859 652 886 ex
696 846 870 886 caritate
903 858 1142 885 mereamur
1175 846 1297 885 nobis
1338 845 1438 898 ipsis
1473 854 1513 884 et

200 915 498 967 dignificemur
551 916 868 955 communicare
920 916 1122 956 meritum
1161 924 1358 955 nostrum
1408 915 1512 957 aliis.

144 1005 184 1027 10
201 985 315 1024 Deus
351 994 494 1025 autem
529 986 748 1025 distribuit
781 986 1018 1025 secundum
1052 985 1330 1038 capacitatem
1364 998 1512 1024 eorum
1528 985 1799 1056 Gg'ffrdsififfriss'gss‘?

200 1064 240 1094 et
284 1068 369 1096 non
413 1056 649 1095 secundum
696 1055 1000 1095 limitacionem
1046 1064 1250 1106 nostram,
1285 1068 1381 1094 cum
1414 1068 1512 1107 sepe
1545 1065 1577 1084 as
1598 1057 1634 1084 ¹10
1655 1064 1722 1083 sees
1741 1057 1782 1084 fit·

199 1134 347 1165 oratur
378 1139 455 1179 pro
488 1126 670 1166 mortuis
693 1140 780 1166 non
804 1139 853 1165 ex
875 1126 956 1165 hoc
981 1125 1228 1177 suffragium
1254 1125 1509 1178 participan-

198 1195 311 1235 tibus
350 1197 422 1235 sed
461 1196 638 1249 punitis,
681 1204 727 1235 ut
766 1204 883 1248 patet
916 1195 967 1234 de
1000 1194 1144 1234 multis
1179 1194 1406 1247 prepositis
1447 1207 1510 1232 ec-

99 1264 322 1305 200‘1clesie
373 1266 510 1318 legem
551 1266 822 1305 sacerdotum
877 1265 1134 1315 vetantibus,
1193 1264 1512 1304 sicutssinnuit

144 1343 180 1376 15
198 1334 427 1387 decretum,
448 1335 578 1386 XXIa,
612 1348 651 1388 q.
687 1335 775 1386 111³,
797 1335 1051 1387 ,Ciprianug
1076 1335 1147 1374 ubi
1181 1335 1239 1373 sic
1272 1334 1444 1373 dicitur:
1469 1333 1513 1373 Si

195 1405 273 1443 hoc
291 1404 473 1458 fecisset
503 1405 612 1458 quis,
646 1417 729 1444 non
762 1411 912 1444 oretur
935 1417 1020 1457 pro
1054 1417 1114 1455 eo,
1144 1417 1221 1443 nec
1251 1403 1510 1456 sacrficium

187 1487 274 1527 pro
320 1474 579 1515 dormicione
624 1475 714 1514 eius
759 1474 1008 1514 celebretur.
1062 1475 1210 1527 Neque
1258 1474 1367 1513 enim
1416 1480 1513 1513 ante

194 1545 334 1584 altare
372 1545 456 1584 Dei
493 1551 714 1585 merentur
752 1544 969 1584 nominari
1006 1544 1048 1583 in
1080 1542 1348 1584 sacerdotum
1380 1556 1512 1596 prece

195 1616 268 1668 qui
298 1615 350 1654 ab
384 1615 515 1655 altari
544 1614 787 1655 sacerdotes
809 1620 848 1654 et
870 1614 1089 1654 ministros
1118 1614 1266 1653 volunt
1287 1613 1510 1653 advocare.

138 1684 282 1723 20Nec
327 1685 438 1724 valet
482 1686 621 1737 glossa
669 1685 831 1723 dicens:
866 1684 944 1723 hoc
982 1695 1072 1723 esse
1120 1682 1277 1722 dictum
1326 1689 1510 1722 tuntum-

195 1753 318 1794 modo
362 1753 420 1794 ad
461 1760 689 1804 terrorem,
736 1753 835 1807 quia
881 1753 938 1792 sic
985 1753 1198 1793 diceretur
1242 1753 1293 1792 ad
1339 1766 1511 1792 omnem

193 1824 330 1875 legem
363 1837 445 1877 que
478 1824 520 1863 in
553 1837 707 1876 penam
740 1823 943 1863 sonuerit.
984 1823 1084 1862 Ideo
1115 1832 1289 1863 caveant
1323 1822 1511 1875 episcopi

194 1902 235 1932 et
268 1893 431 1933 domini
470 1894 543 1947 qui
583 1895 648 1934 vel
687 1894 918 1933 omissione
958 1892 1243 1946 correpcionis
1290 1893 1352 1931 vel
1394 1905 1510 1931 com-

193 1963 396 2003 missione
449 1963 789 2003 continuacionis
842 1963 1019 2002 trahunt
1073 1962 1312 2002 sacerdotes
1360 1976 1382 2000 a
1427 1962 1513 2001 vita

137 2040 177 2073 25
194 2032 373 2072 clericali
396 2033 448 2071 ad
473 2034 677 2086 seculum,
703 2047 800 2073 curn
825 2033 1075 2072 decedentes
1100 2032 1189 2071 sine
1217 2031 1509 2071 satisfaccione

193 2115 279 2140 non
343 2102 498 2143 debent
549 2104 717 2155 redimi,
783 2103 954 2143 eciamsi
1011 2102 1240 2142 habuerint
1302 2101 1511 2154 quotlibet

194 2172 414 2225 cantarias,
458 2173 622 2213 dicente
656 2175 825 2214 decreto
859 2173 1077 2227 Jeronymi
1114 2172 1225 2224 XHa,
1269 2185 1308 2224 q.
1343 2170 1413 2222 Ila,
1459 2170 1510 2209 In

186 2242 383 2293 presenti
425 2243 593 2282 seculo:
627 2244 749 2294 Cum,
788 2243 940 2296 inquit,
982 2249 1081 2282 ante
1121 2240 1318 2281 tribunal
1363 2240 1514 2280 Christi

193 2313 450 2365 venerimus,
475 2326 551 2353 nec
578 2312 655 2353 Job
690 2320 765 2353 nec
788 2313 951 2353 Daniel
981 2326 1058 2352 nec
1081 2312 1172 2351 Noe
1196 2324 1358 2365 rogare
1383 2323 1512 2363 posse

136 2392 271 2433 30pr0
303 2395 516 2435 quoquam
546 2383 621 2423 sed
644 2396 989 2436 unumquemque
1012 2388 1176 2435 oportet
1198 2387 1381 2433 portare
1404 2393 1514 2420 onus

192 2464 331 2491 Suum.

245 2584 282 2603 11.
302 2576 342 2603 B:
364 2584 436 2604 nam
457 2581 607 2605 nostram.
735 2577 776 2605 16.
798 2577 832 2604 In
856 2577 1018 2604 decretali:
1041 2584 1101 2603 non
1124 2575 1279 2603 offeretur.
1407 2584 1448 2611 19.
1472 2575 1510 2601 ss:

192 2623 300 2651 volunt
319 2631 460 2651 avocare.
596 2623 651 2651 26.
673 2624 701 2651 A
721 2626 779 2658 Al:
808 2623 864 2650 etsi
891 2622 1065 2650 habuerint.
1103 2622 1133 2650 A
1160 2622 1188 2649 in
1214 2631 1331 2657 marg.:
1360 2622 1511 2656 Arguitur

193 2669 276 2705 quod
305 2670 457 2697 orandum
488 2674 533 2697 est
563 2678 621 2705 pro
652 2669 828 2705 dampnatis
861 2674 888 2697 et
922 2669 1110 2697 dissolvitur.
1254 2677 1299 2703 29.
1331 2668 1352 2695 Β
1402 2676 1512 2703 rogare

193 2720 308 2750 posset.

257 2809 306 2843 15.
340 2812 422 2843 Dec.
463 2821 532 2845 sec.
572 2821 662 2854 pars,
690 2821 794 2843 causa
830 2811 920 2851 XXI⁷
959 2811 1073 2853 q.111‚
1111 2821 1139 2842 c.
1178 2811 1233 2843 IV.
1381 2821 1431 2853 ²7-
1465 2809 1509 2841 ib.

193 2879 295 2900 causa
321 2868 410 2909 XIII,
438 2879 471 2912 q.
501 2870 539 2910 II,
566 2880 639 2912 cap.
667 2870 743 2902 XX.
