2051 3273
221 199 310 228 CAP.
336 189 463 247 XXIII]
712 204 772 235 DE
798 204 1032 236 ECCLESIA.
1739 193 1819 248 577

68 316 372 360 Q206⁰petere,
429 308 822 361 quomodocunque
877 308 1151 347 fundabiliter
1210 309 1417 348 terminus
1476 309 1530 347 sit

215 377 464 429 descriptuS,
512 377 627 429 quod
661 377 753 416 laici
794 386 971 429 possunt
1010 378 1066 416 eis
1112 379 1294 417 relaxare
1339 377 1529 417 debitum

215 445 492 496 spiritualiter
525 447 575 484 ad
603 447 827 485 utilitatem
852 447 1037 497 ecclesie,
1071 447 1237 485 racione
1277 447 1397 486 cuius
1429 448 1529 486 rela-

121 515 583 554 206dxacionis÷÷Deus
632 516 818 567 graciose
862 516 1094 566 coassistet,
1138 516 1393 555 dimittendo
1433 529 1527 569 pec-

182 591 356 623 5catum
392 594 432 623 et
466 598 571 636 pene
607 585 812 637 debitum,
847 585 961 638 quod
997 585 1204 637 contingit
1227 585 1364 624 Deum
1392 584 1528 624 facere
1598 590 1667 618 G0d
1696 599 1744 619 ma

215 653 265 691 ad
306 653 554 692 instanciam
596 653 701 706 layci
748 653 960 693 efficacius
1007 668 1134 707 quam
1176 654 1227 693 ad
1275 625 1817 693 instanciamaffailiissninreiitanecre

216 721 335 760 istius
379 722 529 774 prelati
574 723 645 774 qui
689 722 933 775 blaspheme
981 732 1052 762 aut
1091 724 1290 774 sacrilege
1331 694 1815 791 vendicatth222f¹{yws{¹5ffied

215 800 287 829 aut
321 791 465 830 vendit
499 792 562 830 vel
595 793 745 830 saltem
780 793 993 844 pretendit
1031 807 1072 831 se
1116 793 1249 831 facere
1288 793 1404 846 quod
1438 794 1524 831 Deo
1621 772 1673 798 pre
1689 769 1746 792 ate.

215 873 297 898 non
334 868 474 912 potest
515 870 768 913 competere.
822 863 929 900 Nam
975 862 1091 901 danti
1124 863 1324 914 pecunias
1365 863 1428 901 vel
1468 863 1524 902 eis

159 946 197 968 10
215 929 458 981 equivalens
480 930 604 969 datur
629 931 896 982 indulgencia
922 941 1301 985 quantumcunque
1324 933 1414 971 laxa
1439 933 1525 971 sive

215 1012 291 1051 pro
315 999 420 1038 vivis
444 999 529 1038 sive
547 1013 623 1051 pro
640 1000 820 1039 mortuis
839 1010 1221 1054 quantumcunque
1240 1002 1525 1053 incapacibus,

216 1069 287 1107 sed
313 1081 445 1120 egeno
462 1069 520 1107 vel
545 1069 721 1121 pauperi
746 1070 983 1121 evangelice
1011 1084 1093 1109 non
1119 1070 1219 1109 dant
1236 1071 1524 1122 indulgencias

213 1151 290 1189 pro
330 1151 457 1189 opere
498 1138 703 1189 virtuoso,
747 1152 844 1177 cum
884 1147 1024 1179 tamen
1065 1139 1252 1192 quelibet
1295 1139 1426 1179 virtus
1462 1142 1526 1180 vel

213 1208 410 1246 meritum
447 1208 500 1246 sit
542 1207 755 1246 infinitum
803 1209 1062 1260 prestancius
1103 1222 1230 1261 quam
1273 1217 1388 1248 totus
1436 1209 1521 1249 the-

158 1284 195 1316 15
212 1290 360 1315 saurus
403 1276 527 1315 huius
569 1277 716 1316 mundi
760 1286 799 1316 et
839 1278 931 1330 plus
966 1277 1181 1329 dignificat
1220 1278 1437 1317 hominem
1471 1280 1523 1318 ad

210 1346 456 1386 habendum
491 1347 782 1398 indulgencias
808 1348 948 1400 quoad
976 1348 1127 1398 Deum,
1163 1349 1260 1401 quia
1285 1349 1352 1388 illa
1385 1362 1460 1401 per
1482 1362 1524 1388 se

211 1425 251 1454 et
284 1417 360 1454 alia
395 1416 532 1455 solum
567 1429 640 1467 per
674 1417 881 1456 accidenS.

171 1491 195 1523 b
271 1485 387 1536 Item,
430 1486 596 1524 videtur
636 1487 751 1539 quod
792 1488 855 1525 Vel
890 1487 1026 1525 forma
1060 1486 1428 1539 indulgenciarum
1463 1497 1523 1526 est

212 1554 312 1593 falsa
353 1556 416 1594 vel
455 1555 692 1606 indulgenti
733 1556 951 1607 ambigua,
1003 1569 1099 1594 narn
1149 1556 1415 1608 indulgencie
1462 1556 1521 1595 in-

154 1623 451 1664 20differenter
496 1625 790 1663 conceduntur
836 1625 938 1663 vivis
989 1634 1028 1664 et
1068 1626 1262 1676 mortuis,
1312 1626 1385 1664 sed
1424 1639 1522 1678 sepe

211 1693 416 1745 contingit
440 1694 553 1746 quod
579 1707 662 1732 non
682 1694 846 1733 valeant
863 1694 939 1733 illis
960 1694 1024 1732 vel
1049 1708 1130 1733 non
1148 1704 1315 1734 tantum
1340 1696 1520 1746 valeant,

210 1776 258 1801 eo
298 1763 412 1814 quod
459 1771 557 1802 sunt
598 1763 802 1802 inhabiles
843 1764 984 1815 quoad
1022 1764 1172 1802 Deum.
1237 1765 1349 1816 Ergo
1386 1765 1520 1804 forma

209 1832 577 1883 indulgenciarum
620 1846 717 1884 sepe
750 1833 938 1885 implicat
972 1832 1146 1884 falsum3
1189 1841 1228 1872 et
1260 1833 1371 1872 idem
1406 1843 1522 1886 patet

209 1902 260 1939 de
295 1902 550 1953 impetrante
582 1901 873 1953 indulgencias
907 1902 1036 1941 eciam
1071 1902 1163 1954 plus
1198 1916 1325 1955 quam
1350 1912 1520 1943 centum

153 1975 190 2006 25
220 1972 345 2011 millia
385 1984 609 2022 annorum,
657 1985 784 2024 quarn
823 1972 1097 2024 largicionem
1132 1971 1196 2011 vel
1229 1982 1398 2025 oportet
1431 1987 1518 2012 esse

207 2041 353 2079 falsam
380 2041 442 2079 vel
467 2041 578 2080 diem
602 2041 744 2080 iudicii
770 2042 874 2081 adeo
899 2043 1118 2094 prorogari
1144 2043 1207 2081 vel
1230 2043 1518 2095 indulgencias

207 2111 341 2149 valere
366 2110 406 2148 in
431 2109 595 2148 inferno
619 2120 716 2162 post
740 2111 849 2149 diem
876 2111 1032 2150 iudicii.
1060 2111 1140 2149 Sed
1166 2111 1247 2150 due
1264 2113 1518 2164 posteriores

208 2188 346 2231 partes
380 2187 479 2218 sunt
512 2180 807 2232 inopinabiles,
843 2180 937 2219 ideo
962 2181 1215 2232 relinquitur
1238 2182 1373 2234 prima
1407 2195 1517 2234 pars,

208 2249 399 2288 videlicet
429 2249 543 2301 quod
574 2249 711 2288 forma
746 2250 1111 2302 indulgenciarum
1146 2263 1243 2302 sepe
1272 2251 1325 2290 sit
1358 2251 1517 2290 inutilis

150 2322 190 2353 30
207 2327 246 2356 et
280 2317 392 2358 falsa.

153 2392 192 2425 R.
263 2387 349 2425 Nec
390 2388 499 2426 valet
539 2388 676 2426 dicere
716 2389 831 2441 quod
878 2389 1229 2442 subintelligende
1273 2398 1372 2429 sunt
1417 2403 1515 2428 con·
1560 2400 1587 2427 lf
1611 2401 1775 2429 remissiori

206 2455 392 2495 diciones
445 2457 687 2508 capacitatis
740 2471 1016 2510 personarum
1063 2459 1207 2512 quoad
1256 2460 1392 2498 Deum
1438 2472 1515 2511 pro
1566 2435 1770 2505 ἷῗέῗῗὴῗιεὲεῗ

267 2525 273 2531 .
394 2525 401 2531 .
809 2527 816 2533 .
1149 2528 1155 2534 .
1209 2528 1215 2534 .
1532 2504 1610 2532 bulls
1631 2513 1683 2532 are
1698 2513 1804 2541 super-

205 2527 359 2577 quibus
392 2526 607 2565 indultum
638 2536 712 2578 est,
746 2540 844 2580 quia
870 2527 994 2566 talem
1020 2541 1347 2580 promissmnem
1372 2538 1515 2581 posset
1612 2537 1724 2567 fluous.

205 2595 381 2646 quilibet
414 2595 464 2633 de
495 2595 618 2643 vulgo
641 2609 787 2634 secure
824 2596 958 2635 facere
988 2598 1240 2650 cuicunque,
1273 2606 1318 2637 ut
1352 2607 1513 2637 certum

150 2670 265 2702 35est
315 2665 429 2715 quod
471 2665 609 2703 omnis
649 2666 902 2716 dampnatus
943 2667 1113 2706 babebit
1162 2668 1328 2720 plenam
1369 2669 1513 2707 remis-

262 2809 295 2837 15.
322 2794 358 2836 Ii:
382 2813 449 2844 plus
472 2811 632 2845 significat.
719 2810 757 2838 18.
781 2819 821 2843 10.
844 2812 886 2839 A:
910 2812 1006 2839 foruna
1032 2814 1107 2840 falsa
1130 2815 1185 2841 vel.

1355 2863 1395 2906 37
