2051 3273
219 262 306 291 CAP.
321 252 448 310 xvm]
719 266 778 297 DE
804 264 1038 297 nchEsiA.

61 381 93 414 Ο
121 379 196 412 188c
210 384 282 410 eas
306 376 442 409 mutat
462 370 504 409 in
526 370 712 423 virgines
736 370 856 408 iuxta
879 368 1000 417 illud,
1023 368 1135 421 quod
1156 367 1350 407 adultere
1372 367 1526 406 dicitur

203 454 286 493 per
323 439 571 479 Jeremz‘am:
619 439 713 478 Non
761 445 805 478 ut
851 438 1067 478 dominum
1114 451 1179 476 me
1216 437 1421 476 invocasti
1451 443 1527 475 aut

204 516 375 561 patrem
408 515 484 548 aut
507 509 745 561 principem
779 508 1035 561 virginitatis
1069 514 1150 546 tue.
1192 506 1310 545 Unde
1341 513 1379 545 et
1416 505 1525 558 Apo-

210 579 344 618 stolus
358 578 808 631 postfornicacionem
833 577 1121 629 etydolorzcm
1146 577 1305 616 cultum
1323 575 1526 615 credenti-

179 648 288 687 5bzis
331 647 555 686 Corinthiis
597 647 805 700 loquitur:
847 646 1066 698 Despondi
1097 659 1168 685 vos
1216 646 1410 685 univiro
1443 645 1525 684 vir-

211 718 353 770 ginem
401 723 562 756 castam
609 715 805 755 exhibere
865 716 1047 755 Christo.
1102 716 1155 754 Et
1206 724 1301 768 post
1358 714 1529 767 exponit

212 787 450 826 Jeronimus
490 799 616 839 quare
641 786 753 824 Deus
787 785 1166 837 desponsacionem
1201 784 1371 824 ecclesie
1401 784 1529 836 tripli-

182 856 312 895 lciter
340 856 528 909 repeciit:
565 856 719 902 Primo,
757 855 906 908 inquit,
939 854 1158 907 despondit
1189 868 1281 893 eam
1315 855 1356 892 in
1393 854 1527 892 Abra-

213 927 311 965 Imm
344 926 431 965 sive
471 926 511 964 in
545 925 713 978 Egipto,
749 931 794 963 ut
826 937 1002 963 uxorem
1032 924 1183 963 haheat
1213 924 1527 976 sempiternam.

174 1002 199 1034 2
215 995 403 1034 Secundo
427 997 468 1034 in
493 1001 631 1033 monte
656 994 822 1046 Syneis,
864 993 972 1033 dans
1005 994 1041 1032 ei
1063 994 1104 1032 in
1127 994 1397 1046 sponsalibus
1422 994 1528 1046 legis

173 1065 435 1105 3iztsticiam.
486 1063 541 1102 Et
583 1064 710 1102 tercio
750 1063 938 1102 veniente
970 1063 1052 1102 Dei
1074 1064 1174 1116 filio
1219 1063 1387 1102 domino
1426 1064 1529 1102 Jesu

218 1135 385 1174 Christo
402 1133 499 1187 fuit
525 1133 777 1186 desponsata
801 1134 842 1171 in
862 1133 955 1186 fide
980 1132 1188 1186 perfecta,
1221 1132 1320 1172 dum
1356 1132 1531 1172 videndo

199 1204 345 1257 filium
379 1203 479 1242 vidit
509 1209 548 1242 et
572 1209 757 1255 patrem,
789 1202 997 1241 Johannis
1029 1202 1171 1253 XIVO,
1206 1216 1263 1251 10,
1298 1215 1351 1243 ΙΙ.

165 1277 199 1310 Ρ
274 1273 346 1318 Sic⁴
373 1287 469 1326 ergo
502 1272 631 1311 sancti
665 1273 856 1312 doctores
890 1273 1164 1311 concedentes
1189 1272 1266 1311 ista
1288 1271 1529 1324 simpliciter

164 1348 303 1381 15non
347 1352 444 1382 sunt
488 1342 577 1381 ausi
621 1355 799 1381 asserere
843 1343 959 1395 quod
1006 1350 1153 1380 auctor
1196 1341 1397 1393 scripture
1431 1341 1528 1380 dicit

216 1411 293 1451 ista
324 1411 551 1464 improprie
585 1420 624 1450 et
657 1411 768 1452 false.
803 1411 881 1451 Sed
913 1410 1076 1450 videtur
1097 1410 1198 1449 mihi
1232 1411 1349 1463 quod
1383 1412 1529 1451 doctor

215 1480 404 1534 loquitur
433 1481 663 1534 improprie
685 1482 877 1521 vocando
902 1480 1118 1521 ecclesiam
1140 1480 1326 1519 vetulam
1348 1480 1411 1519 vel
1434 1489 1530 1533 post

217 1550 304 1589 eius
343 1550 635 1603 incepcionem
688 1550 865 1589 dicendo
916 1550 1054 1603 ipsam
1102 1550 1379 1590 iuvenescere.
1431 1551 1529 1588 Non

217 1619 329 1659 enim
360 1620 535 1660 memini
558 1635 625 1659 me
646 1620 796 1674 legisse
829 1620 904 1659 ista
937 1621 987 1659 de
1019 1629 1159 1659 sancta
1191 1629 1322 1659 matre
1346 1619 1528 1665 ecclesia,

161 1704 201 1725 20
217 1691 288 1728 sed
349 1703 563 1743 synagoga
623 1690 808 1741 sathane,
871 1690 1042 1729 ecclesia
1102 1689 1433 1744 malignancium
1492 1697 1531 1727 et

217 1759 409 1798 meretrix
442 1760 560 1800 cuius
593 1760 796 1813 dyabolus
828 1769 888 1799 est
920 1768 1057 1813 caput,
1091 1773 1219 1813 quan]
1254 1760 1401 1798 doctor
1434 1758 1531 1797 dicit

217 1837 377 1880 partem
400 1838 539 1868 sancte
567 1830 710 1869 matris
739 1829 921 1881 ecclesie,
946 1838 1085 1882 potest
1116 1829 1420 1868 racionabiliter
1452 1827 1531 1866 dici

219 1898 357 1937 vetula
388 1899 644 1951 turpissima.

276 1968 401 2007 Ponit
433 1968 545 2007 enim
577 1970 723 2008 doctor
746 1971 861 2022 quod
883 1969 1086 2022 prescitus
1120 1968 1251 2007 eciam
1285 1968 1388 2006 dum
1411 1967 1533 2006 fuerit

162 2043 200 2074 25
218 2037 257 2076 in
292 2038 471 2089 mortali,
506 2038 536 2077 si
570 2038 761 2078 habuerit
793 2038 917 2078 fidem
959 2038 1156 2087 infusam,
1199 2046 1259 2077 est
1291 2037 1532 2076 membrum

219 2116 357 2147 sancte
397 2108 539 2147 matris
572 2108 754 2160 ecclesie,
787 2117 827 2147 et
858 2107 1027 2147 indubie
1062 2117 1160 2148 tunc
1194 2117 1254 2147 est
1290 2107 1531 2146 membrum

218 2177 390 2216 sathane
423 2186 462 2217 et
494 2178 701 2231 dyabolus
741 2187 866 2231 caput
899 2178 987 2217 eius
1021 2178 1083 2229 (ut
1116 2177 1214 2216 dicit
1246 2177 1390 2216 beatus
1427 2176 1528 2215 Gre-

221 2246 395 2301 gorius).
448 2247 610 2287 Dicitur
648 2256 789 2287 autem
823 2256 964 2287 sancta
996 2256 1128 2286 mater
1161 2246 1330 2286 ecclesia
1363 2246 1531 2299 proprie

220 2329 430 2355 senescere
464 2326 502 2356 ct
534 2316 680 2357 florere
712 2317 949 2368 virtutibus,
984 2331 1080 2356 cum
1113 2316 1280 2355 Psalmo
1303 2316 1434 2367 XC10‚
1470 2330 1530 2366 11,

164 2391 205 2423 30
220 2385 275 2424 sic
307 2386 495 2439 loquitur
526 2387 751 2439 propheta:
806 2388 1005 2426 Senectus
1040 2399 1132 2425 mea
1165 2386 1205 2424 in
1240 2385 1530 2425 misericordia

221 2455 362 2505 uberi,·
392 2469 490 2494 nam
538 2456 578 2494 in
624 2457 747 2495 tercia
786 2456 1117 2509 desponsacione
1162 2456 1331 2508 quando
1376 2468 1532 2507 sponsa

221 2524 375 2564 Christi
409 2534 470 2564 est
502 2525 653 2564 mulier
675 2525 847 2578 antiqua
880 2534 918 2564 et
941 2533 1160 2578 tamquam
1193 2537 1316 2563 senex
1338 2537 1531 2577 persecu-

222 2593 411 2633 cionibus
427 2595 717 2634 membrorum
741 2594 895 2633 diaboli
918 2595 1125 2646 tribulata,
1149 2594 1273 2634 habet
1295 2593 1533 2633 uberiorem

273 2749 293 2768 1.
309 2741 458 2768 adulteris
472 2741 502 2769 in
518 2741 625 2769 codd.:
642 2740 760 2769 correxi
776 2750 790 2768 e
806 2745 891 2768 textu
907 2741 1034 2769 Hieron.
1178 2748 1202 2767 2.
1220 2740 1262 2767 Bz
1277 2748 1339 2768 non
1355 2740 1530 2768 dominum.

222 2795 256 2814 11.
277 2788 316 2814 B:
338 2787 397 2815 Sed
417 2788 524 2815 tercio.
666 2795 714 2821 24.
734 2789 762 2814 A
783 2789 813 2815 in
835 2795 952 2822 marg:
982 2788 1108 2823 Opinio.
1252 2787 1294 2815 25.
1315 2787 1345 2815 A
1363 2787 1394 2814 in
1415 2795 1530 2821 marg.:

222 2833 392 2868 Quomodo
412 2835 541 2862 ecclesia
562 2838 607 2861 est
626 2835 739 2870 vetula,
754 2834 845 2861 vidua
860 2838 888 2861 et
902 2835 1001 2868 virgo„
1136 2840 1180 2869 27.
1201 2833 1241 2860 13:
1263 2837 1296 2861 ut
1316 2833 1390 2861 dum
1413 2833 1530 2861 beatus.

222 2879 260 2908 31.
282 2880 310 2907 A
329 2881 385 2914 A1:
406 2881 554 2908 uberiori.

1376 2928 1417 2961 28

1568 1273 1619 1310 My
1639 1279 1798 1309 opponent

1543 1317 1614 1335 uses
1635 1314 1730 1336 tei-ms
1757 1310 1819 1336 that

1545 1352 1593 1370 arc
1607 1348 1659 1370 not
1671 1349 1819 1372 warrant-

1544 1379 1580 1405 ed
1597 1378 1635 1414 by
1649 1378 1817 1413 Scripture.
