2051 3273
230 265 319 295 CAP.
341 253 426 311 vn]
727 268 787 299 DE
814 268 1048 299 EchEsm.
1754 259 1827 297 155

78 382 113 415 N
136 384 213 416 150n
229 384 268 415 et
308 387 379 427 per
417 385 680 425 consequens
733 371 839 411 foret
877 373 984 411 clero
1023 385 1225 423 magnum
1277 372 1544 425 privilegium

229 445 346 498 quod
378 441 584 482 adiutorio
615 441 888 480 dominorum
920 441 1221 493 temporalium
1253 440 1359 481 foret
1392 456 1543 482 exone-

228 522 343 553 ratus
380 513 430 551 ab
468 511 554 550 istis
588 510 826 550 cerimoniis
857 510 1103 550 humanitus
1136 511 1399 563 introductis,
1445 526 1542 565 pro-

230 582 430 636 pinquius
463 581 678 633 sequendo
732 579 949 620 Christum
980 594 1082 633 pure
1115 581 1350 620 secundum
1381 582 1543 635 regulas

199 652 436 705 §primevas
482 664 504 688 a
550 650 717 689 Christo
763 650 945 690 traditas.
991 651 1037 690 In
1080 650 1161 690 hoc
1195 651 1308 690 enim
1341 652 1545 691 habemus

190 732 357 774 bsupra
388 721 530 774 laycos
563 720 828 773 privilegium
862 720 1083 772 singulare.
1138 721 1343 761 Mirantur
1373 721 1545 774 insuper
1559 726 1626 755 The
1648 729 1729 755 rules
1751 733 1834 755 asto

231 790 433 830 seculares
480 790 700 843 quomodo
733 803 819 829 non
863 790 957 829 licet
989 790 1046 830 eis
1092 791 1404 831 communicare
1448 805 1546 830 cum
1569 764 1833 825 ergztriffiffiiicigi-

233 859 598 900 excommunicato
643 874 666 899 a
712 860 924 899 sacerdote
970 874 1046 912 pro
1085 869 1237 913 questu
1271 874 1347 900 suo
1379 861 1446 900 vel
1477 875 1543 900 ex·
1560 833 1596 860 ed
1625 840 1755 894 peffaoAEs
1784 840 1834 859 m

233 929 428 969 cellencia
463 928 650 980 seculari,
685 937 725 968 et
756 930 836 969 hoc
860 930 936 969 sub
959 943 1067 982 pena
1090 929 1546 970 excommunicacionis

179 1021 218 1043 10
233 999 417 1050 maioris,
462 999 558 1039 licet
604 1008 745 1039 autem
788 1000 1102 1039 communicare
1146 1014 1244 1040 cum
1282 1000 1446 1053 gravius
1479 1014 1546 1040 ex-

235 1069 556 1109 communicatis
600 1083 623 1108 a
667 1070 755 1108 Deo
805 1069 893 1109 sine
935 1069 1161 1109 inferencia
1198 1078 1312 1109 tante
1350 1083 1469 1123 pene,
1502 1078 1549 1109 ut

234 1147 348 1191 patet
391 1139 441 1177 de
486 1138 740 1191 simoniacis,
789 1140 838 1178 de
883 1140 1096 1179 sacerdote
1133 1139 1356 1179 fornicario
1390 1149 1428 1179 et
1461 1139 1548 1179 eius

236 1208 404 1250 amasia.
449 1208 608 1248 Ymmo
646 1209 742 1248 licet
775 1209 1002 1249 cardinales
1034 1218 1254 1263 tamquam
1284 1209 1453 1249 heretici
1484 1209 1550 1248 vel

237 1278 459 1318 scismatici
492 1278 573 1318 sint
602 1278 721 1317 divisi
753 1293 776 1318 a
809 1279 955 1332 capite,
978 1288 1119 1318 tamen
1143 1278 1321 1318 dicimus
1345 1279 1549 1318 seculares

182 1347 753 1399 15excommunicatissimos,
788 1348 820 1387 si
853 1349 903 1387 ab
937 1348 994 1387 eis
1027 1348 1272 1388 subtrahant
1299 1348 1549 1388 elemosinas

236 1431 329 1457 suas
380 1431 462 1471 que
513 1426 609 1457 sunt
659 1418 769 1457 bona
824 1431 1074 1471 pauperum,
1132 1418 1226 1458 licet
1276 1418 1549 1458 iniustissime

233 1486 352 1539 peius
395 1487 652 1540 predonibus
697 1497 906 1541 occupent
938 1488 1084 1529 aliena.
1140 1488 1256 1527 Licet
1299 1496 1442 1528 autem
1487 1487 1551 1541 (ut

234 1556 431 1610 inquiunt
474 1557 517 1596 in
549 1556 949 1613 Westmonasterio)
995 1558 1308 1598 communicare
1347 1572 1445 1597 cum
1483 1572 1550 1598 ex-

236 1627 502 1666 comunicato
555 1628 696 1680 quoad
727 1628 865 1667 Deum
897 1627 1062 1667 racione
1100 1628 1252 1668 iniuste
1292 1628 1552 1667 detencionis

179 1718 219 1740 20
236 1696 362 1736 debiti
394 1698 459 1736 vel
490 1697 642 1736 iniuste
674 1697 895 1737 occisionis
924 1697 1117 1750 proximi,
1151 1698 1282 1737 eciam
1305 1697 1551 1737 sustinendo

237 1780 336 1805 eum
366 1766 409 1805 in
441 1780 516 1806 sua
546 1766 723 1818 malicia,
758 1768 828 1806 sed
860 1767 974 1807 laicis
1003 1781 1089 1807 non
1121 1767 1216 1807 licet
1239 1767 1552 1807 communicare

237 1849 335 1875 cum
357 1836 499 1876 minus
523 1836 898 1877 excommunicatis
931 1837 981 1875 ab
1014 1837 1071 1876 eis
1104 1851 1181 1890 pro
1214 1836 1336 1876 bonis
1368 1836 1550 1876 ecclesie.

237 1905 358 1945 Talia
401 1913 543 1945 autem
586 1907 720 1946 multa
769 1907 1040 1946 deliramenta
1084 1906 1304 1959 finguntur
1353 1919 1427 1960 per
1471 1919 1553 1959 que

235 1975 341 2028 layci
380 1975 637 2016 mendaciter
667 1976 923 2028 illuduntur3
956 1976 1051 2016 licet
1084 1977 1197 2016 enim
1229 1976 1425 2016 falsitates
1457 1975 1551 2015 ficte

180 2057 217 2089 25
236 2046 492 2098 quandoque
530 2054 709 2098 prosunt
739 2059 812 2098 per
856 2045 1060 2097 accidens,
1093 2046 1283 2086 subditos
1315 2060 1338 2085 a
1370 2045 1553 2084 facinore

235 2115 495 2167 deterrendo,
553 2115 659 2155 absit
710 2124 850 2154 tamen
905 2115 1178 2155 christianum
1230 2124 1373 2155 contra
1424 2114 1553 2155 fidem

235 2185 437 2237 scripture
469 2185 529 2225 uti
561 2185 649 2224 istis
682 2185 850 2225 fallaciis
883 2199 959 2238 pro
991 2185 1071 2225 hoc
1102 2184 1200 2226 fine.

155 2265 220 2299 01
293 2255 457 2294 Notum
500 2264 561 2295 est
604 2254 717 2294 enim
760 2268 807 2294 ex
845 2254 926 2294 fide
960 2255 1160 2308 scripture
1193 2255 1309 2308 quod
1341 2268 1468 2293 nemo
1501 2255 1551 2294 ad
1601 2271 1649 2298 No
1670 2272 1744 2299 such
1766 2281 1814 2299 se-

236 2325 300 2364 sui
343 2325 578 2377 dampnum
624 2325 1027 2376 excommunicatur,
1073 2324 1152 2363 nisi
1202 2324 1370 2364 racione
1414 2307 1844 2377 delictiliiiffsnssssgfliffff‘

196 2395 393 2448 2proprii
438 2394 828 2435 excommunicatus
874 2394 998 2434 fuerit
1029 2394 1172 2448 quoad
1203 2394 1354 2434 Deum.
1390 2394 1553 2433 Notum
1597 2377 1809 2439 snaghffe-me

238 2473 298 2504 est
318 2464 472 2504 iterum
500 2465 617 2517 quod
650 2478 777 2504 nemo
812 2473 985 2518 propter
1018 2464 1279 2517 corporalem
1312 2463 1552 2503 communi-

238 2534 454 2573 cacionem
486 2548 584 2573 cum
617 2534 982 2574 excommunicato
1005 2533 1180 2573 incurrit
1201 2532 1449 2585 periculum,
1474 2532 1553 2573 nisi

197 2604 289 2647 3sit
320 2604 524 2657 particeps
547 2603 730 2643 criminis
764 2618 861 2643 cum
893 2604 1056 2643 eodem.
1081 2604 1134 2643 Et
1165 2611 1319 2643 notum
1342 2611 1402 2642 est
1423 2602 1551 2642 tercio

238 2675 353 2727 quod
396 2674 611 2714 infinitum
642 2673 916 2726 periculosius
955 2682 1016 2713 est
1060 2672 1375 2713 communicare
1407 2672 1550 2725 culpa-

182 2755 221 2787 35
238 2743 371 2783 biliter
415 2757 513 2783 cum
556 2743 924 2783 excommunicato
968 2757 991 2782 a
1038 2744 1142 2794 Deo,
1192 2742 1264 2795 qui
1303 2742 1442 2781 solum
1482 2756 1549 2781 ex·

289 2900 318 2924 4.
340 2890 379 2917 ss:
401 2890 559 2926 sequendo
581 2890 770 2926 exemplum.
913 2898 955 2923 14.
976 2890 1018 2916 D:
1040 2889 1071 2916 in
1091 2889 1201 2925 capite.
