2051 3273
217 182 296 234 578

939 192 1163 224 JOHANNIS
1192 192 1384 224 WYCLIF.
1587 179 1692 237 [CAP.
1714 191 1821 219 xxm.

505 294 669 334 sionem
705 297 736 335 si
779 295 932 348 dignus
959 297 1084 336 fuerit
1119 307 1158 335 et
1199 298 1351 336 habilis
1386 298 1436 335 ad
1472 306 1631 337 tantam
1660 299 1821 337 venian]
1841 308 1973 343 206⁴¹R

505 365 648 415 quoad
684 365 836 417 Deum,
872 375 911 404 et
945 366 1065 405 aliter
1098 367 1272 405 indubie
1305 375 1481 419 propter
1506 369 1821 408 concessionem

509 434 623 472 Petri
658 435 801 474 vicarii
839 450 921 474 non
959 436 1132 476 habebit
1165 436 1434 488 indulgencie
1464 437 1556 489 plus
1580 438 1645 476 vel
1669 438 1822 476 minus.

507 503 666 542 Ymmo
699 505 869 544 videtur
902 507 1017 558 quod
1053 506 1145 545 talis
1181 515 1428 559 arroganter
1452 520 1701 558 presumens
1727 507 1824 546 dare

507 574 611 613 tales
647 575 938 627 indulgencias
974 590 1057 615 non
1093 577 1145 615 sit
1180 584 1433 629 procurator
1463 577 1656 623 idoneus,
1692 586 1738 615 ut
1772 577 1859 619 ad5

507 644 570 683 sui
595 645 852 696 peticionem
879 647 993 685 Deus
1018 647 1071 685 sit
1094 646 1277 685 debitori
1302 646 1435 698 magis
1469 647 1702 699 propicius,
1727 646 1825 699 quia

509 715 549 752 in
579 728 620 753 re
645 715 841 753 concedit
865 728 1011 754 servus
1036 716 1129 765 Dei,
1157 728 1254 768 sepe
1279 716 1358 755 sibi
1383 716 1553 755 odibilis
1579 730 1627 755 ex
1651 725 1826 768 peccato

508 784 623 837 quod
654 784 769 822 Deus
805 784 1043 836 indulgebit
1077 798 1154 824 suo
1188 785 1338 824 affecto
1372 786 1627 825 remittendo
1659 786 1827 838 culpam

511 863 550 892 et
595 854 823 892 relaxando
872 868 1039 906 penam.
1106 854 1187 893 Sed
1240 855 1461 907 quomodo
1516 855 1669 894 faceret
1715 855 1828 894 Deus

511 923 845 962 misericordiam
871 924 922 961 ad
944 932 1030 962 tam
1055 923 1320 963 luciferinam
1347 933 1385 963 et
1410 933 1493 963 tam
1519 924 1826 964 infundabilem
1847 945 1885 965 10

510 994 828 1032 concessionem
860 994 985 1032 unius
1015 993 1123 1032 servi
1153 1002 1238 1033 tam
1269 990 1459 1046 indigni?
1490 994 1654 1032 Revera
1679 995 1827 1034 melius

512 1063 621 1102 foret
665 1063 782 1116 quod
822 1063 888 1102 vel
927 1064 1097 1103 doceret
1149 1064 1190 1102 in
1224 1064 1304 1102 hoc
1337 1064 1536 1103 vicariam
1572 1072 1828 1117 potestatem

262 1142 347 1169 Even
370 1141 457 1168 Peter
513 1134 579 1172 vel
604 1141 767 1171 teneret
792 1145 833 1171 se
858 1133 897 1172 in
922 1133 1130 1172 limitibus
1155 1134 1287 1172 sancti
1306 1134 1431 1172 Petri.
1458 1134 1520 1172 De
1538 1134 1662 1172 Petro
1687 1143 1828 1173 autem

221 1177 312 1204 could
343 1176 415 1204 bind
437 1176 496 1203 and

237 1213 322 1239 100se
354 1212 478 1246 oniyin
515 1216 597 1241 non
653 1202 747 1254 plus
807 1202 1021 1255 sequitur:
1093 1202 1388 1255 Quodcunque
1440 1203 1643 1256 ligaveris
1700 1216 1832 1256 super

221 1247 410 1274 accordance
422 1247 495 1274 with

261 1282 361 1309 God's
382 1282 455 1315 will,

230 2188 332 2216 which
352 2187 390 2214 he
411 2187 500 2213 knew

273 2224 322 2263 *by
343 2223 447 2262 divine

272 2263 468 2293 inspiration.

513 1279 674 1311 terram
728 1272 807 1311 erit
847 1272 1029 1324 ligatum
1070 1279 1109 1311 et
1140 1273 1182 1311 in
1217 1273 1319 1320 celo,
1355 1286 1456 1324 ergo
1493 1274 1642 1311 Petrus
1682 1273 1887 1313 habuit15

512 1350 768 1394 potestatem
800 1342 850 1379 ad
884 1342 1023 1381 taliter
1056 1343 1330 1381 relaxandum
1366 1356 1494 1394 penas
1530 1352 1613 1382 tam
1650 1343 1690 1382 in
1725 1344 1831 1383 vivis

514 1425 643 1463 quam
693 1411 873 1450 mortuis
920 1412 958 1450 in
1006 1412 1258 1464 purgatorio
1304 1413 1368 1450 vel
1410 1412 1666 1464 dampnatis,
1701 1425 1829 1465 quam

515 1481 727 1533 sequitur:
784 1479 981 1520 Christus
1041 1481 1157 1520 dedit
1211 1482 1338 1520 Petro
1398 1482 1512 1521 illam
1573 1490 1828 1534 potestatem

513 1550 671 1603 ligandi
705 1559 745 1590 et
778 1551 985 1600 solvendi,
1013 1564 1112 1602 ergo
1137 1551 1169 1589 si
1196 1551 1344 1589 Petrus
1379 1551 1583 1590 voluisset
1613 1552 1831 1604 insurgere

515 1630 660 1660 contra
680 1620 900 1660 Christum
927 1629 966 1659 et
988 1621 1180 1659 membra
1205 1634 1293 1671 sua,
1327 1621 1737 1661 excommunicando
1762 1636 1831 1662 eos
1849 1638 1891 1660 20

517 1702 556 1730 et
589 1691 711 1743 plene
746 1690 1008 1742 indulgendo
1043 1690 1245 1728 membris
1280 1691 1465 1743 dyaboli,
1500 1704 1599 1743 ergo
1642 1693 1833 1744 oportuit

518 1760 647 1799 fuisse
688 1760 727 1798 in
769 1759 857 1798 celo
898 1760 1010 1812 apud
1045 1760 1181 1798 Deum
1218 1760 1358 1799 taliter
1396 1759 1645 1800 diffinitum.
1710 1762 1834 1801 Unde

517 1843 666 1869 omnes
715 1828 859 1868 fideles
905 1829 1148 1868 concedunt
1182 1830 1299 1882 quod
1333 1830 1472 1868 omnis
1507 1839 1694 1882 potestas
1737 1844 1834 1870 con-

519 1913 633 1938 cessa
658 1900 786 1938 Petro
821 1899 885 1938 vel
919 1900 1007 1938 eius
1044 1900 1202 1938 vicario
1237 1900 1417 1939 limitata
1452 1909 1513 1939 est
1546 1901 1660 1953 quod
1696 1901 1834 1940 humi-

518 1970 613 2008 liter
648 1978 687 2008 et
722 1969 1000 2008 conformiter
1034 1978 1179 2022 pareat
1215 1970 1324 2021 Deo,
1362 1983 1409 2008 ex
1443 1970 1564 2009 cuius
1606 1970 1893 2010 conformi-25

518 2048 603 2078 tate
654 2039 765 2091 capit
799 2039 850 2077 de
883 2047 1001 2078 tanto
1035 2039 1237 2078 virtutem
1280 2048 1319 2078 et
1361 2052 1409 2078 ex
1443 2040 1530 2078 eius
1566 2040 1837 2080 deformitate

521 2109 632 2160 capit
676 2117 765 2148 tam
811 2108 1056 2161 prepositus
1102 2122 1229 2161 quam
1265 2109 1482 2148 subiectus
1523 2109 1836 2149 seduccionem.

523 2180 574 2217 Et
613 2179 690 2218 hec
725 2178 838 2217 racio
873 2191 1004 2230 quare
1040 2179 1191 2217 Petrus
1227 2187 1264 2216 et
1299 2178 1367 2216 alii
1402 2178 1605 2217 divinitus
1645 2179 1837 2232 inspirati

522 2262 605 2287 non
652 2247 981 2299 magnificarunt
1024 2256 1279 2300 potestatem
1337 2261 1455 2286 suam
1519 2249 1628 2287 ultra
1684 2249 1840 2288 limites

521 2332 629 2371 quos
665 2319 779 2356 Deus
814 2317 1015 2368 instituit,
1052 2318 1124 2356 sed
1159 2317 1319 2370 precise
1345 2317 1395 2356 ad
1422 2325 1588 2356 tantum
1623 2318 1840 2357 solverunt
1857 2324 1898 2354 30

523 2397 562 2427 et
596 2389 782 2439 ligarunt
835 2388 886 2426 ad
934 2396 1143 2439 quantum
1190 2387 1303 2426 docti
1349 2396 1449 2425 sunt
1490 2387 1627 2425 Deum
1678 2388 1840 2426 solvere

525 2459 588 2497 vel
642 2458 785 2510 ligare.
845 2457 888 2495 In
952 2456 1163 2508 ambiguis
1212 2470 1311 2495 vero
1366 2458 1430 2494 vel
1483 2456 1941 2505 tacueruntffvelmr

524 2528 823 2566 condicionem
864 2527 1100 2565 secundum
1141 2539 1270 2578 quam
1304 2533 1475 2578 oportet
1512 2527 1648 2565 Deum
1687 2527 1841 2579 princi-

583 2654 629 2680 26.
653 2653 691 2680 ss:
714 2656 741 2678 et
763 2653 840 2679 eiuS.
985 2652 1029 2679 30.
1052 2653 1208 2678 solverant
1230 2651 1259 2678 in
1281 2651 1370 2678 codd.

591 2747 639 2779 13.
683 2748 733 2779 Cf.
780 2748 864 2778 Hus.
906 2747 1084 2778 Adversus
1126 2745 1365 2788 indulgencias
1406 2747 1547 2788 papales
1588 2746 1680 2789 Opp.
1721 2747 1743 2785 Ι,
1785 2746 1845 2777 fol.

527 2803 743 2836 CLXXXVP‘
