2051 3273
190 204 274 242 440
916 197 1138 230 JOHANNIS
1163 199 1359 231 WYCLIF.
1559 186 1664 244 [CAP.
1678 195 1789 223 xvm.

478 313 577 343 tunc
614 303 825 342 maculam
859 303 942 341 sive
981 315 1141 354 rugam,
1184 311 1223 341 et
1255 302 1323 342 illa
1356 311 1415 342 est
1454 315 1604 354 corpus
1638 302 1939 355 Christi189¹³V

479 374 593 427 quod
617 373 728 412 fovet
751 382 789 411 et
818 372 968 424 diligit;
1002 381 1041 410 et
1072 372 1188 411 nullo
1211 373 1342 411 modo
1376 371 1608 411 verificatur
1639 371 1716 411 ista
1743 372 1792 410 de

479 455 656 482 numero
680 441 968 494 prescitorum,
1002 450 1380 494 quantumcunque
1404 455 1556 494 magna
1579 440 1794 480 sanctitate

480 513 531 552 ad
563 522 730 564 tempus
764 520 960 563 appareat
992 510 1224 562 prepollere
1247 510 1284 552 ἢῆ
1814 518 1889 563 189⁰

237 590 427 637 Insufficiecnt
544 582 628 620 Nec
678 579 762 618 vidi
807 578 1065 617 evidenciam
1114 580 1225 618 unde
1266 580 1499 619 crederetur
1542 581 1658 633 quod
1700 588 1846 622 anteX

195 631 466 699 arlffimqerrgtassrggm
481 659 661 690 mortem
684 648 837 688 Christi
861 662 948 687 non
981 657 1065 687 erat
1089 648 1271 697 ecclesia,
1305 648 1381 688 nisi
1414 648 1518 687 forte
1551 662 1623 701 per
1648 649 1792 688 locum

273 697 303 722 ⁰¹
325 695 397 722 Eve.
482 721 532 759 ab
564 718 835 759 insufficienti
869 718 1154 769 similitudine,
1203 727 1323 771 capta
1368 732 1414 757 ex
1447 727 1559 757 textu
1598 718 1795 771 Apostoli

483 788 635 841 Ephes.
652 789 723 839 V0,
747 788 789 826 31
808 798 816 828 ξ
838 787 993 835 Erunt,
1016 787 1167 840 inquit,
1189 787 1272 827 duo
1295 788 1335 826 in
1360 801 1492 827 carne
1515 801 1613 828 una.
1639 787 1793 827 Sacra-

484 865 667 898 mentum
706 858 784 897 lzoc
814 871 1020 910 magnum
1054 864 1127 907 est,
1161 870 1239 911 ego
1277 863 1416 896 autem
1441 857 1531 896 dico
1564 858 1604 896 in
1632 857 1795 897 Christo

484 935 525 967 et
573 928 614 967 in
658 927 847 967 ecclesia.
901 926 1015 966 Sicut
1071 926 1183 965 enim
1229 940 1277 965 ex
1323 927 1449 966 latere
1492 926 1615 979 primi
1658 927 1854 968 Adamm

484 996 655 1037 resoluti
699 996 742 1035 in
786 1010 984 1048 soporem
1023 995 1201 1035 formata
1245 1004 1305 1035 est
1337 997 1423 1035 Eva
1461 1009 1565 1035 uxor
1609 1009 1683 1035 sua
1735 994 1799 1044 (ut

485 1076 599 1120 patet
623 1066 725 1106 Gen.
750 1064 840 1120 110),
874 1065 930 1104 sic
964 1079 1010 1105 ex
1038 1066 1162 1105 latere
1196 1065 1367 1105 secundi
1391 1066 1529 1104 Adam
1554 1065 1798 1105 dormientis

486 1137 529 1176 in
553 1149 672 1175 cruce
695 1134 873 1175 formata
895 1134 1078 1187 ecclesia,
1103 1148 1208 1174 uxor
1241 1149 1314 1174 sua
1338 1140 1397 1183 (ut
1419 1143 1532 1187 patet
1552 1134 1642 1175 Joh.
1666 1133 1798 1186 XX0).

488 1207 569 1246 Sed
611 1204 705 1245 ante
749 1205 933 1258 priorem
976 1204 1280 1244 formacionem
1327 1218 1414 1243 non
1442 1204 1520 1243 fuit
1556 1205 1655 1255 Eva,
1702 1218 1799 1256 ergo

488 1286 582 1315 ante
615 1276 844 1314 secundam
888 1274 1194 1313 formacionem
1237 1287 1324 1313 non
1369 1273 1446 1313 fuit
1487 1274 1667 1313 ecclesia.
1721 1276 1856 1316 Ista15

492 1345 684 1385 informis
723 1344 889 1397 argucia
921 1344 1134 1383 induceret
1168 1357 1216 1382 ex
1248 1343 1496 1383 omnimoda
1529 1343 1800 1383 similitudine

489 1416 531 1454 in
555 1428 711 1454 errores
733 1413 867 1453 tocius
892 1412 985 1452 fidei
1011 1413 1244 1463 christiane,
1278 1422 1323 1452 ut
1346 1422 1449 1465 puta
1470 1414 1586 1466 quod
1610 1412 1799 1453 Christus

490 1499 577 1524 non
610 1484 688 1524 fuit
720 1492 926 1534 mortum,
961 1483 1076 1535 quod
1100 1481 1269 1521 ecclesia
1291 1481 1438 1521 habuit
1471 1495 1556 1521 esse
1589 1482 1801 1523 materiale

490 1569 537 1594 ex
570 1554 770 1607 sanguine
803 1562 842 1592 et
874 1566 982 1606 aqua
1011 1551 1171 1592 effluxis
1194 1552 1244 1590 de
1273 1551 1397 1590 latere
1421 1550 1589 1603 Christi,
1624 1560 1663 1591 et
1685 1554 1801 1606 quod

491 1624 681 1665 Christus
714 1636 801 1662 non
841 1621 1037 1662 formavit
1070 1621 1286 1661 ecclesiam
1334 1622 1383 1660 de
1427 1634 1504 1660 suo
1547 1621 1686 1673 latere,
1730 1622 1801 1661 sed
1818 1641 1860 1663 20

490 1694 582 1747 ipso
617 1702 814 1746 soporato
849 1701 888 1732 et
919 1692 1139 1744 ignorante
1172 1691 1312 1730 solum
1345 1690 1506 1743 passive
1539 1691 1717 1731 contulit
1751 1692 1801 1730 ad

492 1762 796 1803 formacionem
829 1761 1010 1801 ecclesie.
1047 1760 1098 1800 Et
1121 1760 1177 1799 sic
1200 1774 1287 1799 non
1311 1760 1415 1800 foret
1429 1760 1541 1800 Deus
1563 1762 1804 1813 redemptor

493 1835 557 1873 vel
581 1846 761 1886 sponsus
786 1831 968 1872 ecclesie.

552 1904 649 1942 Ideo
675 1910 840 1955 oportet
863 1901 1092 1954 intelligere
1114 1900 1194 1939 hoc
1218 1909 1528 1940 sacramentum
1559 1900 1610 1938 ad
1641 1899 1852 1942 literamY

493 1973 608 2012 iuxta
640 1985 813 2012 sensum
844 1971 1095 2010 historicum
1127 1983 1368 2022 expressum
1401 1970 1450 2008 de
1479 1969 1622 2022 primis
1655 1982 1801 2021 paren·
1822 1977 1861 2010 25

493 2043 617 2094 tibus,
668 2051 707 2082 et
739 2055 863 2094 supra
894 2041 1007 2080 hunc
1039 2053 1210 2079 sensum
1242 2047 1409 2091 oportet
1452 2038 1680 2092 intelligere
1722 2038 1803 2078 hoc

495 2112 846 2153 sacramentaliter
866 2111 930 2150 vel
953 2109 1114 2149 mistice
1137 2110 1186 2148 de
1212 2108 1377 2148 Christo
1405 2116 1444 2147 et
1466 2108 1635 2147 ecclesia
1658 2121 1804 2148 secun-

496 2184 599 2223 dum
642 2181 892 2222 catholicam
936 2179 1257 2220 similitudinem
1305 2192 1326 2217 a
1361 2178 1528 2218 Christo
1574 2186 1613 2217 et
1655 2177 1805 2217 sanctis

497 2252 738 2292 doctoribus
792 2259 1084 2303 expressatam.
1149 2249 1340 2289 Christus
1400 2248 1512 2287 enim
1573 2248 1844 2289 secunduma

497 2322 694 2361 deitatem
725 2321 831 2360 sicut
865 2319 1071 2359 ordinavit
1103 2319 1282 2358 domum
1314 2331 1466 2370 sponse
1499 2330 1571 2356 sue
1595 2316 1805 2356 mundum
1822 2325 1864 2358 30

498 2391 752 2444 sensibilem,
813 2390 869 2429 sic
921 2389 1035 2442 prius
1096 2388 1295 2441 dignitate
1348 2386 1554 2426 ordinavit
1605 2400 1806 2438 sponsam

498 2460 715 2501 ecclesiam
755 2459 829 2498 sibi
869 2460 1061 2509 domum,
1106 2458 1177 2496 sed
1216 2466 1443 2510 utrumque
1484 2455 1641 2495 factum
1673 2464 1732 2495 est
1763 2455 1806 2494 in

498 2529 705 2583 principio
737 2528 899 2569 mundi.
963 2529 1014 2567 Et
1047 2527 1152 2567 sicut
1185 2527 1297 2566 Deus
1329 2525 1503 2565 immisit
1536 2538 1733 2577 soporem
1763 2525 1806 2564 in

553 2677 578 2705 5.
609 2679 637 2704 Α
658 2676 687 2703 in
709 2683 825 2710 marg:
854 2676 1018 2711 Apparens
1046 2679 1265 2709 argumentum
1296 2680 1352 2708 pro
1383 2671 1562 2707 incepcione
1591 2672 1717 2699 ecclesie
1738 2675 1808 2706 post

502 2728 634 2750 mortem
650 2722 774 2751 Christi.
884 2729 912 2756 9.
935 2722 955 2748 Β
970 2721 1000 2748 in
1017 2729 1131 2754 marga
1148 2720 1296 2754 Magnum
1312 2723 1539 2746 sacramentum
1553 2717 1807 2752 desponsacionis

501 2770 579 2796 inter
592 2768 749 2796 Christum
762 2773 789 2795 et
803 2768 971 2795 ecclesiam.
1045 2774 1082 2794 12.
1099 2766 1211 2794 Codd.:
1228 2766 1305 2792 Gen.
1318 2764 1391 2793 1110.
1464 2763 1505 2791 23.
1521 2767 1545 2792 A
1558 2764 1588 2791 in
1601 2771 1697 2798 marg.
1708 2772 1713 2789 z
1725 2763 1810 2797 Quo-

502 2815 596 2843 modo
618 2816 750 2843 t'ormata
763 2819 809 2842 est
824 2815 961 2842 ecclesia.
1053 2812 1094 2841 25.
1108 2814 1137 2841 A
1150 2813 1205 2847 A1:
1222 2819 1375 2847 expresse.
1460 2809 1501 2842 33.
1520 2810 1635 2839 Codd.:
1651 2810 1694 2837 sic
1715 2809 1806 2837 Deus.
