<?xml version="1.0" encoding="UTF-8"?>
<!DOCTYPE html PUBLIC "-//W3C//DTD XHTML 1.0 Transitional//EN"
    "http://www.w3.org/TR/xhtml1/DTD/xhtml1-transitional.dtd">
<html xmlns="http://www.w3.org/1999/xhtml" xml:lang="en" lang="en">
 <head>
  <title>
</title>
<meta http-equiv="Content-Type" content="text/html;charset=utf-8" />
  <meta name='ocr-system' content='tesseract 3.04.00' />
  <meta name='ocr-capabilities' content='ocr_page ocr_carea ocr_par ocr_line ocrx_word'/>
</head>
<body>
  <div class='ocr_page' id='page_1' title='image "./tractatusdeeccle00wycl_0113.png"; bbox 0 0 2051 3343; ppageno 0'>
   <div class='ocr_carea' id='block_1_1' title="bbox 201 252 1024 309">
    <p class='ocr_par' dir='ltr' id='par_1_1' title="bbox 201 252 1024 309">
     <span class='ocr_line' id='line_1_1' title="bbox 201 252 1024 309; baseline 0.005 -19"><span class='ocrx_word' id='word_1_1' title='bbox 201 262 288 290; x_wconf 81' lang='lat' dir='ltr'>CAP.</span> <span class='ocrx_word' id='word_1_2' title='bbox 304 252 373 309; x_wconf 61' lang='lat' dir='ltr'>iv]</span> <span class='ocrx_word' id='word_1_3' title='bbox 702 264 761 294; x_wconf 81' lang='lat' dir='ltr'>DE</span> <span class='ocrx_word' id='word_1_4' title='bbox 789 263 1024 295; x_wconf 78' lang='lat' dir='ltr'>ECCLESIA.</span> 
     </span>
    </p>
   </div>
   <div class='ocr_carea' id='block_1_2' title="bbox 48 366 1513 2358">
    <p class='ocr_par' dir='ltr' id='par_1_2' title="bbox 48 366 1511 545">
     <span class='ocr_line' id='line_1_2' title="bbox 48 366 1509 423; baseline -0.005 -11"><span class='ocrx_word' id='word_1_5' title='bbox 48 381 85 414; x_wconf 81' lang='lat' dir='ltr'><strong>G</strong></span> <span class='ocrx_word' id='word_1_6' title='bbox 104 377 182 423; x_wconf 72' lang='lat'>139¹&gt;</span> <span class='ocrx_word' id='word_1_7' title='bbox 198 368 399 421; x_wconf 83' lang='lat' dir='ltr'>scripture</span> <span class='ocrx_word' id='word_1_8' title='bbox 431 368 548 420; x_wconf 90' lang='lat' dir='ltr'>quod</span> <span class='ocrx_word' id='word_1_9' title='bbox 579 367 837 419; x_wconf 87' lang='lat' dir='ltr'>impossibile</span> <span class='ocrx_word' id='word_1_10' title='bbox 869 375 930 405; x_wconf 90' lang='lat' dir='ltr'>est</span> <span class='ocrx_word' id='word_1_11' title='bbox 962 379 1257 419; x_wconf 80' lang='lat' dir='ltr'>quemcunque</span> <span class='ocrx_word' id='word_1_12' title='bbox 1283 366 1509 418; x_wconf 86' lang='lat' dir='ltr'>prescitum</span> 
     </span>
     <span class='ocr_line' id='line_1_3' title="bbox 199 436 1511 490; baseline -0.002 -14"><span class='ocrx_word' id='word_1_13' title='bbox 199 446 579 490; x_wconf 87' lang='lat' dir='ltr'>quantumcunque</span> <span class='ocrx_word' id='word_1_14' title='bbox 618 449 770 489; x_wconf 81' lang='lat' dir='ltr'>magna</span> <span class='ocrx_word' id='word_1_15' title='bbox 801 436 936 488; x_wconf 79' lang='lat' dir='ltr'>gracia</span> <span class='ocrx_word' id='word_1_16' title='bbox 980 437 1031 474; x_wconf 90' lang='lat' dir='ltr'>ad</span> <span class='ocrx_word' id='word_1_17' title='bbox 1064 444 1232 488; x_wconf 85' lang='lat' dir='ltr'>tempus</span> <span class='ocrx_word' id='word_1_18' title='bbox 1278 436 1511 488; x_wconf 76' lang='lat' dir='ltr'>prepolleat</span> 
     </span>
     <span class='ocr_line' id='line_1_4' title="bbox 198 504 1116 545; baseline 0 -1"><span class='ocrx_word' id='word_1_19' title='bbox 198 519 285 545; x_wconf 88' lang='lat' dir='ltr'>esse</span> <span class='ocrx_word' id='word_1_20' title='bbox 317 506 558 545; x_wconf 78' lang='lat' dir='ltr'>membrum</span> <span class='ocrx_word' id='word_1_21' title='bbox 591 513 729 544; x_wconf 88' lang='lat' dir='ltr'>sancte</span> <span class='ocrx_word' id='word_1_22' title='bbox 761 504 903 543; x_wconf 85' lang='lat' dir='ltr'>matris</span> <span class='ocrx_word' id='word_1_23' title='bbox 936 504 1116 544; x_wconf 84' lang='lat' dir='ltr'>ecclesie.</span> 
     </span>
    </p>

    <p class='ocr_par' dir='ltr' id='par_1_3' title="bbox 133 573 1513 2358">
     <span class='ocr_line' id='line_1_5' title="bbox 254 573 1511 627; baseline -0.001 -14"><span class='ocrx_word' id='word_1_24' title='bbox 254 576 363 613; x_wconf 89' lang='lat' dir='ltr'>Nam</span> <span class='ocrx_word' id='word_1_25' title='bbox 384 573 644 627; x_wconf 85' lang='lat' dir='ltr'>impossibile</span> <span class='ocrx_word' id='word_1_26' title='bbox 677 581 737 612; x_wconf 89' lang='lat' dir='ltr'>est</span> <span class='ocrx_word' id='word_1_27' title='bbox 770 573 985 612; x_wconf 80' lang='lat' dir='ltr'>Christum</span> <span class='ocrx_word' id='word_1_28' title='bbox 1018 587 1208 626; x_wconf 87' lang='lat' dir='ltr'>unquam</span> <span class='ocrx_word' id='word_1_29' title='bbox 1232 586 1318 612; x_wconf 91' lang='lat' dir='ltr'>non</span> <span class='ocrx_word' id='word_1_30' title='bbox 1342 573 1511 626; x_wconf 85' lang='lat' dir='ltr'>diligere</span> 
     </span>
     <span class='ocr_line' id='line_1_6' title="bbox 162 642 1511 695; baseline -0.001 -13"><span class='ocrx_word' id='word_1_31' title='bbox 162 656 397 695; x_wconf 86' lang='lat' dir='ltr'>5sponsam</span> <span class='ocrx_word' id='word_1_32' title='bbox 434 656 555 682; x_wconf 87' lang='lat' dir='ltr'>suam</span> <span class='ocrx_word' id='word_1_33' title='bbox 585 642 651 681; x_wconf 82' lang='lat' dir='ltr'>vel</span> <span class='ocrx_word' id='word_1_34' title='bbox 683 642 868 694; x_wconf 76' lang='lat' dir='ltr'>aliquam</span> <span class='ocrx_word' id='word_1_35' title='bbox 909 642 996 681; x_wconf 90' lang='lat' dir='ltr'>eius</span> <span class='ocrx_word' id='word_1_36' title='bbox 1028 651 1204 694; x_wconf 83' lang='lat' dir='ltr'>partem,</span> <span class='ocrx_word' id='word_1_37' title='bbox 1239 656 1337 682; x_wconf 88' lang='lat' dir='ltr'>cum</span> <span class='ocrx_word' id='word_1_38' title='bbox 1370 656 1511 682; x_wconf 91' lang='lat' dir='ltr'>neces-</span> 
     </span>
     <span class='ocr_line' id='line_1_7' title="bbox 195 711 1510 764; baseline 0 -14"><span class='ocrx_word' id='word_1_39' title='bbox 195 712 302 751; x_wconf 84' lang='lat' dir='ltr'>sario</span> <span class='ocrx_word' id='word_1_40' title='bbox 333 712 469 764; x_wconf 86' lang='lat' dir='ltr'>ipsam</span> <span class='ocrx_word' id='word_1_41' title='bbox 492 720 626 751; x_wconf 91' lang='lat' dir='ltr'>totam</span> <span class='ocrx_word' id='word_1_42' title='bbox 655 711 787 764; x_wconf 84' lang='lat' dir='ltr'>diligit</span> <span class='ocrx_word' id='word_1_43' title='bbox 819 720 864 750; x_wconf 90' lang='lat' dir='ltr'>ut</span> <span class='ocrx_word' id='word_1_44' title='bbox 897 725 938 750; x_wconf 91' lang='lat' dir='ltr'>se</span> <span class='ocrx_word' id='word_1_45' title='bbox 969 711 1124 763; x_wconf 86' lang='lat' dir='ltr'>ipsum.</span> <span class='ocrx_word' id='word_1_46' title='bbox 1150 712 1230 751; x_wconf 86' lang='lat' dir='ltr'>Sed</span> <span class='ocrx_word' id='word_1_47' title='bbox 1252 712 1510 764; x_wconf 87' lang='lat' dir='ltr'>impossibile</span> 
     </span>
     <span class='ocr_line' id='line_1_8' title="bbox 195 780 1511 834; baseline 0.001 -15"><span class='ocrx_word' id='word_1_48' title='bbox 195 789 255 820; x_wconf 86' lang='lat' dir='ltr'>est</span> <span class='ocrx_word' id='word_1_49' title='bbox 286 790 332 820; x_wconf 88' lang='lat' dir='ltr'>ut</span> <span class='ocrx_word' id='word_1_50' title='bbox 365 781 548 834; x_wconf 80' lang='lat' dir='ltr'>aliquem</span> <span class='ocrx_word' id='word_1_51' title='bbox 580 780 806 833; x_wconf 89' lang='lat' dir='ltr'>prescitum</span> <span class='ocrx_word' id='word_1_52' title='bbox 838 780 894 819; x_wconf 89' lang='lat' dir='ltr'>sic</span> <span class='ocrx_word' id='word_1_53' title='bbox 927 780 1082 834; x_wconf 78' lang='lat' dir='ltr'>diligat,</span> <span class='ocrx_word' id='word_1_54' title='bbox 1117 795 1215 834; x_wconf 82' lang='lat' dir='ltr'>ergo</span> <span class='ocrx_word' id='word_1_55' title='bbox 1250 781 1511 834; x_wconf 88' lang='lat' dir='ltr'>impossibile</span> 
     </span>
     <span class='ocr_line' id='line_1_9' title="bbox 194 849 1508 902; baseline 0.001 -13"><span class='ocrx_word' id='word_1_56' title='bbox 194 858 254 889; x_wconf 88' lang='lat' dir='ltr'>est</span> <span class='ocrx_word' id='word_1_57' title='bbox 297 858 343 889; x_wconf 91' lang='lat' dir='ltr'>ut</span> <span class='ocrx_word' id='word_1_58' title='bbox 386 850 534 902; x_wconf 87' lang='lat' dir='ltr'>aliquis</span> <span class='ocrx_word' id='word_1_59' title='bbox 572 850 774 902; x_wconf 89' lang='lat' dir='ltr'>prescitus</span> <span class='ocrx_word' id='word_1_60' title='bbox 815 849 865 888; x_wconf 90' lang='lat' dir='ltr'>sit</span> <span class='ocrx_word' id='word_1_61' title='bbox 902 850 1143 889; x_wconf 84' lang='lat' dir='ltr'>membrum</span> <span class='ocrx_word' id='word_1_62' title='bbox 1184 850 1293 889; x_wconf 87' lang='lat' dir='ltr'>illius</span> <span class='ocrx_word' id='word_1_63' title='bbox 1327 851 1508 890; x_wconf 87' lang='lat' dir='ltr'>ecclesie.</span> 
     </span>
     <span class='ocr_line' id='line_1_10' title="bbox 192 918 1512 971; baseline 0.001 -14"><span class='ocrx_word' id='word_1_64' title='bbox 192 919 274 958; x_wconf 90' lang='lat' dir='ltr'>Pro</span> <span class='ocrx_word' id='word_1_65' title='bbox 318 919 572 971; x_wconf 88' lang='lat' dir='ltr'>probacione</span> <span class='ocrx_word' id='word_1_66' title='bbox 616 918 896 960; x_wconf 85' lang='lat' dir='ltr'>antecedentis</span> <span class='ocrx_word' id='word_1_67' title='bbox 941 932 1139 971; x_wconf 89' lang='lat' dir='ltr'>suppono</span> <span class='ocrx_word' id='word_1_68' title='bbox 1181 919 1262 958; x_wconf 93' lang='lat' dir='ltr'>hoc</span> <span class='ocrx_word' id='word_1_69' title='bbox 1296 919 1512 959; x_wconf 87' lang='lat' dir='ltr'>famosum</span> 
     </span>
     <span class='ocr_line' id='line_1_11' title="bbox 141 988 1512 1041; baseline 0.001 -15"><span class='ocrx_word' id='word_1_70' title='bbox 141 988 449 1040; x_wconf 84' lang='lat' dir='ltr'>10principium</span> <span class='ocrx_word' id='word_1_71' title='bbox 497 996 599 1041; x_wconf 86' lang='lat' dir='ltr'>aput</span> <span class='ocrx_word' id='word_1_72' title='bbox 644 989 866 1041; x_wconf 85' lang='lat' dir='ltr'>theologos</span> <span class='ocrx_word' id='word_1_73' title='bbox 918 989 1035 1040; x_wconf 90' lang='lat' dir='ltr'>quod</span> <span class='ocrx_word' id='word_1_74' title='bbox 1079 989 1192 1027; x_wconf 90' lang='lat' dir='ltr'>Deus</span> <span class='ocrx_word' id='word_1_75' title='bbox 1238 1002 1326 1027; x_wconf 90' lang='lat' dir='ltr'>non</span> <span class='ocrx_word' id='word_1_76' title='bbox 1374 997 1512 1040; x_wconf 89' lang='lat' dir='ltr'>potest</span> 
     </span>
     <span class='ocr_line' id='line_1_12' title="bbox 194 1057 1513 1111; baseline 0.001 -15"><span class='ocrx_word' id='word_1_77' title='bbox 194 1057 428 1110; x_wconf 79' lang='lat' dir='ltr'>quidquam</span> <span class='ocrx_word' id='word_1_78' title='bbox 461 1058 510 1096; x_wconf 93' lang='lat' dir='ltr'>de</span> <span class='ocrx_word' id='word_1_79' title='bbox 543 1071 654 1096; x_wconf 82' lang='lat' dir='ltr'>novo</span> <span class='ocrx_word' id='word_1_80' title='bbox 688 1071 937 1110; x_wconf 84' lang='lat' dir='ltr'>cognoscere</span> <span class='ocrx_word' id='word_1_81' title='bbox 973 1057 1057 1096; x_wconf 80' lang='lat' dir='ltr'>sive</span> <span class='ocrx_word' id='word_1_82' title='bbox 1088 1058 1268 1110; x_wconf 82' lang='lat' dir='ltr'>diligere.</span> <span class='ocrx_word' id='word_1_83' title='bbox 1292 1058 1409 1097; x_wconf 85' lang='lat' dir='ltr'>Patet</span> <span class='ocrx_word' id='word_1_84' title='bbox 1442 1072 1513 1111; x_wconf 91' lang='lat' dir='ltr'>per</span> 
     </span>
     <span class='ocr_line' id='line_1_13' title="bbox 192 1126 1512 1178; baseline 0.002 -14"><span class='ocrx_word' id='word_1_85' title='bbox 192 1126 362 1165; x_wconf 85' lang='lat' dir='ltr'>beatum</span> <span class='ocrx_word' id='word_1_86' title='bbox 393 1126 684 1178; x_wconf 85' lang='lat' dir='ltr'>Augustinum</span> <span class='ocrx_word' id='word_1_87' title='bbox 715 1127 790 1167; x_wconf 91' lang='lat' dir='ltr'>VIO</span> <span class='ocrx_word' id='word_1_88' title='bbox 810 1127 871 1166; x_wconf 91' lang='lat' dir='ltr'>De</span> <span class='ocrx_word' id='word_1_89' title='bbox 884 1126 1088 1166; x_wconf 85' lang='lat' dir='ltr'>Trinitate</span> <span class='ocrx_word' id='word_1_90' title='bbox 1116 1127 1291 1167; x_wconf 83' lang='lat' dir='ltr'>XXVIIO</span> <span class='ocrx_word' id='word_1_91' title='bbox 1310 1135 1349 1167; x_wconf 91' lang='lat' dir='ltr'>et</span> <span class='ocrx_word' id='word_1_92' title='bbox 1382 1127 1512 1166; x_wconf 86' lang='lat' dir='ltr'>eciam</span> 
     </span>
     <span class='ocr_line' id='line_1_14' title="bbox 193 1195 1510 1248; baseline 0.001 -14"><span class='ocrx_word' id='word_1_93' title='bbox 193 1195 489 1248; x_wconf 89' lang='lat' dir='ltr'>philosophica</span> <span class='ocrx_word' id='word_1_94' title='bbox 521 1196 632 1235; x_wconf 84' lang='lat' dir='ltr'>racio</span> <span class='ocrx_word' id='word_1_95' title='bbox 666 1204 923 1235; x_wconf 87' lang='lat' dir='ltr'>contestatur</span> <span class='ocrx_word' id='word_1_96' title='bbox 954 1196 1067 1235; x_wconf 87' lang='lat' dir='ltr'>idem</span> <span class='ocrx_word' id='word_1_97' title='bbox 1090 1196 1363 1238; x_wconf 86' lang='lat' dir='ltr'>concorditer.</span> <span class='ocrx_word' id='word_1_98' title='bbox 1389 1198 1510 1236; x_wconf 89' lang='lat' dir='ltr'>Unde</span> 
     </span>
     <span class='ocr_line' id='line_1_15' title="bbox 190 1262 1511 1318; baseline 0.001 -15"><span class='ocrx_word' id='word_1_99' title='bbox 190 1265 337 1304; x_wconf 86' lang='lat' dir='ltr'>doctor</span> <span class='ocrx_word' id='word_1_100' title='bbox 357 1265 606 1317; x_wconf 86' lang='lat' dir='ltr'>profundus,</span> <span class='ocrx_word' id='word_1_101' title='bbox 633 1265 737 1304; x_wconf 92' lang='lat' dir='ltr'>libro</span> <span class='ocrx_word' id='word_1_102' title='bbox 760 1265 913 1317; x_wconf 77' lang='lat' dir='ltr'>primo,</span> <span class='ocrx_word' id='word_1_103' title='bbox 946 1265 1164 1304; x_wconf 90' lang='lat' dir='ltr'>correlario</span> <span class='ocrx_word' id='word_1_104' title='bbox 1181 1262 1326 1304; x_wconf 80' lang='lat' dir='ltr'>XXIIIi</span> <span class='ocrx_word' id='word_1_105' title='bbox 1342 1266 1511 1318; x_wconf 86' lang='lat' dir='ltr'>capituli</span> 
     </span>
     <span class='ocr_line' id='line_1_16' title="bbox 137 1325 1511 1388; baseline 0.002 -16"><span class='ocrx_word' id='word_1_106' title='bbox 137 1351 172 1382; x_wconf 75' lang='lat'>15</span> <span class='ocrx_word' id='word_1_107' title='bbox 190 1334 330 1385; x_wconf 87' lang='lat' dir='ltr'>pulcre</span> <span class='ocrx_word' id='word_1_108' title='bbox 362 1335 539 1373; x_wconf 79' lang='lat' dir='ltr'>declarat</span> <span class='ocrx_word' id='word_1_109' title='bbox 564 1335 680 1387; x_wconf 91' lang='lat' dir='ltr'>quod</span> <span class='ocrx_word' id='word_1_110' title='bbox 694 1335 814 1373; x_wconf 85' lang='lat' dir='ltr'>Deus</span> <span class='ocrx_word' id='word_1_111' title='bbox 837 1325 1001 1372; x_wconf 87' lang='lat' dir='ltr'>nullum</span> <span class='ocrx_word' id='word_1_112' title='bbox 1026 1335 1190 1374; x_wconf 71' lang='lat' dir='ltr'>noviter</span> <span class='ocrx_word' id='word_1_113' title='bbox 1212 1335 1354 1388; x_wconf 76' lang='lat' dir='ltr'>diligit</span> <span class='ocrx_word' id='word_1_114' title='bbox 1375 1348 1511 1388; x_wconf 80' lang='lat' dir='ltr'>neque</span> 
     </span>
     <span class='ocr_line' id='line_1_17' title="bbox 188 1403 1512 1456; baseline 0.002 -14"><span class='ocrx_word' id='word_1_115' title='bbox 188 1403 292 1452; x_wconf 81' lang='lat' dir='ltr'>odit,</span> <span class='ocrx_word' id='word_1_116' title='bbox 332 1416 406 1442; x_wconf 81' lang='lat' dir='ltr'>nec</span> <span class='ocrx_word' id='word_1_117' title='bbox 440 1405 581 1456; x_wconf 78' lang='lat' dir='ltr'>magis</span> <span class='ocrx_word' id='word_1_118' title='bbox 615 1411 689 1443; x_wconf 79' lang='lat' dir='ltr'>aut</span> <span class='ocrx_word' id='word_1_119' title='bbox 720 1404 862 1442; x_wconf 88' lang='lat' dir='ltr'>minus</span> <span class='ocrx_word' id='word_1_120' title='bbox 894 1417 979 1442; x_wconf 70' lang='lat' dir='ltr'>una</span> <span class='ocrx_word' id='word_1_121' title='bbox 1015 1405 1103 1443; x_wconf 76' lang='lat' dir='ltr'>vice</span> <span class='ocrx_word' id='word_1_122' title='bbox 1137 1417 1264 1456; x_wconf 75' lang='lat' dir='ltr'>quam</span> <span class='ocrx_word' id='word_1_123' title='bbox 1300 1404 1400 1452; x_wconf 75' lang='lat' dir='ltr'>alia,</span> <span class='ocrx_word' id='word_1_124' title='bbox 1436 1418 1512 1444; x_wconf 85' lang='lat' dir='ltr'>nec</span> 
     </span>
     <span class='ocr_line' id='line_1_18' title="bbox 182 1473 1513 1525; baseline 0.002 -14"><span class='ocrx_word' id='word_1_125' title='bbox 182 1485 337 1524; x_wconf 77' lang='lat' dir='ltr'>preces</span> <span class='ocrx_word' id='word_1_126' title='bbox 370 1480 443 1511; x_wconf 80' lang='lat' dir='ltr'>aut</span> <span class='ocrx_word' id='word_1_127' title='bbox 473 1486 722 1525; x_wconf 74' lang='lat' dir='ltr'>quecunque</span> <span class='ocrx_word' id='word_1_128' title='bbox 755 1475 907 1513; x_wconf 74' lang='lat' dir='ltr'>merita</span> <span class='ocrx_word' id='word_1_129' title='bbox 942 1473 1051 1512; x_wconf 80' lang='lat' dir='ltr'>bona</span> <span class='ocrx_word' id='word_1_130' title='bbox 1094 1474 1160 1513; x_wconf 78' lang='lat' dir='ltr'>vel</span> <span class='ocrx_word' id='word_1_131' title='bbox 1192 1473 1306 1511; x_wconf 79' lang='lat' dir='ltr'>mala</span> <span class='ocrx_word' id='word_1_132' title='bbox 1326 1474 1513 1524; x_wconf 80' lang='lat' dir='ltr'>flectunt</span> 
     </span>
     <span class='ocr_line' id='line_1_19' title="bbox 188 1542 1509 1583; baseline 0.002 -3"><span class='ocrx_word' id='word_1_133' title='bbox 188 1549 259 1581; x_wconf 78' lang='lat' dir='ltr'>aut</span> <span class='ocrx_word' id='word_1_134' title='bbox 301 1549 467 1581; x_wconf 78' lang='lat' dir='ltr'>mutant</span> <span class='ocrx_word' id='word_1_135' title='bbox 509 1543 768 1582; x_wconf 76' lang='lat' dir='ltr'>voluntatem</span> <span class='ocrx_word' id='word_1_136' title='bbox 810 1542 1001 1582; x_wconf 75' lang='lat' dir='ltr'>divinam</span> <span class='ocrx_word' id='word_1_137' title='bbox 1041 1544 1081 1580; x_wconf 86' lang='lat' dir='ltr'>in</span> <span class='ocrx_word' id='word_1_138' title='bbox 1116 1543 1291 1581; x_wconf 86' lang='lat' dir='ltr'>minimo</span> <span class='ocrx_word' id='word_1_139' title='bbox 1324 1543 1406 1582; x_wconf 82' lang='lat' dir='ltr'>lzuc</span> <span class='ocrx_word' id='word_1_140' title='bbox 1438 1551 1509 1583; x_wconf 75' lang='lat' dir='ltr'>aut</span> 
     </span>
     <span class='ocr_line' id='line_1_20' title="bbox 189 1612 1509 1665; baseline 0.001 -14"><span class='ocrx_word' id='word_1_141' title='bbox 189 1613 305 1661; x_wconf 89' lang='lat' dir='ltr'>illuc,</span> <span class='ocrx_word' id='word_1_142' title='bbox 346 1619 384 1650; x_wconf 83' lang='lat' dir='ltr'>et</span> <span class='ocrx_word' id='word_1_143' title='bbox 415 1612 529 1665; x_wconf 79' lang='lat' dir='ltr'>quod</span> <span class='ocrx_word' id='word_1_144' title='bbox 561 1625 725 1651; x_wconf 86' lang='lat' dir='ltr'>omnem</span> <span class='ocrx_word' id='word_1_145' title='bbox 759 1612 1015 1651; x_wconf 76' lang='lat' dir='ltr'>salvandum</span> <span class='ocrx_word' id='word_1_146' title='bbox 1056 1618 1131 1651; x_wconf 80' lang='lat' dir='ltr'>aut</span> <span class='ocrx_word' id='word_1_147' title='bbox 1168 1612 1509 1665; x_wconf 77' lang='lat' dir='ltr'>dampnandum,</span> 
     </span>
     <span class='ocr_line' id='line_1_21' title="bbox 133 1681 1508 1734; baseline 0 -14"><span class='ocrx_word' id='word_1_148' title='bbox 133 1681 494 1734; x_wconf 78' lang='lat' dir='ltr'>20premiandum</span> <span class='ocrx_word' id='word_1_149' title='bbox 537 1684 599 1721; x_wconf 77' lang='lat' dir='ltr'>vel</span> <span class='ocrx_word' id='word_1_150' title='bbox 641 1682 911 1734; x_wconf 76' lang='lat' dir='ltr'>puniendum</span> <span class='ocrx_word' id='word_1_151' title='bbox 957 1682 1035 1721; x_wconf 82' lang='lat' dir='ltr'>suh</span> <span class='ocrx_word' id='word_1_152' title='bbox 1082 1695 1333 1734; x_wconf 73' lang='lat' dir='ltr'>quocunque</span> <span class='ocrx_word' id='word_1_153' title='bbox 1366 1682 1508 1734; x_wconf 75' lang='lat' dir='ltr'>gradu</span> 
     </span>
     <span class='ocr_line' id='line_1_22' title="bbox 190 1751 1510 1803; baseline 0.002 -15"><span class='ocrx_word' id='word_1_154' title='bbox 190 1751 322 1789; x_wconf 77' lang='lat' dir='ltr'>voluit</span> <span class='ocrx_word' id='word_1_155' title='bbox 352 1751 404 1789; x_wconf 81' lang='lat' dir='ltr'>ab</span> <span class='ocrx_word' id='word_1_156' title='bbox 438 1757 582 1790; x_wconf 78' lang='lat' dir='ltr'>eterno</span> <span class='ocrx_word' id='word_1_157' title='bbox 612 1752 782 1791; x_wconf 72' lang='lat' dir='ltr'>salvari</span> <span class='ocrx_word' id='word_1_158' title='bbox 817 1751 883 1791; x_wconf 80' lang='lat' dir='ltr'>vel</span> <span class='ocrx_word' id='word_1_159' title='bbox 915 1751 1162 1802; x_wconf 77' lang='lat' dir='ltr'>dampnari,</span> <span class='ocrx_word' id='word_1_160' title='bbox 1190 1751 1410 1803; x_wconf 74' lang='lat' dir='ltr'>premiari</span> <span class='ocrx_word' id='word_1_161' title='bbox 1445 1752 1510 1791; x_wconf 79' lang='lat' dir='ltr'>vel</span> 
     </span>
     <span class='ocr_line' id='line_1_23' title="bbox 183 1820 1509 1874; baseline 0.001 -16"><span class='ocrx_word' id='word_1_162' title='bbox 183 1820 351 1872; x_wconf 75' lang='lat' dir='ltr'>puniri,</span> <span class='ocrx_word' id='word_1_163' title='bbox 385 1821 461 1859; x_wconf 80' lang='lat' dir='ltr'>sub</span> <span class='ocrx_word' id='word_1_164' title='bbox 494 1821 639 1860; x_wconf 81' lang='lat' dir='ltr'>eodem</span> <span class='ocrx_word' id='word_1_165' title='bbox 661 1821 806 1874; x_wconf 77' lang='lat' dir='ltr'>gradu</span> <span class='ocrx_word' id='word_1_166' title='bbox 830 1834 1000 1872; x_wconf 77' lang='lat' dir='ltr'>semper</span> <span class='ocrx_word' id='word_1_167' title='bbox 1032 1821 1121 1860; x_wconf 72' lang='lat' dir='ltr'>vult</span> <span class='ocrx_word' id='word_1_168' title='bbox 1144 1822 1331 1872; x_wconf 77' lang='lat' dir='ltr'>precise,</span> <span class='ocrx_word' id='word_1_169' title='bbox 1366 1829 1406 1860; x_wconf 81' lang='lat' dir='ltr'>et</span> <span class='ocrx_word' id='word_1_170' title='bbox 1432 1821 1509 1860; x_wconf 85' lang='lat' dir='ltr'>lzoc</span> 
     </span>
     <span class='ocr_line' id='line_1_24' title="bbox 192 1890 1510 1942; baseline 0.002 -14"><span class='ocrx_word' id='word_1_171' title='bbox 192 1890 346 1929; x_wconf 84' lang='lat' dir='ltr'>nedum</span> <span class='ocrx_word' id='word_1_172' title='bbox 379 1891 598 1930; x_wconf 70' lang='lat' dir='ltr'>voluntate</span> <span class='ocrx_word' id='word_1_173' title='bbox 631 1891 920 1929; x_wconf 80' lang='lat' dir='ltr'>condicionali</span> <span class='ocrx_word' id='word_1_174' title='bbox 952 1891 1019 1929; x_wconf 73' lang='lat' dir='ltr'>vel</span> <span class='ocrx_word' id='word_1_175' title='bbox 1051 1890 1399 1942; x_wconf 77' lang='lat' dir='ltr'>indeterminata,</span> <span class='ocrx_word' id='word_1_176' title='bbox 1434 1891 1510 1930; x_wconf 86' lang='lat' dir='ltr'>sed</span> 
     </span>
     <span class='ocr_line' id='line_1_25' title="bbox 194 1959 1510 2012; baseline 0.001 -14"><span class='ocrx_word' id='word_1_177' title='bbox 194 1961 249 1999; x_wconf 78' lang='lat' dir='ltr'>ita</span> <span class='ocrx_word' id='word_1_178' title='bbox 297 1960 491 1999; x_wconf 78' lang='lat' dir='ltr'>absoluta</span> <span class='ocrx_word' id='word_1_179' title='bbox 542 1967 578 1998; x_wconf 79' lang='lat' dir='ltr'>et</span> <span class='ocrx_word' id='word_1_180' title='bbox 624 1959 921 2009; x_wconf 76' lang='lat' dir='ltr'>determinata,</span> <span class='ocrx_word' id='word_1_181' title='bbox 967 1960 1075 1998; x_wconf 84' lang='lat' dir='ltr'>sicut</span> <span class='ocrx_word' id='word_1_182' title='bbox 1126 1960 1215 1998; x_wconf 72' lang='lat' dir='ltr'>vult</span> <span class='ocrx_word' id='word_1_183' title='bbox 1248 1960 1288 1998; x_wconf 88' lang='lat' dir='ltr'>in</span> <span class='ocrx_word' id='word_1_184' title='bbox 1316 1961 1510 2012; x_wconf 73' lang='lat' dir='ltr'>presenti</span> 
     </span>
     <span class='ocr_line' id='line_1_26' title="bbox 137 2029 1509 2081; baseline -0.001 -12"><span class='ocrx_word' id='word_1_185' title='bbox 137 2043 174 2075; x_wconf 81' lang='lat'>25</span> <span class='ocrx_word' id='word_1_186' title='bbox 196 2030 261 2069; x_wconf 81' lang='lat' dir='ltr'>vel</span> <span class='ocrx_word' id='word_1_187' title='bbox 304 2031 345 2067; x_wconf 87' lang='lat' dir='ltr'>in</span> <span class='ocrx_word' id='word_1_188' title='bbox 376 2029 514 2081; x_wconf 76' lang='lat' dir='ltr'>finali</span> <span class='ocrx_word' id='word_1_189' title='bbox 558 2029 714 2068; x_wconf 80' lang='lat' dir='ltr'>iudicio</span> <span class='ocrx_word' id='word_1_190' title='bbox 760 2035 834 2068; x_wconf 80' lang='lat' dir='ltr'>aut</span> <span class='ocrx_word' id='word_1_191' title='bbox 870 2035 974 2080; x_wconf 72' lang='lat' dir='ltr'>post</span> <span class='ocrx_word' id='word_1_192' title='bbox 1011 2029 1136 2068; x_wconf 72' lang='lat' dir='ltr'>volet.</span> <span class='ocrx_word' id='word_1_193' title='bbox 1180 2029 1298 2068; x_wconf 84' lang='lat' dir='ltr'>Patet</span> <span class='ocrx_word' id='word_1_194' title='bbox 1338 2043 1385 2068; x_wconf 85' lang='lat' dir='ltr'>ex</span> <span class='ocrx_word' id='word_1_195' title='bbox 1428 2030 1509 2068; x_wconf 91' lang='lat' dir='ltr'>hoc</span> 
     </span>
     <span class='ocr_line' id='line_1_27' title="bbox 194 2098 1509 2152; baseline 0 -15"><span class='ocrx_word' id='word_1_196' title='bbox 194 2098 309 2151; x_wconf 92' lang='lat' dir='ltr'>quod</span> <span class='ocrx_word' id='word_1_197' title='bbox 341 2099 452 2137; x_wconf 90' lang='lat' dir='ltr'>Deus</span> <span class='ocrx_word' id='word_1_198' title='bbox 485 2112 572 2137; x_wconf 90' lang='lat' dir='ltr'>non</span> <span class='ocrx_word' id='word_1_199' title='bbox 606 2107 743 2150; x_wconf 86' lang='lat' dir='ltr'>potest</span> <span class='ocrx_word' id='word_1_200' title='bbox 776 2098 958 2150; x_wconf 88' lang='lat' dir='ltr'>incipere</span> <span class='ocrx_word' id='word_1_201' title='bbox 981 2099 1046 2137; x_wconf 88' lang='lat' dir='ltr'>vel</span> <span class='ocrx_word' id='word_1_202' title='bbox 1069 2098 1252 2137; x_wconf 87' lang='lat' dir='ltr'>desinere</span> <span class='ocrx_word' id='word_1_203' title='bbox 1276 2099 1509 2152; x_wconf 87' lang='lat' dir='ltr'>quidquam</span> 
     </span>
     <span class='ocr_line' id='line_1_28' title="bbox 193 2167 1509 2220; baseline 0.001 -15"><span class='ocrx_word' id='word_1_204' title='bbox 193 2167 422 2220; x_wconf 81' lang='lat' dir='ltr'>intelligere</span> <span class='ocrx_word' id='word_1_205' title='bbox 454 2181 529 2206; x_wconf 91' lang='lat' dir='ltr'>nec</span> <span class='ocrx_word' id='word_1_206' title='bbox 563 2176 706 2207; x_wconf 86' lang='lat' dir='ltr'>actum</span> <span class='ocrx_word' id='word_1_207' title='bbox 737 2167 965 2206; x_wconf 85' lang='lat' dir='ltr'>voluntatis</span> <span class='ocrx_word' id='word_1_208' title='bbox 999 2167 1158 2217; x_wconf 84' lang='lat' dir='ltr'>elicere,</span> <span class='ocrx_word' id='word_1_209' title='bbox 1191 2177 1283 2207; x_wconf 85' lang='lat' dir='ltr'>tum</span> <span class='ocrx_word' id='word_1_210' title='bbox 1317 2168 1417 2220; x_wconf 89' lang='lat' dir='ltr'>quia</span> <span class='ocrx_word' id='word_1_211' title='bbox 1450 2176 1509 2206; x_wconf 89' lang='lat' dir='ltr'>est</span> 
     </span>
     <span class='ocr_line' id='line_1_29' title="bbox 193 2236 1510 2289; baseline 0 -14"><span class='ocrx_word' id='word_1_212' title='bbox 193 2237 482 2288; x_wconf 81' lang='lat' dir='ltr'>immutabilis,</span> <span class='ocrx_word' id='word_1_213' title='bbox 515 2246 606 2276; x_wconf 86' lang='lat' dir='ltr'>tum</span> <span class='ocrx_word' id='word_1_214' title='bbox 640 2237 771 2275; x_wconf 86' lang='lat' dir='ltr'>eciam</span> <span class='ocrx_word' id='word_1_215' title='bbox 803 2236 900 2289; x_wconf 90' lang='lat' dir='ltr'>quia</span> <span class='ocrx_word' id='word_1_216' title='bbox 922 2245 1021 2275; x_wconf 90' lang='lat' dir='ltr'>tunc</span> <span class='ocrx_word' id='word_1_217' title='bbox 1055 2236 1208 2275; x_wconf 86' lang='lat' dir='ltr'>noticia</span> <span class='ocrx_word' id='word_1_218' title='bbox 1236 2246 1310 2276; x_wconf 90' lang='lat' dir='ltr'>aut</span> <span class='ocrx_word' id='word_1_219' title='bbox 1341 2237 1510 2276; x_wconf 81' lang='lat' dir='ltr'>volucio</span> 
     </span>
     <span class='ocr_line' id='line_1_30' title="bbox 194 2305 1439 2358; baseline 0 -14"><span class='ocrx_word' id='word_1_220' title='bbox 194 2306 333 2345; x_wconf 85' lang='lat' dir='ltr'>divina</span> <span class='ocrx_word' id='word_1_221' title='bbox 365 2306 618 2358; x_wconf 87' lang='lat' dir='ltr'>dependeret</span> <span class='ocrx_word' id='word_1_222' title='bbox 649 2306 698 2345; x_wconf 91' lang='lat' dir='ltr'>ab</span> <span class='ocrx_word' id='word_1_223' title='bbox 733 2305 963 2345; x_wconf 87' lang='lat' dir='ltr'>extrinseco</span> <span class='ocrx_word' id='word_1_224' title='bbox 996 2306 1090 2358; x_wconf 87' lang='lat' dir='ltr'>plus</span> <span class='ocrx_word' id='word_1_225' title='bbox 1124 2320 1252 2358; x_wconf 83' lang='lat' dir='ltr'>quam</span> <span class='ocrx_word' id='word_1_226' title='bbox 1286 2315 1439 2345; x_wconf 86' lang='lat' dir='ltr'>nostra.</span> 
     </span>
    </p>
   </div>
   <div class='ocr_carea' id='block_1_3' title="bbox 194 2406 1512 2720">
    <p class='ocr_par' dir='ltr' id='par_1_4' title="bbox 194 2406 1512 2720">
     <span class='ocr_line' id='line_1_31' title="bbox 252 2406 1512 2442; baseline 0 -8"><span class='ocrx_word' id='word_1_227' title='bbox 252 2415 275 2434; x_wconf 80' lang='lat'>2.</span> <span class='ocrx_word' id='word_1_228' title='bbox 295 2408 322 2434; x_wconf 92' lang='lat' dir='ltr'><strong>A</strong></span> <span class='ocrx_word' id='word_1_229' title='bbox 342 2407 372 2433; x_wconf 88' lang='lat' dir='ltr'>in</span> <span class='ocrx_word' id='word_1_230' title='bbox 393 2415 513 2442; x_wconf 65' lang='lat' dir='ltr'>marg:</span> <span class='ocrx_word' id='word_1_231' title='bbox 541 2406 621 2434; x_wconf 84' lang='lat' dir='ltr'>Nota</span> <span class='ocrx_word' id='word_1_232' title='bbox 641 2407 756 2434; x_wconf 81' lang='lat' dir='ltr'>bonam</span> <span class='ocrx_word' id='word_1_233' title='bbox 782 2406 952 2434; x_wconf 76' lang='lat' dir='ltr'>racionem,</span> <span class='ocrx_word' id='word_1_234' title='bbox 1076 2406 1099 2434; x_wconf 69' lang='lat'>3.</span> <span class='ocrx_word' id='word_1_235' title='bbox 1123 2407 1149 2433; x_wconf 81' lang='lat' dir='ltr'><strong>A</strong></span> <span class='ocrx_word' id='word_1_236' title='bbox 1168 2406 1197 2433; x_wconf 92' lang='lat' dir='ltr'>in</span> <span class='ocrx_word' id='word_1_237' title='bbox 1218 2415 1332 2441; x_wconf 63' lang='lat' dir='ltr'>marg:</span> <span class='ocrx_word' id='word_1_238' title='bbox 1363 2406 1512 2441; x_wconf 73' lang='lat' dir='ltr'>Arguitur</span> 
     </span>
     <span class='ocr_line' id='line_1_32' title="bbox 194 2453 1509 2488; baseline -0.001 -8"><span class='ocrx_word' id='word_1_239' title='bbox 194 2453 276 2488; x_wconf 83' lang='lat' dir='ltr'>quod</span> <span class='ocrx_word' id='word_1_240' title='bbox 306 2453 500 2488; x_wconf 81' lang='lat' dir='ltr'>impossibile</span> <span class='ocrx_word' id='word_1_241' title='bbox 528 2459 572 2480; x_wconf 80' lang='lat' dir='ltr'>est</span> <span class='ocrx_word' id='word_1_242' title='bbox 600 2454 768 2488; x_wconf 80' lang='lat' dir='ltr'>prescitum</span> <span class='ocrx_word' id='word_1_243' title='bbox 798 2461 864 2479; x_wconf 73' lang='lat' dir='ltr'>esse</span> <span class='ocrx_word' id='word_1_244' title='bbox 892 2453 1067 2480; x_wconf 87' lang='lat' dir='ltr'>membrum</span> <span class='ocrx_word' id='word_1_245' title='bbox 1095 2453 1221 2479; x_wconf 74' lang='lat' dir='ltr'>ecclesie</span> <span class='ocrx_word' id='word_1_246' title='bbox 1248 2461 1363 2488; x_wconf 73' lang='lat' dir='ltr'>sponse</span> <span class='ocrx_word' id='word_1_247' title='bbox 1385 2453 1509 2480; x_wconf 78' lang='lat' dir='ltr'>Christi.</span> 
     </span>
     <span class='ocr_line' id='line_1_33' title="bbox 194 2498 1512 2535; baseline 0.003 -10"><span class='ocrx_word' id='word_1_248' title='bbox 194 2500 314 2533; x_wconf 70' lang='lat' dir='ltr'>(Above</span> <span class='ocrx_word' id='word_1_249' title='bbox 334 2498 398 2533; x_wconf 66' lang='lat'>139¹*</span> <span class='ocrx_word' id='word_1_250' title='bbox 418 2500 545 2526; x_wconf 77' lang='lat' dir='ltr'>without</span> <span class='ocrx_word' id='word_1_251' title='bbox 565 2501 650 2526; x_wconf 71' lang='lat' dir='ltr'>mark</span> <span class='ocrx_word' id='word_1_252' title='bbox 671 2499 705 2526; x_wconf 77' lang='lat' dir='ltr'>of</span> <span class='ocrx_word' id='word_1_253' title='bbox 723 2499 901 2532; x_wconf 73' lang='lat' dir='ltr'>reference.)</span> <span class='ocrx_word' id='word_1_254' title='bbox 1012 2507 1051 2525; x_wconf 81' lang='grc' dir='ltr'>ιο.</span> <span class='ocrx_word' id='word_1_255' title='bbox 1073 2500 1101 2525; x_wconf 86' lang='grc' dir='ltr'><strong>Α</strong></span> <span class='ocrx_word' id='word_1_256' title='bbox 1121 2499 1149 2525; x_wconf 83' lang='lat' dir='ltr'>in</span> <span class='ocrx_word' id='word_1_257' title='bbox 1173 2508 1286 2534; x_wconf 42' lang='lat' dir='ltr'>marga</span> <span class='ocrx_word' id='word_1_258' title='bbox 1309 2500 1512 2535; x_wconf 75' lang='lat' dir='ltr'>SupposieiO.</span> 
     </span>
     <span class='ocr_line' id='line_1_34' title="bbox 194 2544 1510 2582; baseline 0 -9"><span class='ocrx_word' id='word_1_259' title='bbox 194 2554 231 2573; x_wconf 61' lang='grc' dir='ltr'>ιε.</span> <span class='ocrx_word' id='word_1_260' title='bbox 253 2548 280 2573; x_wconf 83' lang='grc' dir='ltr'>Α</span> <span class='ocrx_word' id='word_1_261' title='bbox 309 2546 339 2573; x_wconf 86' lang='lat' dir='ltr'>in</span> <span class='ocrx_word' id='word_1_262' title='bbox 366 2554 483 2580; x_wconf 57' lang='lat' dir='ltr'>marg:</span> <span class='ocrx_word' id='word_1_263' title='bbox 510 2547 715 2580; x_wconf 71' lang='lat' dir='ltr'>Augustinus.</span> <span class='ocrx_word' id='word_1_264' title='bbox 860 2554 896 2573; x_wconf 78' lang='lat'>12.</span> <span class='ocrx_word' id='word_1_265' title='bbox 918 2545 1008 2572; x_wconf 82' lang='lat' dir='ltr'>Recte</span> <span class='ocrx_word' id='word_1_266' title='bbox 1030 2544 1111 2581; x_wconf 78' lang='lat' dir='ltr'>XIV,</span> <span class='ocrx_word' id='word_1_267' title='bbox 1140 2554 1207 2580; x_wconf 77' lang='lat' dir='ltr'>cap.</span> <span class='ocrx_word' id='word_1_268' title='bbox 1230 2545 1340 2582; x_wconf 79' lang='lat' dir='ltr'>XVIII,</span> <span class='ocrx_word' id='word_1_269' title='bbox 1368 2546 1405 2573; x_wconf 70' lang='lat' dir='ltr'>ct&#39;.</span> <span class='ocrx_word' id='word_1_270' title='bbox 1429 2546 1510 2581; x_wconf 81' lang='lat' dir='ltr'>Opp.</span> 
     </span>
     <span class='ocr_line' id='line_1_35' title="bbox 195 2591 1510 2629; baseline 0 -10"><span class='ocrx_word' id='word_1_271' title='bbox 195 2591 365 2626; x_wconf 77' lang='lat' dir='ltr'>Aug.V111,</span> <span class='ocrx_word' id='word_1_272' title='bbox 387 2601 456 2627; x_wconf 79' lang='lat' dir='ltr'>pag.</span> <span class='ocrx_word' id='word_1_273' title='bbox 471 2593 524 2628; x_wconf 66' lang='lat'>955)</span> <span class='ocrx_word' id='word_1_274' title='bbox 541 2592 579 2619; x_wconf 82' lang='lat' dir='ltr'>cf.</span> <span class='ocrx_word' id='word_1_275' title='bbox 593 2598 621 2620; x_wconf 86' lang='lat' dir='ltr'>et</span> <span class='ocrx_word' id='word_1_276' title='bbox 637 2593 780 2629; x_wconf 77' lang='lat' dir='ltr'>1ib.V111‚</span> <span class='ocrx_word' id='word_1_277' title='bbox 803 2601 869 2628; x_wconf 79' lang='lat' dir='ltr'>cap.</span> <span class='ocrx_word' id='word_1_278' title='bbox 885 2593 948 2620; x_wconf 76' lang='lat' dir='ltr'>XII.</span> <span class='ocrx_word' id='word_1_279' title='bbox 972 2593 1010 2619; x_wconf 70' lang='lat' dir='ltr'>B:</span> <span class='ocrx_word' id='word_1_280' title='bbox 1032 2592 1101 2620; x_wconf 86' lang='lat' dir='ltr'>ideo</span> <span class='ocrx_word' id='word_1_281' title='bbox 1116 2597 1314 2620; x_wconf 79' lang='lat' dir='ltr'>contestatur.</span> <span class='ocrx_word' id='word_1_282' title='bbox 1389 2592 1426 2619; x_wconf 70' lang='lat'>13.</span> <span class='ocrx_word' id='word_1_283' title='bbox 1444 2593 1464 2619; x_wconf 73' lang='lat' dir='ltr'>B</span> <span class='ocrx_word' id='word_1_284' title='bbox 1481 2594 1510 2620; x_wconf 84' lang='lat' dir='ltr'>in</span> 
     </span>
     <span class='ocr_line' id='line_1_36' title="bbox 195 2638 1512 2675; baseline 0.001 -10"><span class='ocrx_word' id='word_1_285' title='bbox 195 2646 309 2672; x_wconf 55' lang='lat' dir='ltr'>marg:</span> <span class='ocrx_word' id='word_1_286' title='bbox 333 2638 550 2675; x_wconf 76' lang='lat' dir='ltr'>ssradwardyn.</span> <span class='ocrx_word' id='word_1_287' title='bbox 643 2641 684 2667; x_wconf 71' lang='lat'>10.</span> <span class='ocrx_word' id='word_1_288' title='bbox 706 2640 744 2666; x_wconf 73' lang='lat' dir='ltr'>B:</span> <span class='ocrx_word' id='word_1_289' title='bbox 768 2647 822 2666; x_wconf 84' lang='lat' dir='ltr'>nec</span> <span class='ocrx_word' id='word_1_290' title='bbox 844 2645 945 2674; x_wconf 73' lang='lat' dir='ltr'>partes</span> <span class='ocrx_word' id='word_1_291' title='bbox 967 2644 1027 2666; x_wconf 65' lang='lat' dir='ltr'>aut,</span> <span class='ocrx_word' id='word_1_292' title='bbox 1107 2646 1150 2665; x_wconf 77' lang='lat'>22.</span> <span class='ocrx_word' id='word_1_293' title='bbox 1173 2639 1194 2665; x_wconf 80' lang='grc' dir='ltr'>Β</span> <span class='ocrx_word' id='word_1_294' title='bbox 1216 2639 1245 2665; x_wconf 90' lang='lat' dir='ltr'>in</span> <span class='ocrx_word' id='word_1_295' title='bbox 1264 2647 1378 2674; x_wconf 61' lang='lat' dir='ltr'>marg:</span> <span class='ocrx_word' id='word_1_296' title='bbox 1399 2639 1512 2666; x_wconf 84' lang='lat' dir='ltr'>Probat</span> 
     </span>
     <span class='ocr_line' id='line_1_37' title="bbox 198 2685 842 2720; baseline 0.002 -8"><span class='ocrx_word' id='word_1_297' title='bbox 198 2685 367 2720; x_wconf 83' lang='lat' dir='ltr'>prescitum</span> <span class='ocrx_word' id='word_1_298' title='bbox 389 2693 448 2713; x_wconf 83' lang='lat' dir='ltr'>non</span> <span class='ocrx_word' id='word_1_299' title='bbox 471 2694 538 2712; x_wconf 85' lang='lat' dir='ltr'>esse</span> <span class='ocrx_word' id='word_1_300' title='bbox 560 2691 679 2720; x_wconf 85' lang='lat' dir='ltr'>partem</span> <span class='ocrx_word' id='word_1_301' title='bbox 700 2686 842 2713; x_wconf 83' lang='lat' dir='ltr'>ecclesie.</span> 
     </span>
    </p>
   </div>
   <div class='ocr_carea' id='block_1_4' title="bbox 198 2756 1516 2916">
    <p class='ocr_par' dir='ltr' id='par_1_5' title="bbox 198 2756 1516 2916">
     <span class='ocr_line' id='line_1_38' title="bbox 260 2756 1516 2800; baseline 0 -12"><span class='ocrx_word' id='word_1_302' title='bbox 260 2768 308 2797; x_wconf 81' lang='lat'>14.</span> <span class='ocrx_word' id='word_1_303' title='bbox 319 2757 668 2800; x_wconf 76' lang='lat' dir='ltr'>Doctorprofundus3</span> <span class='ocrx_word' id='word_1_304' title='bbox 680 2757 747 2789; x_wconf 85' lang='lat' dir='ltr'>this</span> <span class='ocrx_word' id='word_1_305' title='bbox 763 2757 790 2788; x_wconf 86' lang='lat' dir='ltr'>is</span> <span class='ocrx_word' id='word_1_306' title='bbox 805 2757 863 2789; x_wconf 85' lang='lat' dir='ltr'>the</span> <span class='ocrx_word' id='word_1_307' title='bbox 874 2756 1143 2799; x_wconf 79' lang='lat' dir='ltr'>distinguishing</span> <span class='ocrx_word' id='word_1_308' title='bbox 1158 2769 1258 2790; x_wconf 84' lang='lat' dir='ltr'>name</span> <span class='ocrx_word' id='word_1_309' title='bbox 1268 2756 1468 2789; x_wconf 80' lang='lat' dir='ltr'>ofThomas</span> <span class='ocrx_word' id='word_1_310' title='bbox 1478 2757 1516 2789; x_wconf 88' lang='lat' dir='ltr'>of</span> 
     </span>
     <span class='ocr_line' id='line_1_39' title="bbox 198 2813 1512 2855; baseline 0 -9"><span class='ocrx_word' id='word_1_311' title='bbox 198 2815 453 2854; x_wconf 79' lang='lat' dir='ltr'>Bradwardine,</span> <span class='ocrx_word' id='word_1_312' title='bbox 472 2815 531 2846; x_wconf 85' lang='lat' dir='ltr'>the</span> <span class='ocrx_word' id='word_1_313' title='bbox 566 2814 779 2846; x_wconf 82' lang='lat' dir='ltr'>wellknown</span> <span class='ocrx_word' id='word_1_314' title='bbox 793 2813 995 2855; x_wconf 74' lang='lat' dir='ltr'>theologiam</span> <span class='ocrx_word' id='word_1_315' title='bbox 1009 2821 1041 2846; x_wconf 89' lang='lat' dir='ltr'>et</span> <span class='ocrx_word' id='word_1_316' title='bbox 1056 2815 1346 2847; x_wconf 79' lang='lat' dir='ltr'>mathematician,</span> <span class='ocrx_word' id='word_1_317' title='bbox 1373 2816 1425 2846; x_wconf 91' lang='lat' dir='ltr'>He</span> <span class='ocrx_word' id='word_1_318' title='bbox 1440 2825 1512 2846; x_wconf 86' lang='lat' dir='ltr'>was</span> 
     </span>
     <span class='ocr_line' id='line_1_40' title="bbox 198 2872 1511 2916; baseline 0 -12"><span class='ocrx_word' id='word_1_319' title='bbox 198 2874 378 2905; x_wconf 84' lang='lat' dir='ltr'>confessor</span> <span class='ocrx_word' id='word_1_320' title='bbox 393 2873 639 2904; x_wconf 80' lang='lat' dir='ltr'>ofEdwardllI</span> <span class='ocrx_word' id='word_1_321' title='bbox 655 2873 721 2904; x_wconf 82' lang='lat' dir='ltr'>and</span> <span class='ocrx_word' id='word_1_322' title='bbox 737 2873 946 2916; x_wconf 83' lang='lat' dir='ltr'>archbishop</span> <span class='ocrx_word' id='word_1_323' title='bbox 962 2872 1234 2915; x_wconf 81' lang='lat' dir='ltr'>ofCanterbury‚</span> <span class='ocrx_word' id='word_1_324' title='bbox 1246 2874 1311 2904; x_wconf 74' lang='lat' dir='ltr'>and</span> <span class='ocrx_word' id='word_1_325' title='bbox 1329 2873 1511 2913; x_wconf 75' lang='lat' dir='ltr'>died1340-</span> 
     </span>
    </p>
   </div>
   <div class='ocr_carea' id='block_1_5' title="bbox 1746 268 1798 307">
    <p class='ocr_par' dir='ltr' id='par_1_6' title="bbox 1746 268 1798 307">
     <span class='ocr_line' id='line_1_41' title="bbox 1746 268 1798 307; baseline -0.038 0"><span class='ocrx_word' id='word_1_326' title='bbox 1746 268 1798 307; x_wconf 81' lang='lat'>79</span> 
     </span>
    </p>
   </div>
   <div class='ocr_carea' id='block_1_6' title="bbox 1525 593 1801 733">
    <p class='ocr_par' dir='ltr' id='par_1_7' title="bbox 1525 593 1801 733">
     <span class='ocr_line' id='line_1_42' title="bbox 1544 593 1781 622; baseline 0 -1"><span class='ocrx_word' id='word_1_327' title='bbox 1544 593 1647 621; x_wconf 82' lang='lat' dir='ltr'>Christ</span> <span class='ocrx_word' id='word_1_328' title='bbox 1668 600 1781 622; x_wconf 84' lang='lat' dir='ltr'>cannot</span> 
     </span>
     <span class='ocr_line' id='line_1_43' title="bbox 1526 629 1800 656; baseline 0.004 -1"><span class='ocrx_word' id='word_1_329' title='bbox 1526 637 1613 655; x_wconf 81' lang='lat' dir='ltr'>cease</span> <span class='ocrx_word' id='word_1_330' title='bbox 1628 634 1657 656; x_wconf 88' lang='lat' dir='ltr'>to</span> <span class='ocrx_word' id='word_1_331' title='bbox 1673 629 1740 656; x_wconf 81' lang='lat' dir='ltr'>love</span> <span class='ocrx_word' id='word_1_332' title='bbox 1754 630 1800 656; x_wconf 87' lang='lat' dir='ltr'>his</span> 
     </span>
     <span class='ocr_line' id='line_1_44' title="bbox 1525 671 1801 699; baseline 0.004 -10"><span class='ocrx_word' id='word_1_333' title='bbox 1525 671 1640 698; x_wconf 76' lang='lat' dir='ltr'>sponse</span> <span class='ocrx_word' id='word_1_334' title='bbox 1662 672 1717 691; x_wconf 80' lang='lat' dir='ltr'>noi·</span> <span class='ocrx_word' id='word_1_335' title='bbox 1742 672 1801 699; x_wconf 77' lang='lat' dir='ltr'>any</span> 
     </span>
     <span class='ocr_line' id='line_1_45' title="bbox 1526 698 1798 733; baseline 0 -8"><span class='ocrx_word' id='word_1_336' title='bbox 1526 698 1798 733; x_wconf 68' lang='lat' dir='ltr'>ofherme1nber53</span> 
     </span>
    </p>
   </div>
  </div>
 </body>
</html>
