2051 3273
229 231 317 258 CAP.
347 219 442 277 ΚΜ]
744 231 804 261 DE
831 230 1063 262 ECCLESJA.

80 350 113 383 D
138 348 215 382 168¹³
232 339 285 377 Et
329 338 411 377 hoc
457 346 517 376 est
560 346 713 375 notum
767 333 1095 387 intelligentibus
1138 342 1300 372 textum
1344 333 1540 384 Apostoli

229 407 408 460 Philipp.
434 407 523 457 1110,
551 406 587 457 3,
611 414 650 444 et
674 405 764 445 Gal.
788 404 879 456 V10,
910 409 992 455 140,
1020 402 1219 442 dicentis:
1243 402 1376 441 Miclzi
1399 408 1540 441 autem

230 477 340 516 absit
368 476 557 529 gloriari
591 476 672 514 nisi
703 476 746 514 in
780 486 908 513 cruce
939 473 1101 512 domini
1131 472 1233 512 Jesu
1270 472 1442 511 Christi.

139 558 171 590 Ε
191 558 215 590 2
289 546 408 596 Item,
442 559 489 584 ex
512 553 710 597 precepto
734 543 810 583 Dei
833 553 872 583 et
894 543 981 582 eius
1006 541 1268 582 successione
1296 541 1541 580 hereditaria

197 614 303 658 5filii
346 613 532 667 adoptivi
578 627 665 652 non
708 622 872 653 tenetur
918 613 1036 652 heres
1080 611 1325 651 continuare
1369 610 1541 664 aliquod

139 684 394 728 168⁰bonum
440 683 696 736 opusssnisi
750 697 798 722 ex
848 683 976 722 libera
1019 682 1256 733 voluntate3
1304 681 1375 720 sed
1413 680 1540 731 Deus,

229 764 345 806 pater
386 753 549 792 heredis
581 753 676 805 plus
720 752 879 804 obligat
911 766 1039 805 quam
1071 760 1188 804 pater
1220 764 1319 790 suus
1352 749 1539 800 carnalis,

231 837 329 876 ergo
374 823 511 862 multo
544 822 677 875 magis
711 835 759 860 ex
791 821 1051 874 obligacione
1084 820 1211 873 patris
1244 819 1416 859 carnalis
1454 831 1575 858 non·

1746 215 1820 254 281

230 902 394 933 tenetur
425 892 481 932 sic
514 892 644 931 facere
678 892 758 931 nisi
792 905 839 930 ex
870 891 1000 930 libera
1030 891 1260 930 voluntate.
1284 890 1396 929 Deus
1429 888 1542 927 enim
1586 901 1657 929 God
1677 900 1804 929 ordains

1556 937 1593 965 all
1615 944 1676 972 goo
1683 936 1700 964 d
1726 937 1831 963 works

178 983 215 1005 10
231 963 374 1016 posuit
419 961 638 1001 hominem
671 961 713 999 in
745 970 861 1001 tanta
893 960 1092 1011 libertate,
1137 961 1253 1013 quod
1285 972 1372 998 non
1404 967 1543 1011 potest
1573 976 1604 999 to
1626 973 1662 999 be
1682 971 1764 999 done
1784 970 1819 998 of

231 1031 308 1070 sibi
340 1031 569 1084 quicquam
600 1030 790 1069 absolute
823 1030 1034 1083 precipere
1066 1029 1144 1068 nisi
1175 1029 1451 1080 meritorium,
1504 1037 1543 1067 et

232 1115 305 1153 per
357 1114 617 1153 consequens
661 1099 819 1139 adiecta
874 1099 1132 1150 condicione,
1184 1108 1231 1139 ut
1272 1099 1398 1138 libere
1440 1098 1544 1138 illud

233 1170 429 1223 perficiat.
466 1170 587 1210 Unde
608 1169 871 1222 Augustinus
895 1183 1019 1222 super
1040 1169 1258 1209 Psalmum
1277 1168 1548 1209 CXLVIII¹¹¹¹¹2

233 1240 281 1279 In
315 1248 400 1288 tuo,
433 1239 582 1293 inquit,
613 1240 790 1279 arbitrio
813 1240 933 1279 Deus
954 1247 992 1279 te
1017 1252 1108 1279 esse
1140 1240 1284 1290 voluit,
1317 1239 1386 1278 cui
1408 1251 1545 1291 pares

181 1323 217 1353 1¹3
233 1310 388 1360 locum,
412 1310 505 1349 Deo
528 1315 603 1348 aut
625 1309 814 1360 diabolo,
832 1322 926 1348 cum
944 1310 1194 1361 paraveris,
1218 1310 1291 1362 qui
1304 1308 1546 1361 possidebit

1613 1006 1678 1034 free
1698 1006 1770 1033 will.

233 1380 323 1431 ipse
356 1379 592 1431 imperabit.
627 1379 707 1419 Sed
729 1379 835 1418 absit
867 1388 912 1418 ut
934 1379 1082 1433 aliquis
1115 1388 1299 1431 reportet
1330 1393 1397 1418 me
1423 1379 1544 1432 'quod
1560 1389 1585 1423 (1
1607 1393 1688 1416 musi
1717 1394 1771 1416 not
1797 1388 1834 1415 be

1589 1423 1752 1458 supposed
1774 1428 1804 1450 to

233 1449 330 1488 dem
353 1448 616 1488 occasionem
651 1448 832 1488 dominis
864 1449 1166 1502 temporalibus
1195 1450 1247 1487 ad
1275 1448 1543 1501 spoliandum
1560 1466 1650 1486 mean
1672 1457 1833 1485 thatlords

1587 1493 1698 1520 should
1719 1500 1809 1519 ccase

234 1527 422 1557 sanctam
464 1518 681 1557 ecclesiam
723 1519 789 1558 vel
821 1519 873 1557 ad
907 1518 1245 1558 continuandum
1294 1518 1644 1562 elemosinaseiheir
1664 1536 1701 1562 pa
1725 1531 1825 1554 ments

235 1602 337 1641 quas
368 1588 655 1641 progenitores
687 1601 836 1627 eorum
867 1588 1122 1641 inceperant,
1162 1602 1260 1628 cum
1292 1602 1340 1627 ex
1372 1589 1542 1628 conclu-

178 1680 219 1701 20
235 1658 352 1698 sione
399 1667 600 1711 sequatur
642 1657 871 1698 formaliter
914 1659 1031 1711 quod
1062 1668 1257 1698 tenentur
1294 1659 1544 1698 elemosinas

234 1729 335 1767 tales
382 1727 590 1780 perficere.
653 1728 738 1768 Scit
782 1728 895 1768 enim
937 1728 1099 1781 logicus
1146 1729 1263 1782 quod
1295 1728 1328 1768 si
1360 1742 1447 1768 non
1489 1728 1554 1768 sic·

235 1797 510 1837 elemosinare
543 1798 620 1837 nisi
653 1797 778 1838 libere
812 1807 912 1838 tunc
945 1807 1151 1850 tenentur,
1186 1798 1278 1852 quis
1312 1812 1444 1851 queso
1476 1812 1544 1838 ur-

235 1876 347 1918 geret
390 1880 530 1920 regem
570 1867 720 1919 Anglie
768 1868 991 1908 coaccione
1024 1868 1130 1908 civili
1176 1868 1420 1908 continuare
1464 1869 1544 1908 ele-

235 1936 419 1976 mosinas
451 1937 577 1989 patris
609 1934 697 1976 sui?
735 1939 832 1977 Non
864 1952 933 1977 rex
956 1937 1188 1990 preteritus,
1221 1947 1312 1978 turn
1345 1938 1442 1991 quia
1475 1952 1548 1990 par

181 2006 279 2049 25in
311 2019 456 2058 parem
491 2019 578 2046 non
610 2007 735 2046 habet
765 2007 1006 2060 imperium,
1040 2016 1130 2047 tum
1163 2008 1296 2047 eciam
1318 2008 1415 2062 quia
1447 2008 1547 2060 ipsis

236 2075 277 2113 in
310 2088 438 2128 regno
476 2076 893 2129 incompossibilibus
927 2086 987 2117 est
1018 2078 1194 2130 plenum
1226 2077 1289 2117 ius
1323 2079 1375 2117 ad
1406 2091 1547 2132 regem

236 2153 456 2196 posterum
499 2145 744 2198 derivatum,
796 2159 871 2185 nec
924 2146 1168 2199 imperatori
1213 2148 1405 2201 pertinet,
1451 2162 1548 2187 cum

236 2226 414 2267 regnum
446 2223 641 2254 nostrum
673 2229 761 2255 non
794 2216 845 2255 sit
876 2216 1054 2269 imperio
1087 2217 1145 2256 sic
1177 2217 1460 2270 subiugatum.

297 2284 357 2322 Ex
401 2284 553 2337 quibus
598 2285 785 2338 sequitur
827 2288 944 2339 quod
976 2299 1061 2326 non
1095 2287 1274 2339 pertinet
1305 2289 1356 2327 ad
1395 2301 1550 2340 papam

183 2364 225 2397 30
239 2362 410 2406 propter
431 2354 737 2407 obligacionem
761 2356 866 2408 regis
889 2365 927 2396 et
949 2356 1064 2409 regni
1086 2356 1268 2410 antiquis
1289 2357 1550 2411 temporibus

292 2544 316 2562 2⁴
338 2537 471 2572 Philipp.
500 2537 533 2563 In
554 2537 645 2564 codd.
676 2538 815 2573 seqnitur
842 2539 960 2566 lacuna.
993 2540 1126 2568 Addidi:
1147 2540 1197 2576 ΙΙΙ,
1231 2541 1257 2568 .5.
1401 2541 1441 2569 ιε’).
1472 2542 1500 2568 Α
1520 2541 1549 2569 in

241 2591 355 2618 marg:
375 2583 455 2611 Nota
467 2585 658 2612 solucionem
671 2585 820 2612 obiectus.
902 2585 942 2614 ιδ.
956 2586 1310 2623 discontinuandum(1³).
1394 2596 1433 2615 21.
1453 2589 1482 2616 A
1494 2589 1549 2623 Al:

241 2632 323 2664 qnod
345 2630 368 2656 si
391 2638 451 2657 non
472 2635 621 2658 tenentur.
763 2638 805 2658 22.
828 2630 867 2659 23.
891 2632 929 2659 13:
951 2638 1046 2668 urget.
1079 2634 1107 2661 A
1132 2634 1161 2661 in
1189 2642 1303 2669 marg:
1332 2634 1403 2662 Non
1431 2639 1551 2662 tenetur

241 2677 319 2703 nlius
339 2677 519 2704 continuare
548 2678 743 2705 dotacionen]
764 2678 934 2706 elemosine
962 2681 1055 2714 patris
1082 2681 1139 2707 sui*
1282 2682 1326 2709 28.
1358 2682 1396 2708 B:
1426 2689 1485 2709 non
1513 2677 1552 2709 sit'

242 2723 430 2756 imperatori.
574 2731 620 2758 29.
641 2724 670 2751 A
690 2724 719 2751 in
742 2732 856 2760 marg:
879 2724 1058 2753 Conclusio.

304 2840 353 2872 13.
380 2840 471 2883 Opp.
497 2849 581 2873 tom.
607 2842 663 2883 IV,
689 2852 723 2884 p.
751 2842 789 2885 ΙΙ,
815 2853 892 2886 pag.
926 2843 1020 2887 1673.

1556 1567 1589 1590 to
1615 1563 1665 1590 the
1716 1562 1834 1595 burch.)
