2051 3273
231 221 319 249 CAP.
339 210 451 269 xxm]
723 227 781 257 DE
808 225 1040 258 ECCLESIA.
1742 221 1762 259 5
1776 235 1786 259 ¹
1799 234 1822 272 9

80 329 453 382 A1990generibus
497 339 677 381 prosunt
720 329 917 381 suffragia
965 330 1005 368 in
1052 338 1217 369 tantum
1253 332 1367 384 quod
1407 332 1534 371 Judas

229 398 269 437 in
305 399 370 437 die
405 399 619 439 dominico
659 400 820 452 quievit
853 413 873 438 a
907 413 1029 452 pena⁷
1072 400 1168 440 licet
1208 413 1293 439 non
1327 401 1380 440 sit
1413 401 1534 440 valde

229 468 504 507 autenticum.
546 469 600 508 Et
643 469 700 508 sic
753 482 973 522 nunquam
1019 468 1250 508 dimittitur
1294 470 1534 523 dampnatis

228 550 335 588 pena
396 537 656 590 simpliciter,
730 539 801 578 sed
860 538 1241 591 proporcionaliter
1299 540 1533 579 secundum

194 614 388 658 5partem
433 616 570 646 cotan]
609 622 691 647 non
740 617 959 661 quantam,
1001 616 1040 647 et
1078 608 1135 646 sic
1179 608 1367 660 glossant
1421 609 1532 649 dicta

134 685 211 731 199³
226 684 471 715 sanctorum
517 678 632 729 quod
667 677 907 730 dampnatis
951 690 1035 716 non
1075 675 1298 726 prosunt*
1322 678 1532 731 suffragia,
1571 694 1636 732 *and
1658 694 1794 732 declares

226 745 383 785 scilicet
416 747 662 786 excellenter
695 747 827 786 malis.
862 747 915 786 Et
946 755 1044 799 post
1077 746 1269 799 sequitur
1292 729 1818 797 Hostiensis¹¹¹¹³1³<ie<¹1teci¹ci¹ea;ble

226 816 436 854 sentencia
476 816 515 854 in
555 816 631 855 hec
669 817 817 856 verba:
861 816 956 855 Non
1000 822 1062 855 est
1108 816 1210 855 mihi
1252 822 1369 855 tanta
1413 819 1532 870 copia

227 890 272 922 ut
309 884 388 923 ista
427 885 635 939 dffniam
683 885 784 938 quid
832 885 979 926 debeat
1028 886 1162 925 teneri
1210 886 1390 939 precise.
1444 888 1532 927 Nec

170 953 502 999 101nnocencius
544 955 612 994 ΙΙΙ.
646 956 716 1008 qui
750 964 892 995 tantus
934 964 1022 994 erat
1059 955 1193 994 voluit
1232 954 1414 995 diffinire
1458 957 1530 996 sed

224 1024 392 1077 reliquit
438 1024 722 1078 disputacioni
769 1034 809 1064 et
868 1025 1046 1064 discrete
1093 1025 1414 1076 investigacioni
1466 1023 1807 1096 (utthlgutthffigsigssffi

222 1102 337 1145 patet
359 1094 399 1132 in
424 1095 485 1134 De
510 1094 808 1134 Celebracione
830 1095 969 1145 misse,
997 1094 1102 1133 Cum
1136 1092 1340 1148 Martha).
1366 1094 1530 1135 Tamen
1719 1076 1737 1104 g
1811 1089 1818 1096 ”

222 1163 432 1202 sentencia
456 1163 755 1216 theologorum
786 1173 848 1204 est
873 1164 1078 1203 celebrior
1108 1172 1149 1204 et
1179 1165 1316 1204 verior
1349 1165 1529 1205 videtur.

279 1232 414 1273 Volve
456 1234 599 1286 itaque
630 1242 669 1272 et
693 1234 860 1273 revolve
894 1235 1152 1274 sentenciam
1186 1234 1311 1274 huius
1345 1235 1530 1275 doctoris

169 1303 365 1354 15magni
404 1302 446 1342 in
479 1303 570 1342 iure
604 1304 808 1342 canonico
837 1312 878 1344 et
912 1304 1007 1343 vide
1040 1304 1074 1343 si
1106 1304 1159 1343 sit
1192 1304 1308 1344 testis
1337 1305 1530 1358 ydoneus

221 1373 274 1410 ad
317 1372 658 1412 confirmandum
704 1373 818 1427 quod
852 1381 951 1412 sunt
984 1373 1174 1413 facienda
1217 1373 1419 1426 suffragia
1451 1388 1530 1428 pro

222 1442 460 1494 dampnatis
495 1444 546 1481 ad
582 1456 734 1495 penam
765 1451 1032 1496 perpetuam.
1068 1443 1192 1483 Unde
1224 1444 1394 1484 videtur
1426 1444 1530 1483 mihi

222 1511 337 1564 quod
355 1520 492 1551 totum
509 1526 641 1564 genus
657 1513 894 1552 humanum
912 1514 1037 1552 debet
1054 1513 1322 1553 concorditer
1333 1514 1529 1554 detestari

221 1581 465 1621 huiusmodi
498 1583 718 1622 mendacia
749 1591 790 1622 et
819 1582 1050 1636 dampnare
1073 1582 1197 1622 istam
1221 1583 1527 1636 blasphemiam

165 1671 207 1693 20
223 1651 336 1703 quod
370 1651 532 1691 licitum
567 1661 628 1691 est
662 1652 844 1692 mentiri.
886 1651 995 1691 Cum
1037 1652 1149 1691 enim
1188 1653 1355 1692 mentiri
1389 1653 1442 1692 sit
1481 1666 1528 1692 ex

222 1733 332 1773 equo
363 1735 536 1774 peccare
571 1721 637 1777 (ut
669 1723 816 1763 dicunt
848 1720 1016 1777 sancti),
1050 1723 1084 1761 si
1116 1722 1214 1762 licet
1245 1723 1430 1776 mentiri,
1470 1724 1528 1763 sic

219 1790 381 1829 licitum
429 1800 491 1830 est
534 1804 721 1844 peccare,
767 1792 838 1832 sed
886 1792 985 1831 dare
1024 1792 1139 1831 illam
1177 1792 1394 1833 licenciam
1442 1807 1526 1833 non

220 1860 365 1899 subest
408 1862 609 1913 potestati
649 1862 803 1901 divine.
850 1862 957 1910 Quis
1004 1874 1104 1913 ergo
1146 1861 1416 1914 blasphemus
1460 1877 1526 1902 ex-

220 1929 386 1969 tolleret
418 1944 460 1969 se
493 1944 619 1983 super
650 1944 776 1970 omne
809 1931 924 1985 quod
959 1931 1112 1970 dicitur
1137 1931 1264 1984 Deus,
1300 1933 1414 1985 quod
1439 1933 1527 1987 ipse

163 2008 202 2040 25
220 1999 346 2038 habet
377 1999 647 2053 privilegium
681 2001 746 2040 vel
777 2001 994 2040 licenciam
1029 1998 1289 2040 menciendi?

170 2078 205 2110 Β
279 2069 401 2108 Unde
434 2069 617 2120 graviter
649 2069 729 2109 fert
757 2070 905 2109 doctor
929 2083 1024 2109 cum
1049 2070 1134 2109 suis
1159 2071 1274 2123 quod
1298 2070 1525 2111 irridebam
1554 2088 1620 2116 The
1642 2089 1797 2116 doctoris

220 2138 342 2177 istam
382 2139 640 2178 sentenciam
683 2140 861 2179 dicendo
900 2153 967 2179 me
1000 2140 1161 2180 nescire
1194 2153 1322 2193 quam
1354 2141 1527 2181 laudem
1552 2124 1814 2199 ῗῃξζῖειῖξῖἒῗὲἶι

221 2208 313 2247 talis
347 2208 548 2248 mentitor
580 2209 774 2263 egregius
808 2218 1059 2262 reportaret,
1106 2210 1184 2249 nisi
1224 2209 1333 2249 forte
1372 2219 1420 2250 ut
1451 2225 1527 2264 pre
1611 2200 1642 2222 at
1667 2197 1743 2222 mm.

219 2277 416 2318 omnibus
441 2279 530 2318 aliis
555 2278 660 2318 ferat
684 2287 835 2319 cotem.
868 2279 978 2319 Cum
1003 2280 1115 2318 enim
1139 2280 1253 2320 Deus
1277 2294 1361 2320 non
1386 2290 1527 2334 potest

162 2360 203 2393 30
218 2361 292 2400 per
330 2362 372 2387 se
411 2348 475 2387 vel
513 2348 644 2387 alium
682 2348 817 2388 facere
858 2357 943 2388 tam
982 2350 1201 2402 solempne
1239 2350 1524 2402 mendacium,

217 2417 386 2457 videtur
429 2418 545 2471 quod
592 2431 740 2457 omnes
779 2418 974 2471 discipuli
1012 2419 1200 2459 veritatis
1240 2420 1394 2460 debent
1433 2421 1524 2460 acui

271 2563 298 2592 5.
319 2568 431 2598 emam,
452 2564 482 2591 id
504 2569 550 2591 est
569 2568 705 2600 quotam.
727 2565 783 2598 A1:
803 2568 909 2592 totam.
1052 2574 1079 2602 7.
1099 2564 1127 2593 A
1141 2565 1171 2593 in
1200 2574 1314 2602 marg.:
1337 2566 1522 2595 Hostiensis.

218 2618 259 2642 ¹4-
281 2610 309 2637 A
328 2610 385 2644 A2:
406 2609 504 2637 Volve
526 2614 554 2637 et
574 2610 696 2638 revolve
715 2610 828 2646 itaque.
970 2609 1014 2638 23.
1034 2613 1063 2639 A
1083 2611 1114 2639 in
1128 2620 1242 2647 marg-2
1262 2612 1344 2641 Nota
1363 2613 1524 2648 quomodo

217 2655 382 2683 mendaces
404 2660 474 2683 sunt
493 2655 652 2683 irridendi.

278 2784 329 2806 10.
357 2775 490 2806 Decret.
516 2773 707 2806 Innocentil
735 2773 788 2807 ΙΙΙ.
820 2775 931 2814 Quum
958 2775 1145 2819 Marthae3
1172 2777 1306 2809 Decret.
1335 2777 1438 2820 Greg.
1464 2777 1522 2818 IX,

217 2832 275 2865 lib.
302 2832 355 2873 111,
381 2832 430 2864 tit.
457 2834 545 2874 XLI,
571 2843 644 2876 cap<
672 2833 727 2865 VI.
