2051 3273
218 251 307 280 CAP.
330 241 441 299 xvir]
727 255 784 285 DE
812 253 1045 286 ECCLESIA.
1732 258 1778 296 4¹
1794 259 1813 296 3

68 370 102 410 Q
125 369 201 402 186εὶ
216 357 430 398 Christum
461 372 544 398 non
578 372 677 406 esse,
718 372 792 398 nec
834 359 939 411 sapit
977 358 1326 398 incarcerantibus
1359 371 1526 412 presens

214 436 380 481 tempus
425 429 540 481 quod
585 442 608 467 a
651 437 783 468 morte
829 428 982 468 Christi
1029 437 1287 467 sacramenta
1335 441 1524 480 sumpse-

213 506 311 537 runt
342 511 461 537 suam
492 497 709 551 originem,
743 498 848 537 sicut
880 506 993 550 patet
1030 498 1244 550 querendo
1278 511 1360 550 que
1392 510 1524 536 sacra-

215 576 356 606 menta
388 576 427 607 et
459 568 629 620 quando
662 577 933 620 sumpserunt
965 581 987 605 a
1019 567 1126 606 dicta
1149 575 1283 606 morte
1306 566 1524 619 originem.

181 637 299 679 5Nec
343 637 451 676 valet
491 637 569 676 alia
607 637 825 690 responsio
858 650 940 690 qua
973 636 1121 676 dicitur
1155 637 1268 690 quod
1300 635 1526 688 descripcio
1564 642 1614 679 My
1628 651 1666 679 op
1694 649 1788 672 onent

1567 686 1598 705 sa
1625 687 1638 706 s
1659 683 1722 707 tiat
1743 680 1789 707 his

214 705 397 757 predicta
447 706 614 746 ecclesie
666 720 750 746 non
804 705 1026 759 compeciit
1078 705 1249 745 ecclesie
1293 705 1335 744 in
1381 714 1525 744 sancto
1551 713 1806 784 dgopigiffiydffis

213 774 364 827 triduo,
397 784 489 815 tum
522 776 618 828 quia
652 785 752 815 tunc
785 775 1013 828 descripcio
1046 789 1129 814 non
1152 776 1305 814 valeret
1338 789 1419 829 que
1442 785 1525 815 tam
1549 782 1802 845 ttgeetfflggcgaiu

213 844 295 884 cito
340 844 531 885 deficeret
573 845 614 884 in
660 844 830 884 floribus
863 845 1031 884 ecclesie
1075 845 1296 897 primitive,
1341 855 1434 885 tum
1464 858 1526 884 se·
1770 827 1815 855 ys.

214 915 352 953 cundo
397 915 493 968 quia
536 915 649 954 iuxta
694 915 897 954 declarata
936 914 1162 967 descripcio
1208 914 1376 954 ecclesie
1409 928 1525 954 com-

159 1003 199 1024 10
213 984 337 1036 peciit
369 984 598 1024 christianis
643 993 737 1024 ante
771 993 952 1024 mortem
986 983 1140 1023 Christi
1174 993 1212 1023 et
1244 997 1317 1036 per
1348 984 1461 1024 idem
1483 984 1525 1023 in

215 1062 358 1093 sancto
391 1053 545 1094 triduo.
581 1055 679 1093 Non
712 1067 809 1107 ergo
842 1053 1067 1092 deserenda
1092 1061 1152 1092 est
1184 1061 1271 1091 tam
1304 1052 1385 1092 cito
1418 1052 1526 1092 dicta
1585 1060 1662 1089 This
1682 1062 1708 1089 is
1729 1071 1765 1090 an

1540 1098 1625 1132 early
1657 1098 1813 1125 desertion

214 1122 454 1175 descripci0‚
500 1137 597 1163 cum
640 1123 683 1162 in
729 1123 811 1162 fine
852 1121 1026 1162 adicitur
1085 1122 1201 1174 quod
1261 1122 1383 1161 stabit
1438 1135 1524 1161 non
1550 1132 1801 1195 ofghffiffinffion

1696 1189 1704 1204 5

212 1191 473 1232 obstantibus
505 1193 609 1232 meis
643 1192 873 1232 obiectibus
918 1192 960 1230 in
1006 1200 1208 1231 eternum.
1260 1191 1340 1231 Sed
1383 1204 1523 1230 revera
1565 1202 1713 1238 declares,
1729 1203 1788 1230 wil}

210 1259 363 1314 fingere
395 1261 727 1315 descripcionem
751 1275 824 1314 per
847 1275 975 1314 quarn
1002 1261 1290 1300 excluderetur
1310 1275 1333 1300 a
1353 1261 1522 1300 racione
1539 1237 1628 1264 stand
1655 1237 1704 1264 for
1732 1245 1812 1265 ever.

161 1330 380 1370 15ecclesie
412 1340 499 1370 tam
530 1340 721 1371 sanctum
755 1331 1048 1383 apostolorum
1078 1329 1301 1382 collegium
1327 1343 1425 1369 cum
1448 1343 1523 1369 suo

210 1399 356 1439 abbate
401 1414 474 1453 pro
519 1410 609 1440 toto
653 1410 842 1453 ternpore
882 1413 955 1438 sue
998 1399 1197 1438 viacionis
1229 1399 1392 1439 videtur
1431 1413 1521 1452 pre-

210 1469 414 1522 sumpcio,
455 1484 552 1510 cum
584 1470 748 1523 presciti
784 1470 979 1509 dicuntur
1018 1482 1105 1508 esse
1137 1470 1187 1508 de
1219 1477 1360 1508 sancta
1392 1478 1523 1509 matre

210 1539 379 1578 ecclesia
412 1549 451 1579 et
476 1540 518 1579 in
542 1540 747 1593 principio
769 1539 917 1579 mundi
940 1547 1034 1578 ante
1057 1538 1316 1578 creacionem
1339 1538 1522 1578 hominis

209 1607 315 1647 sicut
358 1617 398 1648 et
438 1609 563 1662 lapsis
601 1610 810 1649 ambobus
854 1608 1095 1662 parentibus
1129 1608 1206 1648 fuit
1252 1608 1421 1648 ecclesia
1459 1607 1523 1662 (ut

154 1696 194 1717 20
209 1686 322 1729 patet
353 1678 635 1718 Encheridion
670 1676 858 1732 LX1V0).

170 1756 193 1787 5
266 1747 450 1786 Ulterius
468 1749 763 1801 respondendo
780 1749 830 1787 ad
846 1748 1038 1801 quintam
1061 1747 1350 1787 raciunculum
1374 1747 1524 1786 dicitur
1537 1756 1561 1785 5.
1583 1757 1632 1793 My
1652 1763 1812 1793 opponent

209 1817 324 1868 quod
346 1817 451 1857 sicut
473 1818 668 1858 continue
689 1828 830 1858 manet
852 1819 997 1858 eadem
1016 1817 1173 1871 species
1196 1817 1421 1857 hominum
1436 1830 1522 1856 non
1539 1793 1809 1867 νυυιζὲιῗιὲἓζιῖοῖέιῗ-

209 1886 400 1926 obstante
421 1889 537 1940 quod
560 1888 775 1928 individua
795 1888 1064 1939 variarentur,
1087 1888 1143 1927 sic
1165 1897 1307 1927 manet
1322 1887 1521 1927 continue
1538 1863 1810 1934 ¹¹⁰sslzirtsyvii¹a¹i³yihe

209 1956 355 1995 eadem
387 1957 628 1997 universalis
658 1958 827 1997 ecclesia
855 1972 940 1997 non
970 1958 1161 1997 obstante
1189 1958 1306 2011 quod
1333 1958 1522 1997 membra

153 2032 191 2064 25
209 2025 286 2063 alia
304 2036 553 2077 generentur
568 2036 608 2067 et
622 2027 700 2067 alia
715 2036 1048 2080 corrumpantur.
1062 2027 1127 2066 Sic
1145 2025 1318 2081 (inquit)
1337 2027 1522 2066 manebit

207 2094 320 2134 idem
363 2096 494 2135 horno
538 2097 579 2135 in
627 2110 806 2136 numero
855 2110 940 2136 non
985 2097 1177 2136 obstante
1222 2097 1338 2150 quod
1385 2106 1521 2148 partes

209 2165 376 2217 equales
420 2165 496 2204 alie
530 2174 778 2217 generentur
810 2174 850 2204 et
881 2165 959 2205 alie
992 2175 1327 2218 corrumpantur.
1381 2166 1520 2213 Quare

208 2246 311 2286 rogo
344 2248 431 2273 non
465 2234 521 2274 sic
555 2235 629 2274 erit
661 2236 711 2274 de
745 2248 922 2288 corpore
947 2235 1099 2275 Christi
1122 2235 1289 2274 mistico
1313 2236 1428 2288 quod
1460 2243 1520 2274 est

208 2302 401 2343 ecclesia?
448 2304 500 2343 Et
538 2318 677 2343 revera
708 2305 812 2344 illud
844 2314 904 2344 est
937 2305 1042 2344 bene
1075 2305 1235 2344 dictum
1281 2305 1518 2344 dummodo

153 2381 193 2413 30
209 2382 524 2426 consequenter.
558 2373 738 2427 Oportet
770 2374 882 2414 enim
916 2375 1132 2413 ecclesiam
1160 2373 1406 2414 catholicam
1431 2388 1519 2413 esse

208 2455 336 2481 unam
381 2456 606 2495 personam
650 2457 852 2496 sponsam
886 2453 926 2483 et
959 2458 1044 2483 non
1077 2443 1304 2483 formaliter
1335 2443 1519 2496 speciem

206 2512 271 2551 vel
314 2512 545 2552 universale
589 2513 703 2566 quod
748 2513 799 2552 sit
842 2513 1077 2552 ¹multorum
1114 2512 1401 2566 singularium,
1447 2514 1518 2552 sed

260 2644 279 2663 ι.
311 2636 594 2671 incarcerantibus3
628 2636 664 2663 ita
698 2635 788 2663 codd.
932 2645 970 2672 ¹7·
1005 2637 1026 2663 B
1059 2637 1089 2664 in
1125 2644 1242 2671 marg.:
1282 2637 1364 2664 Ante
1393 2638 1515 2672 lapsum

210 2683 384 2718 primorum
406 2687 569 2718 parentum
590 2688 654 2710 erat
675 2683 813 2710 ecclesia.
922 2690 967 2710 20.
982 2683 1009 2710 A
1024 2683 1054 2711 in
1073 2690 1190 2717 marg:
1208 2682 1323 2718 Quinta
1340 2683 1515 2718 responsio.

207 2737 253 2756 20.
274 2728 405 2763 LXIV⁰;
428 2734 507 2756 recte
527 2728 620 2756 LVH.
728 2729 769 2756 23.
793 2729 831 2755 ss:
853 2729 1053 2756 individua—
1067 2729 1149 2764 quod
1167 2729 1260 2756 deest.
1370 2729 1415 2757 30.
1437 2730 1466 2758 A
1485 2730 1516 2757 in

208 2782 325 2809 marg.:
341 2775 479 2802 Ecclesia
500 2775 575 2810 quid
591 2775 656 2804 est?
676 2774 696 2801 B
713 2775 741 2802 in
759 2783 875 2809 marg:
892 2775 1028 2803 Ecclesia
1042 2781 1086 2803 est
1104 2784 1162 2802 una
1178 2783 1311 2810 persona
1326 2776 1514 2803 successiva.

267 2868 317 2890 21.
347 2858 397 2891 Cf.
425 2868 503 2901 pag.
536 2869 608 2900 114,
649 2859 669 2890 l.
703 2859 748 2890 13.
