2051 3273
206 237 278 275 162
916 246 1141 278 JOHANNIS
1168 246 1360 277 WYCLIF.
1599 231 1705 289 [CAP.
1726 242 1804 269 vm.

487 349 643 388 dolose.
678 349 809 388 Aliter
840 349 953 388 enim
985 358 1089 388 esset
1121 351 1216 389 dare
1247 349 1376 388 finem
1407 363 1480 388 sue
1513 348 1799 388 mendacitatis
1819 361 1898 393 151n
1918 360 1948 392 0

486 419 703 470 immense,
745 433 876 472 usque
908 420 960 458 ad
993 433 1120 472 quem
1153 428 1192 458 et
1230 433 1316 458 non
1361 420 1468 458 ultra
1506 419 1647 471 potuit
1678 419 1797 457 dece-

486 488 614 540 pisse;
659 490 773 541 quod
806 489 928 528 credo
962 502 1049 528 non
1080 489 1257 540 dabitur,
1297 502 1393 528 cum
1426 488 1575 528 dicitur
1608 501 1798 528 commu-

488 557 591 597 niter
630 559 745 611 quod
784 558 835 597 sit
878 558 1087 598 infinitum
1135 558 1368 598 misericors
1401 559 1471 597 sed
1502 558 1615 598 finite
1662 558 1801 598 solum

487 629 618 667 modo
652 628 880 669 miserator.
931 660 933 665 .
1820 628 1837 670 5'

251 705 299 732 No
318 712 420 731 worse
547 699 767 745 Quantum
807 698 858 736 ad
901 697 990 736 illas
1036 698 1137 736 duas
1178 696 1409 736 evidencias
1443 697 1558 750 quod
1591 696 1851 741 debuisse-D

223 740 363 767 doctrine
382 747 446 766 was

199 783 268 836 ciffi}
284 774 471 836 iiiaonpitiiiinzd'
487 781 582 806 mus
630 766 796 806 mentiri
840 774 984 806 contra
1021 766 1307 806 iuramentum
1340 775 1534 806 nostrum
1565 775 1651 805 tam
1684 765 1803 818 pium

216 844 460 905 tpgtlixevemmffigt
487 845 612 889 atque
656 836 893 888 legitimum
940 850 1081 875 coram
1126 836 1301 875 consilio
1347 835 1451 889 regis
1490 835 1633 886 nostri,
1666 836 1805 875 Deum

200 914 305 947 Kins's
328 912 699 945 C01111ci1-contestor
737 914 776 945 et
808 906 983 945 numina
1016 907 1130 958 quod
1162 906 1267 945 inter
1308 919 1455 945 omnes
1494 905 1703 944 doctrinas
1740 905 1805 944 vel

489 974 661 1014 consilia
694 988 774 1027 que
818 975 958 1014 audivi
1002 989 1088 1014 non
1134 975 1313 1014 occurrit
1351 974 1455 1013 mihi
1495 974 1665 1028 aliquod
1699 973 1864 1018 diffi-10

489 1044 606 1083 cilius
642 1052 714 1083 aut
745 1044 1040 1083 detestabilius.
1077 1045 1174 1084 Ideo
1207 1044 1371 1083 videtur
1401 1043 1503 1082 mihi
1527 1045 1642 1096 quod
1666 1044 1805 1083 minus

489 1113 598 1153 male
643 1112 780 1166 potuit
823 1113 949 1153 fuisse
995 1113 1156 1153 dictum
1194 1115 1245 1152 ad
1283 1122 1447 1166 partem
1481 1127 1609 1166 quam
1641 1114 1807 1166 publice

489 1184 545 1222 sic
589 1184 630 1222 in
679 1183 814 1234 scolis,
849 1197 948 1222 nam
981 1184 1036 1223 sic
1069 1184 1281 1223 menciens
1316 1183 1533 1223 manifeste
1572 1183 1809 1222 incurrisset

490 1253 719 1306 periurium
766 1263 805 1293 et
848 1253 1067 1293 infamiam
1113 1268 1241 1307 quam
1274 1254 1441 1304 vitabat,
1477 1262 1515 1293 et
1547 1253 1602 1292 ita
1637 1254 1807 1293 conclu-

491 1322 607 1361 sisset
666 1323 941 1376 culpabiliter,
1004 1324 1238 1363 secundum
1290 1332 1448 1362 nietam
1500 1323 1866 1376 redargucionis15

490 1394 672 1432 maxime
705 1393 781 1432 sibi
815 1393 906 1446 ipsi.
940 1394 1038 1433 Ideo
1071 1394 1211 1433 minus
1244 1394 1406 1433 malum
1429 1394 1600 1433 estsine
1623 1395 1809 1446 dampno

491 1463 628 1502 anime
661 1463 871 1516 pacienter
902 1463 985 1516 pati
1020 1464 1302 1503 detracciones
1348 1472 1387 1502 et
1430 1463 1635 1512 scandala,
1682 1477 1811 1516 quam

492 1533 742 1572 menciendo
776 1542 814 1572 et
853 1546 926 1585 per
967 1546 1229 1586 consequens
1261 1532 1499 1572 iniuriando
1531 1532 1608 1572 toti
1641 1532 1805 1571 univer-

493 1603 600 1642 sitati
641 1612 786 1653 create,
828 1602 1037 1642 offendere
1070 1603 1296 1643 dominum
1327 1603 1523 1642 veritatis.
1569 1603 1666 1641 Non
1699 1601 1811 1641 enim

203 1676 251 1704 No
273 1684 343 1703 case
364 1683 419 1703 <³³¹1
441 1676 476 1702 be
492 1672 723 1726 ymaginari
770 1682 910 1725 potest
953 1687 1071 1712 casus
1116 1687 1191 1712 nec
1237 1673 1413 1712 inveniri
1457 1672 1607 1712 ficticia
1650 1672 1692 1710 in
1725 1685 1811 1724 quo
1829 1693 1870 1714 20

231 1710 388 1738 imarvined
416 1711 445 1737 in

246 1732 346 1773 which
368 1746 389 1772 it
410 1746 434 1772 is
496 1743 557 1781 vel
605 1757 688 1796 qua
734 1742 895 1782 licitum
930 1752 989 1782 est
1022 1743 1202 1794 mentiri,
1234 1743 1368 1782 immo
1403 1752 1609 1782 crescente
1640 1742 1813 1781 menda-

229 1781 330 1808 lawful
352 1786 382 1808 to
404 1781 452 1808 11e.
494 1812 557 1851 cio
603 1812 735 1851 eciam
786 1812 829 1851 in
877 1813 985 1852 clero
1031 1813 1125 1865 plus
1170 1813 1294 1852 solito
1340 1822 1447 1852 esset
1480 1826 1587 1865 opus
1633 1811 1815 1851 doctoris

494 1881 679 1934 proferre
712 1883 762 1921 de
795 1883 992 1922 thesauro
1026 1882 1228 1935 scripture
1251 1882 1277 1910 ⁵³<
1298 1883 1486 1922 raciones
1511 1891 1549 1921 et
1572 1890 1816 1921 sanctorum
1838 1889 1912 1923 151¹³

493 1952 734 1991 testimonia
750 1952 792 1991 in
809 1952 1137 1991 detestacionem
1155 1953 1361 1991 mendacii
1379 1962 1419 1991 et
1438 1965 1521 1991 non
1540 1951 1678 1991 fovere
1693 1964 1810 1990 men-

495 2022 662 2061 dacium
678 2022 905 2061 mendaciis
918 2022 1225 2075 allegacionum
1240 2031 1279 2061 et
1295 2021 1530 2074 sophisticis
1546 2020 1815 2074 argumentis.
1833 2031 1872 2064 25

495 2092 586 2144 Ego
602 2091 761 2144 quippe
776 2091 987 2131 horrerem
1010 2092 1273 2131 introducere
1288 2091 1447 2130 scolam
1461 2091 1582 2130 istam
1599 2100 1817 2143 tamquam

495 2161 642 2200 doctor
665 2161 885 2212 mendacii,
919 2175 1017 2201 cum
1040 2175 1088 2200 ex
1111 2161 1329 2214 fragilitate
1361 2161 1485 2200 nimis
1517 2161 1640 2213 proni
1672 2173 1818 2199 sumus

495 2231 547 2268 ad
575 2231 655 2269 hoc
688 2230 775 2269 sine
808 2231 1066 2270 abduccione
1099 2231 1314 2284 peregrina
1347 2244 1420 2283 per
1451 2230 1673 2269 scienciam
1704 2243 1818 2269 men-

496 2300 651 2347 ciendi;
682 2301 830 2339 doctor
853 2300 1008 2353 itaque,
1032 2301 1186 2339 docens
1211 2302 1325 2354 quod
1350 2301 1513 2340 licitum
1546 2309 1607 2339 est
1638 2299 1817 2350 mentiri,

494 2369 721 2422 inperfecte
754 2369 956 2423 procedit,
996 2370 1072 2408 nisi
1113 2371 1260 2409 doceat
1298 2371 1519 2423 quomodo
1561 2368 1725 2408 licitum
1758 2376 1817 2407 est
1833 2379 1875 2411 30

495 2439 675 2491 mentiri,
724 2448 762 2478 et
809 2453 882 2492 per
934 2453 1211 2493 consequens,
1265 2440 1342 2478 nisi
1395 2441 1542 2479 doceat
1596 2438 1817 2492 quomodo
1852 2483 1862 2490 .

497 2511 700 2549 debemus
748 2509 928 2560 mentiri,
978 2518 1017 2548 et
1066 2510 1121 2548 sic
1155 2510 1390 2548 secundum
1423 2509 1580 2548 scolam
1612 2506 1819 2547 mendacii

499 2580 604 2619 foret
648 2579 854 2618 laudabile
900 2580 1065 2618 mentiri
1098 2580 1296 2632 fingendo
1330 2579 1429 2618 false
1462 2579 1654 2617 doctores
1687 2586 1818 2616 extra-

554 2728 579 2755 5.
601 2727 622 2753 Β
649 2728 679 2754 in
708 2735 803 2759 marg.
833 2735 914 2755 man.
944 2728 1013 2755 alt.:
1045 2727 1221 2754 Misericors
1250 2731 1295 2753 est
1315 2726 1397 2753 Deus
1418 2725 1544 2761 infinite,
1572 2725 1625 2751 scd
1658 2724 1740 2751 finite
1771 2729 1815 2750 est

499 2773 673 2801 miserator.
820 2772 848 2800 8.
877 2773 898 2800 I)
920 2773 948 2800 in
972 2781 1067 2806 marg.
1097 2781 1177 2800 man.
1208 2773 1277 2799 alt.:
1307 2772 1401 2799 Jurnt.
1539 2779 1576 2806 ¹7·
1605 2771 1680 2797 Ain
1704 2778 1819 2804 marg:

502 2820 680 2847 Conclusio.
823 2827 870 2846 20.
903 2820 921 2845 1}
945 2820 973 2846 in
997 2828 1092 2853 marg.
1124 2827 1205 2846 man.
1237 2819 1305 2845 alh:
1332 2818 1413 2845 Nota
1444 2818 1479 2844 de
1511 2825 1572 2843 non
1595 2816 1819 2843 committendo

501 2867 676 2893 mendacio.
822 2864 864 2892 23.
887 2866 929 2891 A:
951 2865 1112 2897 ιίιρκιιιιῑος
1134 2866 1178 2892 sic
1199 2870 1226 2891 ct
1249 2865 1276 2891 in
1300 2864 1511 2899 sequentibus.
