2051 3343
201 215 251 253 28

199 829 259 856 and
274 829 358 855 there
371 829 472 856 would

236 864 272 890 be
294 872 325 890 as
347 871 439 899 many

237 898 385 925 churches
406 907 437 925 as

198 933 284 960 there
310 941 390 960 were
415 942 472 968 po-

304 977 369 1003 pes.

199 1803 264 1831 Nor
279 1804 303 1829 is
321 1804 340 1830 it
360 1803 473 1830 certain

201 1840 263 1865 that
294 1847 309 1864 a
338 1839 420 1872 Pope
449 1838 474 1864 is

203 1873 279 1900 head
293 1874 326 1900 of
338 1873 384 1900 his
399 1881 473 1900 6011-

201 1908 475 1943 tempora1-ies‚for

202 1945 237 1970 116
267 1952 335 1979 may
364 1944 400 1970 be
427 1951 474 1970 re-

271 1979 409 2013 probate.

909 227 1130 259 JOHANNIS
1156 228 1351 262 WYCLIF.
1644 216 1796 275 [eman.

485 332 649 372 videtur
682 333 799 385 quod
831 341 1208 386 quantumcunque
1241 343 1437 386 corrupta
1458 335 1522 374 vel
1543 344 1711 387 gravata
1732 336 1795 387 sit,
1816 345 1894 379 131d
1913 346 1947 379 Β

487 402 560 440 erit
592 402 642 440 de
674 401 860 452 ecclesia,
908 410 947 440 et
979 415 1052 453 per
1096 414 1371 455 consequenS,
1420 403 1662 457 quicunque
1704 419 1796 458 pre-

486 470 648 523 positus
694 471 862 510 ecclesie
906 470 1012 510 foret
1056 470 1180 510 nimis
1224 472 1475 511 multociens
1519 473 1712 513 viduatus
1761 483 1800 514 et

487 541 763 593 desponsatus
796 540 902 579 ultra
935 540 1174 593 bigamiam,
1218 540 1458 594 trigamiam
1491 551 1530 581 et
1562 556 1794 595 quemcun-

487 623 569 662 que
602 609 778 662 gradum
811 623 833 647 a
866 609 986 648 nobis
1020 609 1251 662 cognitum,
1297 619 1335 650 et
1368 625 1464 650 cum
1510 612 1682 652 66616513
1713 624 1832 657 non5

488 679 539 718 sit
576 692 648 731 per
683 677 873 717 accidens
907 678 1090 729 ecclesia,
1134 678 1297 718 videtur
1329 681 1447 733 quod
1491 690 1659 720 mortua
1702 682 1800 722 huic

488 748 650 787 mundo
682 756 825 787 manet
857 747 1040 799 ecclesia,
1074 749 1146 787 sed
1177 748 1459 802 triumphans,

546 817 586 856 Si
633 816 792 856 dicatur
836 818 1020 857 secundo
1063 819 1180 870 quod
1223 827 1365 858 manet
1412 819 1611 859 continue
1655 821 1839 864 eademb
1867 831 1897 864 G

488 886 656 926 ecclesia
696 895 866 939 propter
909 886 1114 926 unitatem
1165 887 1309 940 capitis
1347 888 1499 928 scilicet
1542 903 1663 942 pape,
1714 902 1801 930 non

487 956 647 996 tollitur
678 956 780 1009 quin
813 956 950 996 adhuc
982 965 1045 996 tot
1075 966 1172 996 sunt
1202 957 1371 996 ecclesie
1403 967 1507 1011 quot
1536 967 1651 998 erant
1673 971 1860 1012 pape31o

487 1026 604 1078 quod
642 1034 702 1064 est
746 1034 890 1065 contra
929 1026 1190 1067 decretalem.
1237 1026 1449 1079 Similiter,
1494 1029 1708 1081 querendo
1753 1029 1803 1069 de

487 1095 690 1148 quiditate
722 1095 832 1134 illius
865 1096 1048 1148 ecclesie,
1091 1104 1219 1148 patet,
1258 1110 1356 1136 cum
1391 1097 1442 1137 sit
1485 1098 1578 1136 date
1610 1112 1800 1151 persone,

488 1166 577 1218 ipsa
609 1178 695 1204 non
730 1165 937 1218 dependet
969 1166 1019 1204 ab
1051 1165 1143 1218 ipso
1177 1166 1310 1219 capite
1344 1166 1388 1205 in
1419 1166 1588 1206 racione
1621 1167 1802 1220 ecclesie,

488 1249 584 1274 cum
631 1235 861 1287 decapitata
905 1235 956 1274 ab
995 1235 1074 1274 isto
1114 1236 1246 1288 capite
1279 1245 1420 1276 manet
1453 1251 1558 1290 eque
1590 1246 1732 1277 sancta
1764 1246 1804 1277 et

488 1315 606 1357 sana3
646 1318 744 1344 cum
779 1313 921 1344 tamen
958 1304 1072 1344 iuxta
1102 1305 1423 1358 responsionem
1468 1306 1549 1346 hoc
1593 1315 1718 1360 caput
1765 1316 1860 1349 et15

488 1374 563 1413 hec
595 1373 764 1413 ecclesia
798 1382 1153 1427 consequerentur
1185 1388 1226 1414 se
1257 1374 1300 1413 in
1332 1386 1469 1416 morte
1502 1385 1541 1416 et
1569 1377 1653 1416 vita
1685 1376 1804 1431 (nam

488 1444 676 1498 sequitur
719 1443 991 1496 expositorie:
1038 1444 1114 1483 iste
1157 1458 1334 1497 persone
1373 1454 1469 1485 sunt
1512 1445 1587 1485 hec
1634 1446 1804 1485 ecclesia

488 1528 570 1567 que
614 1513 779 1554 durabit
824 1527 896 1567 per
938 1523 1072 1553 totam
1113 1514 1241 1553 vitam
1284 1514 1394 1554 illius
1438 1514 1660 1568 hominis):
1706 1529 1803 1569 ergo

488 1586 563 1625 iste
596 1598 772 1637 persone
804 1584 860 1624 sic
893 1584 1115 1636 durabunt,
1161 1594 1200 1624 et
1232 1598 1305 1637 per
1336 1585 1449 1624 idem
1487 1585 1688 1637 desinent,
1722 1586 1800 1625 isto

488 1670 597 1708 papa
629 1663 813 1706 mortuo,
847 1656 964 1708 quod
996 1669 1071 1695 nec
1104 1665 1271 1708 oportet
1303 1656 1352 1694 de
1386 1655 1556 1694 ecclesia
1600 1656 1803 1695 materiali
1822 1674 1863 1696 20

488 1739 564 1764 nec
597 1725 815 1778 spirituali,
850 1739 946 1764 cum
979 1734 1058 1765 stat
1089 1726 1207 1779 quod
1228 1725 1302 1765 iste
1336 1725 1387 1764 sit
1409 1725 1571 1777 primus
1594 1734 1803 1778 mortuus,

490 1803 577 1834 tota
611 1794 780 1834 ecclesia
811 1808 886 1834 sua
917 1795 1149 1847 superstite.
1183 1796 1269 1834 Nec
1302 1803 1468 1847 oportet
1499 1795 1616 1847 quod
1647 1795 1724 1834 iste
1756 1795 1807 1835 sit

491 1864 733 1917 capitaneus
785 1864 980 1904 omnium
1024 1864 1203 1904 istorum
1246 1864 1288 1903 in
1333 1864 1533 1916 viacione,
1587 1864 1685 1918 quia
1728 1873 1807 1904 stat

490 1936 607 1987 quod
640 1934 692 1974 sit
722 1934 938 1987 prescitus,
972 1934 1060 1973 aliis
1092 1934 1135 1973 in
1168 1934 1364 1987 ampliori
1396 1934 1533 1987 gracia
1578 1934 1710 1974 eciam
1742 1948 1804 1973 56-

492 2005 680 2045 cundum
712 2013 950 2058 presentem
987 2004 1194 2044 iusticiam
1227 2013 1265 2044 et
1297 2004 1474 2043 finaliter
1505 2004 1801 2057 perseveranti·
1823 2013 1862 2045 25

492 2075 568 2114 bus
608 2088 654 2113 ac
692 2074 802 2113 viam
849 2075 1092 2127 oppositam
1134 2075 1358 2115 viantibus
1405 2073 1614 2125 Similiter,
1661 2074 1807 2113 eadem

493 2144 663 2184 ecclesia
694 2145 927 2197 apostolica
960 2145 1024 2184 cui
1058 2145 1204 2183 Petrus
1237 2144 1470 2197 presidebat
1502 2152 1644 2183 manet
1676 2144 1806 2183 modo

492 2222 531 2253 et
562 2214 747 2254 manebit
780 2214 991 2265 continue,
1024 2223 1071 2253 ut
1103 2213 1201 2253 dicit
1224 2213 1300 2253 ista
1333 2212 1478 2265 opinio
1503 2226 1601 2252 cum
1623 2214 1804 2254 decretO.

493 2284 569 2323 Iste
602 2297 699 2337 ergo
732 2298 840 2337 papa
872 2298 959 2323 non
992 2293 1130 2337 potest
1163 2297 1249 2322 esse
1282 2291 1407 2335 caput
1437 2296 1561 2336 super
1591 2283 1666 2322 ista
1688 2282 1808 2322 totali

493 2354 677 2406 66616513,
712 2354 810 2407 quia
842 2363 941 2393 tunc
973 2354 1142 2394 haberet
1174 2368 1220 2393 ex
1260 2366 1369 2406 equo
1416 2361 1479 2392 tot
1526 2352 1660 2405 capita
1704 2359 1865 2406 quot3o

492 2438 634 2476 papas,
669 2433 707 2463 et
739 2438 811 2477 per
844 2437 1118 2478 consequenS,
1152 2423 1242 2463 talis
1275 2422 1444 2462 ecclesia
1467 2422 1697 2462 successiva
1720 2436 1806 2462 non

493 2493 602 2546 capit
634 2507 755 2533 suam
787 2493 991 2533 unitatem
1023 2494 1073 2533 ab
1106 2493 1186 2533 isto
1219 2507 1341 2546 papa,
1381 2506 1479 2532 cum
1522 2491 1669 2532 habuit
1713 2491 1806 2531 uni—

492 2571 621 2602 tatem
665 2564 843 2603 eandem
889 2577 1019 2617 quam
1062 2564 1208 2613 modo,
1260 2571 1487 2615 antequam
1537 2561 1626 2614 ipse
1671 2560 1807 2611 fuerit,

493 2632 599 2672 sicut
632 2641 670 2672 et
702 2633 868 2673 habebit
901 2641 997 2686 post
1029 2632 1116 2672 eius
1150 2631 1483 2684 corrupcionem.

553 2824 572 2842 1.
595 2816 788 2851 Quacumque
808 2819 952 2850 corrupta
972 2816 1018 2842 vel
1040 2817 1141 2849 g'uata
1162 2815 1191 2842 111
1214 2814 1304 2842 codd.
1379 2822 1405 2848 ς).
1423 2814 1467 2841 A:
1490 2813 1622 2840 unitatis.
1697 2820 1737 2839 10.
1752 2813 1806 2846 A,:

493 2868 579 2889 crunt
601 2870 688 2897 pape.
787 2862 824 2889 13.
847 2861 885 2887 B:
908 2862 936 2888 in
958 2861 1096 2889 Romane
1117 2862 1253 2889 ecclesie.
