2051 3343
223 250 374 308 CAP.11.]
591 272 593 275 v
724 263 784 295 DE
809 262 1042 295 ECCLESIA.
1772 252 1818 291 33

111 380 148 413 G
177 380 201 412 5
274 369 391 420 Item,
430 381 556 406 nemo
595 365 641 406 fit
672 366 892 419 perplexus
931 380 979 406 ex
1010 366 1099 419 lege
1133 364 1286 405 Christi
1325 365 1533 418 obligatus
1547 373 1630 401 Such
1649 373 1823 413 subjection

127 426 267 477 ¹3²⁶ad
297 436 569 490 impossibile,
602 436 672 475 sed
704 435 785 475 hoc
810 435 1067 488 contingeret
1090 434 1184 474 data
1206 434 1281 473 ista
1304 434 1531 474 sentencia:
1547 409 1823 483 igodlciciri’ipigsiilgii

184 517 313 560 1ergo
346 514 513 558 oportet
544 505 681 558 ipsam
712 519 799 544 esse
831 504 1113 544 mendacium.
1160 503 1300 543 Minor
1333 504 1534 556 probatur
1641 478 1729 506 'mes'

215 589 288 629 per
326 575 407 615 hoc
445 575 562 628 quod
600 573 721 614 multi
753 573 932 614 infantes
965 573 1105 613 statim
1139 581 1236 626 post
1275 573 1534 626 baptismum

182 655 199 688 5
215 644 372 685 mortui
394 657 481 683 non
503 643 658 683 habent
685 642 971 696 prudenciam,
1004 651 1050 682 ut
1072 642 1207 682 taliter
1228 642 1390 682 subsint
1411 656 1534 695 pape,

215 728 290 754 nec
320 713 493 753 virtutes
524 711 661 752 infuse
697 712 901 752 inclinant
944 712 996 751 ad
1039 712 1167 751 talem
1209 711 1534 764 subieccionem,

216 784 321 824 sicut
352 783 554 823 inclinant
584 783 635 822 ad
671 781 982 822 subieccionem
1014 781 1190 821 domino
1222 781 1318 821 Jesu
1353 780 1533 821 Christo.

215 855 270 894 Et
299 853 411 893 idem
442 852 606 892 videtur
637 853 687 892 de
719 851 862 891 multis
895 850 1087 891 fidelibus
1120 851 1271 891 adultis
1297 850 1339 890 in
1364 850 1534 891 diversis

215 923 362 963 insulis
405 922 477 977 qui
515 936 651 976 neque
690 921 723 961 si
761 930 821 961 est
859 921 1104 961 huiusmodi
1143 935 1253 974 papa
1298 920 1532 960 audierunt.

178 1004 203 1037 2
274 992 483 1044 Similiter,
517 1005 593 1045 pro
626 1000 816 1044 tempore
849 990 1121 1031 intercidente
1149 990 1257 1030 inter
1277 998 1435 1030 mortes
1458 1004 1531 1043 pa-
1560 998 1731 1027 Christians
1762 998 1818 1027 are·

217 1075 368 1116 parum
399 1070 497 1102 sunt
528 1060 740 1101 christiani
772 1074 879 1114 eque
910 1059 1053 1100 fideles
1096 1068 1142 1100 ut
1186 1069 1282 1099 ante
1313 1060 1378 1099 vel
1422 1068 1532 1114 post,
1570 1034 1720 1096 Ῐέῗιῖῗιῒῗιῗ
1740 1033 1802 1096 {512⁵

218 1140 258 1172 et
289 1145 387 1172 cum
417 1139 518 1171 tunc
550 1144 636 1171 non
659 1139 757 1171 sunt
789 1130 845 1170 sic
877 1130 1045 1182 subditi,
1078 1129 1265 1183 sequitur
1293 1130 1410 1183 quod
1441 1103 1825 1174 talismiisigaffisstgien

220 1200 428 1241 subieccio
479 1214 566 1240 non
617 1200 669 1240 sit
717 1200 767 1239 de
818 1199 1060 1239 necessitate
1112 1199 1257 1239 salutis
1316 1198 1537 1239 cuiuslibet

220 1269 445 1310 christiani.
486 1270 575 1310 Stat
606 1277 748 1309 autem
780 1268 985 1308 infantem
1012 1268 1056 1308 in
1087 1268 1159 1308 illo
1183 1268 1404 1324 meditulio
1427 1277 1534 1308 tem-

165 1350 200 1382 15
218 1339 331 1394 poris
363 1339 489 1391 nasci,
522 1338 721 1392 baptizari
755 1347 794 1378 et
824 1338 931 1378 mori
965 1352 1092 1392 quem
1116 1346 1285 1391 oportet
1308 1338 1537 1378 concedere

216 1409 376 1462 salvari,
422 1409 517 1449 licet
547 1421 634 1448 non
667 1408 718 1447 sit
749 1408 958 1448 subiectus
989 1407 1061 1447 tali
1094 1408 1292 1447 Romano
1330 1406 1534 1461 pontifici.

178 1490 203 1523 3
222 1479 433 1531 Similiter,
467 1478 498 1519 si
522 1477 694 1518 ecclesia
716 1477 899 1517 militans
934 1477 1139 1530 indigeret
1176 1486 1345 1517 tantum
1376 1476 1538 1516 influxu

220 1549 346 1589 huius
377 1562 500 1602 pape,
543 1547 708 1588 videtur
740 1548 856 1601 quod
901 1547 1132 1600 decapitata
1178 1547 1346 1587 sentiret
1390 1548 1539 1587 saltem

221 1619 264 1658 in
303 1618 451 1659 effectu
495 1617 835 1658 subtraccione'm
881 1616 1086 1671 suffragii;
1130 1617 1187 1657 sic
1231 1616 1345 1657 enim
1387 1616 1539 1670 periret

163 1708 205 1731 20
221 1697 363 1729 sancta
410 1696 543 1728 mater
587 1687 758 1727 ecclesia
809 1687 941 1727 eciam
993 1687 1201 1739 interduo,
1254 1686 1333 1726 nisi
1371 1685 1541 1726 haberet

219 1757 491 1798 influenciam
537 1756 700 1796 domini
742 1757 838 1796 Jesu
883 1755 1048 1797 Christi.
1097 1757 1150 1796 Et
1196 1756 1229 1795 si
1277 1755 1418 1796 solum
1469 1768 1542 1809 per

219 1827 409 1868 accidens
439 1827 516 1867 iste
555 1825 707 1878 influit,
754 1827 975 1880 quomodo
1009 1835 1070 1867 est
1101 1826 1181 1866 hoc
1214 1827 1265 1866 de
1296 1825 1541 1879 necessitate

221 1897 364 1937 salutis
396 1893 589 1937 ecclesie?

180 1977 208 2009 4
280 1966 490 2019 Similiter,
512 1974 613 2006 tunc
636 1966 688 2005 ad
709 1965 1022 2019 perversionem
1044 1965 1207 2005 domini
1230 1979 1339 2019 pape
1362 1964 1540 2005 necessi-

165 2047 204 2079 25
221 2044 376 2077 taretur
417 2044 532 2076 totus
571 2036 758 2089 populus
796 2035 1042 2075 christianus
1074 2035 1267 2088 perverti,
1311 2049 1409 2075 cum
1439 2044 1541 2076 tunc

220 2105 412 2146 deficeret
443 2105 519 2145 sibi
552 2105 684 2158 salus;
717 2105 788 2145 sed
812 2105 982 2146 maioris
1004 2105 1130 2158 partis
1154 2105 1323 2146 ecclesie
1344 2104 1541 2159 potestati

221 2188 309 2215 non
351 2175 492 2215 subest
523 2175 639 2229 quod
671 2189 781 2228 papa
812 2175 864 2215 sit
894 2175 1108 2215 moraliter
1140 2175 1298 2216 bonus:
1334 2188 1432 2228 ergo
1464 2187 1541 2214 nec

224 2245 340 2299 quod
371 2244 462 2298 ipsa
486 2244 538 2285 sit
558 2244 772 2285 moraliter
793 2244 916 2284 bona.
949 2245 1087 2285 Nemo
1110 2244 1223 2285 enim
1245 2252 1385 2298 potest
1406 2243 1541 2283 dicere

221 2314 337 2368 quod
380 2327 404 2353 a
434 2327 544 2367 papa
586 2313 764 2367 prescito
809 2322 855 2354 ut
897 2314 1090 2354 membro
1135 2314 1290 2353 diaboli
1334 2313 1542 2367 dependet

163 2394 207 2427 30
222 2384 332 2423 salus
363 2383 583 2423 cuiuslibet
615 2383 839 2436 christiani,
871 2397 947 2423 nec
969 2383 1119 2437 aliquis
1141 2382 1271 2437 finget
1293 2383 1410 2437 quod
1431 2396 1540 2436 papa

222 2452 265 2492 in
297 2461 505 2507 quantum
536 2452 782 2493 huiusmodi
815 2453 866 2493 sit
898 2452 1169 2493 confirmatus
1201 2453 1244 2492 in
1275 2452 1424 2506 gracia.

181 2533 205 2566 5
280 2522 490 2574 Similiter,
507 2522 729 2576 supposito
753 2523 869 2576 quod
891 2536 1002 2576 papa
1024 2522 1258 2576 decrepitus
1281 2523 1399 2562 cedat
1412 2535 1540 2575 papa-

220 2592 284 2632 tui
317 2601 356 2632 et
380 2592 575 2632 succedat
594 2591 700 2632 alius
722 2592 864 2632 minus
890 2592 1042 2644 bonus,
1074 2592 1183 2632 sicut
1207 2591 1372 2632 videtur
1396 2591 1540 2632 multis

221 2661 491 2714 probabiliter
523 2660 651 2701 fuisse
684 2662 734 2701 de
768 2661 979 2702 Celestino
1014 2670 1053 2701 et
1084 2661 1302 2701 Bonifacio
1333 2662 1448 2702 VIIIo
1468 2661 1541 2715 qui

278 2759 325 2785 24.
346 2751 390 2779 25.
410 2751 450 2779 B:
477 2750 684 2779 nunciaretur.
790 2760 837 2789 29.
858 2752 904 2780 A:
933 2752 1019 2780 scito.
1048 2751 1088 2787 A¹
1108 2759 1189 2779 corr.
1210 2752 1241 2779 in
1261 2760 1365 2788 marg:
1393 2751 1541 2788 prescito.

280 2822 334 2863 34.
357 2823 530 2855 Celestine
554 2823 608 2863 V„
638 2821 698 2855 the
723 2823 954 2866 predecessor
978 2823 1018 2856 of
1039 2823 1204 2857 Boniface
1230 2823 1320 2857 VIII.
1346 2834 1419 2857 was
1444 2824 1542 2867 Pope

222 2879 312 2912 from
337 2881 416 2924 July
444 2880 474 2921 5,
505 2890 591 2924 ¹294
614 2886 651 2912 to
677 2881 760 2913 Dec.
791 2881 841 2920 13,
872 2892 969 2926 1294.

1408 2940 1426 2973 3
