2051 3273
231 234 318 264 CAP.
339 221 392 282 x]
718 236 778 268 DE
806 235 1041 268 ECCLESIA.
1748 238 1769 263 2
1783 239 1791 263 ι
1807 227 1825 264 5

79 354 116 387 Η
140 353 215 386 1580
231 343 396 382 cionem
440 340 773 381 conversacionis
813 340 907 379 cleri
946 340 1076 379 nostri
1117 340 1247 378 eciam
1279 339 1473 391 religiosi,
1506 338 1540 378 si

230 412 281 451 sit
312 410 643 464 proporcionalis
677 409 1052 462 correspondencia
1085 408 1321 462 utrobique.

198 492 217 524 Ι
289 480 449 520 Dicitur
480 480 592 519 enim
626 480 740 532 quod
773 480 904 518 clerus
938 479 1069 517 eciam
1112 486 1283 518 vocatus
1322 476 1539 530 religiosus
1556 486 1829 547 qventhzreffular

232 551 450 590 exheredat
473 550 630 589 multos
654 549 704 588 de
737 547 928 587 fratribus
952 547 1083 587 eciam
1114 561 1190 600 pro
1222 560 1297 586 suo
1322 556 1539 600 perpetuo,
1555 529 1659 591 iiiiii}
1685 525 1829 592 ηιΙΞ-ηθΐῑιιῖε

198 629 425 663 5vocantes
462 618 543 657 hoc
580 617 858 671 perquisitum
892 617 1045 657 Christi
1083 616 1404 669 patrimonium,
1444 630 1542 655 cum
1602 594 1784 625 perpetuity.

230 699 371 729 tamen
395 688 584 728 Christus
617 687 794 727 omnino
817 686 1139 739 exproprietarie
1161 687 1370 739 pendebat
1402 686 1541 725 nudus

232 759 274 797 in
314 772 451 809 cruce,
495 757 623 797 scisso
661 757 754 796 velo
788 756 948 809 templi,
993 757 1044 795 ad
1084 756 1373 795 denotandum
1404 755 1544 795 Judeis

232 837 272 868 et
302 827 496 881 gentibus
539 827 655 880 quod
694 826 918 879 spiritualis
957 825 1163 866 hereditas
1203 834 1263 865 est
1301 824 1544 877 simpliciter

232 898 466 951 appetenda
498 905 537 936 et
566 904 726 936 terrena
756 895 966 948 possessio
1000 895 1340 947 contempnenda
1379 892 1443 948 (ut
1475 908 1542 933 ex-

176 986 216 1007 ιο
232 968 419 1021 positum
451 974 512 1005 est
543 997 550 1005 .
576 998 584 1006 .
610 997 617 1005 .
653 978 742 1018 cap.
765 964 858 1003 libri
889 962 1023 1019 sexti).

293 1037 416 1076 Tunc
448 1035 561 1075 enim
593 1048 778 1074 essemus
810 1034 936 1074 altilia
969 1035 1018 1073 de
1050 1047 1156 1087 puro
1182 1034 1405 1085 frumento,
1427 1043 1546 1087 pasta

241 1107 292 1146 ad
324 1104 611 1157 exemplariter
641 1103 914 1143 nutriendum
957 1103 1077 1155 filios,
1123 1113 1168 1143 ut
1200 1103 1385 1143 fecerunt
1416 1103 1547 1143 sancti

239 1186 390 1230 patres,
446 1174 535 1214 vice
587 1187 771 1227 quorum
815 1173 1030 1226 fungimur
1080 1174 1226 1213 saltem
1274 1173 1315 1212 in
1359 1173 1545 1225 nomine,

237 1255 283 1286 ut
315 1257 617 1297 congregemus
661 1242 873 1295 pecunias,
918 1256 1005 1282 non
1045 1252 1091 1283 ut
1137 1256 1332 1282 sanemus
1370 1242 1543 1282 animas,

180 1315 366 1354 15Modo
398 1322 539 1353 autem
576 1312 852 1365 pervertimur
889 1312 932 1350 in
972 1326 1119 1352 corvos
1163 1312 1360 1365 perfidos,
1404 1322 1545 1365 pastos

234 1385 285 1424 de
318 1384 514 1423 cadavere
553 1392 665 1422 extra
702 1396 852 1422 navem
892 1382 1075 1434 ecclesie,
1123 1391 1163 1422 et
1198 1392 1418 1436 tamquam
1450 1396 1545 1421 aves

234 1452 500 1506 rapacissime
531 1452 575 1491 in
607 1452 739 1491 altum
770 1452 1048 1503 ascendimus,
1091 1465 1178 1491 non
1210 1453 1262 1491 ad
1294 1452 1476 1505 pericula
1508 1461 1547 1491 et

235 1523 461 1563 commoda
493 1520 723 1574 spiritualia
746 1521 914 1560 ecclesie
948 1522 1252 1574 speculandum
1283 1522 1354 1561 sed
1385 1521 1547 1561 lumina

139 1608 217 1643 158«
234 1593 437 1632 habemus
481 1591 732 1642 acutissima,
777 1591 965 1630 membra
1007 1588 1314 1630 velocissima*
1338 1600 1376 1631 et
1412 1601 1545 1630 rostra

174 1678 215 1700 20
232 1660 511 1701 retentissima
542 1662 593 1700 ad
626 1661 908 1713 predandum3
942 1670 981 1700 et
1013 1674 1110 1700 cum
1138 1661 1283 1700 beatus
1308 1660 1545 1714 GregoriUS,

232 1740 376 1784 pastor
399 1730 636 1783 precipUUS,
671 1730 769 1770 dicit
790 1731 906 1770 XXI0
939 1729 1179 1781 Moralium,
1215 1744 1304 1783 cap.
1329 1730 1416 1781 IV0,
1450 1730 1545 1770 satis

231 1813 426 1853 asperum
448 1800 623 1839 verbum
646 1808 770 1854 atque
793 1799 1036 1839 terrificum:
1061 1800 1252 1848 Festina,
1276 1800 1424 1853 inquit,
1446 1812 1545 1839 con-

230 1871 391 1910 solacio
416 1869 624 1908 bonorum
649 1876 713 1909 est
732 1869 1153 1922 consideratusfinz's
1176 1870 1403 1909 malorum.
1428 1869 1545 1909 Dum

232 1941 342 1980 enim
377 1952 431 1979 ex
463 1952 609 1979 eorum
634 1940 807 1980 interitu
832 1940 994 1979 malum
1019 1940 1284 1992 conspiciunt
1316 1939 1429 1993 quod
1450 1952 1545 1979 eva-

177 2014 216 2047 25
235 2008 351 2060 dunt,
385 2009 487 2049 hene
520 2010 767 2049 existimant
791 2009 995 2062 quidquid
1025 2009 1254 2049 adversum
1285 2011 1327 2050 in
1350 2011 1431 2049 hac
1461 2011 1546 2050 vita

225 2080 479 2132 paciuntur.
514 2079 630 2118 Eant
660 2092 768 2133 ergo
804 2092 918 2118 nunc
950 2080 1123 2132 reprobi
1145 2087 1184 2119 et
1213 2080 1548 2120 delectacionum

235 2162 415 2190 suarum
439 2148 654 2189 desideria
677 2150 941 2201 compleant:
965 2149 1126 2202 infinis
1146 2150 1215 2189 Sui
1237 2149 1549 2202 dampnacione

233 2219 407 2260 sensuri
436 2224 548 2267 sunt,
583 2219 684 2271 quia
706 2226 881 2259 mortem
917 2220 1029 2259 male
1060 2220 1245 2259 viventes
1277 2225 1548 2260 amaverunt.

240 2288 509 2328 Transitorio
539 2294 699 2339 ‘autem
746 2288 923 2329 verbere
969 2289 1231 2342 affligantur
1271 2289 1402 2341 electi,
1450 2295 1493 2328 ut
1524 2302 1548 2328 a

179 2359 449 2411 3opravz'tate
473 2358 663 2412 flagella
702 2359 930 2411 corrigant
960 2371 1066 2410 quos
1095 2364 1286 2410 paterna
1313 2358 1456 2410 pietas
1493 2357 1550 2397 ad

236 2427 509 2468 hereditatem
548 2434 706 2468 servat.
761 2426 890 2466 Modo
923 2429 1074 2467 etenim
1103 2427 1369 2481 flagellatur
1401 2429 1549 2480 iustus,

291 2565 319 2591 ὅ.
340 2563 380 2590 B:
409 2571 445 2590 ex
464 2563 665 2598 proprietate.
808 2571 839 2599 ς).
861 2571 903 2591 10.
932 2563 1108 2599 expositum
1130 2569 1189 2591 est:
1223 2564 1362 2599 sequitur
1381 2564 1491 2592 lacuna
1519 2566 1549 2593 in

239 2611 331 2639 codd.
472 2616 519 2636 20.
540 2610 569 2636 A
588 2608 618 2636 in
639 2616 754 2644 marg:
776 2609 959 2645 Gregorius.
1102 2617 1145 2637 22.
1172 2610 1200 2637 A
1220 2610 1250 2637 in
1271 2619 1385 2646 marg:
1411 2611 1493 2639 Nota
1513 2612 1550 2639 de

237 2656 441 2686 tribulacione
460 2656 615 2684 bonorum
637 2660 665 2683 et
684 2656 889 2692 prosperitate
903 2657 1056 2684 malorum
1077 2656 1108 2684 in
1129 2657 1185 2684 hac
1205 2658 1278 2685 vita.
1419 2657 1462 2686 25.
1484 2659 1550 2686 leve

240 2704 415 2731 existimant
439 2702 471 2730 in
499 2706 582 2730 textu
617 2710 641 2728 s.
669 2701 830 2737 Gregorii3
858 2703 1008 2739 quidquid
1037 2704 1176 2731 adversi:
1207 2703 1248 2731 ib.
1391 2703 1430 2732 31.
1459 2703 1549 2732 Nunc

239 2750 352 2777 etenim
373 2749 403 2777 in
424 2753 509 2776 textu
529 2757 554 2775 s.
576 2747 668 2784 Greg.

301 2854 352 2877 22.
380 2844 473 2887 Opp.
499 2851 571 2876 tom
600 2845 624 2877 Ι.
649 2854 727 2887 pag.
754 2843 832 2877 681.
