2051 3273
222 214 310 241 CAP.
327 203 452 261 xxiii]
729 219 785 249 DE
813 219 1047 250 ECCLEsm.
1730 210 1801 248 551

62 333 96 365 A
117 322 378 364 2030brevius
416 322 592 373 pacieris
626 322 859 361 secundum
892 336 1045 374 penam
1077 323 1323 375 purgatorii,
1369 334 1408 364 et
1440 326 1517 364 ista
1531 332 1808 381 Thel-attermean-

210 392 348 444 glossa
400 400 460 430 est
511 391 722 430 sentencie
770 392 1090 431 decretistarum
1143 393 1428 444 pertinencior
1480 367 1807 438 etlssgthiei'dffssigiigtes‘i

211 461 332 500 dictis
366 473 513 499 eorum
554 459 810 500 conformior
845 459 910 515 (ut
947 469 1063 513 patet
1095 461 1136 500 in
1170 462 1231 501 De
1266 462 1518 503 Penitenciis

211 539 252 570 et
284 529 643 581 Remissionibus;
689 543 777 583 cap.
831 530 955 579 Quod
992 534 1151 580 autem)
1184 531 1226 570 in
1258 534 1401 584 verbo,
1446 534 1518 572 sed

177 610 359 654 Squeres
392 599 493 653 quid
527 596 672 639 sonat?

169 689 195 714 a
269 669 462 709 Sumitur
506 677 649 708 autem
689 669 1016 709 fundamentum
1057 669 1183 709 huius
1224 672 1436 712 sentencie
1469 687 1517 713 ex
1558 678 1775 742 Tssffitssffififfl

210 740 287 778 ista
332 738 655 792 ymaginacione
697 737 936 778 fantastica:
990 740 1168 779 Ponitur
1213 741 1324 780 enirn
1375 742 1804 794 primoinventionwhich

209 808 323 861 quod
368 817 466 848 sunt
498 816 801 860 supererogata
847 808 995 848 merita
1029 817 1271 849 sanctorum
1311 819 1350 851 et
1381 813 1514 864 speci·
1556 791 1782 852 afgpsqgssgsof

208 878 326 917 aliter
360 877 517 918 Christi
550 878 592 917 in
625 879 722 918 celis
756 878 919 918 infinita
953 892 1133 918 numero
1157 888 1197 919 et
1221 880 1376 934 valore,
1406 881 1515 921 ultra
1538 857 1796 922 supergeergsszztory

153 968 192 989 10
208 962 334 1002 quarn
381 947 614 1001 requiritur
646 948 696 987 ad
737 961 882 987 eorum
930 948 1253 1001 beatitudinem,
1295 960 1333 990 et
1372 952 1515 990 ornnia

208 1020 287 1058 ista
329 1026 534 1057 vocantur
574 1017 802 1070 spiritualis
836 1018 1059 1057 thesaurus
1101 1019 1273 1058 ecclesie
1305 1020 1347 1060 in
1380 1020 1515 1073 capite

208 1089 295 1128 eius
329 1088 585 1127 reconditus.

167 1166 191 1199 b
265 1157 445 1196 Ponitur
482 1156 669 1196 secundo
709 1157 824 1210 quod
858 1156 1055 1197 dominus
1078 1171 1202 1211 papa,
1239 1173 1333 1199 cum
1368 1160 1422 1199 sit
1452 1160 1511 1199 vi·
1528 1165 1803 1205 wthatthestore

208 1227 342 1266 carius
389 1226 546 1267 Christi
589 1226 631 1265 in
677 1226 812 1278 terris,
865 1226 992 1266 habet
1044 1228 1211 1280 plenam
1257 1237 1509 1282 potestatem
1527 1199 1800 1263 mailrhfflilsmptsttihbge

152 1296 487 1337 15distribuendi
540 1295 787 1335 thesaurum
840 1296 958 1335 illum
1010 1296 1221 1349 fidelihus,
1274 1299 1345 1338 sed
1394 1299 1511 1352 quod
1535 1269 1795 1339 d1spcggsse3fthe

204 1365 375 1405 libuerit
418 1365 512 1419 plus
561 1367 625 1405 vel
674 1366 829 1417 minus,
886 1379 961 1405 nec
1014 1366 1111 1406 licet
1160 1366 1352 1408 diffidere
1407 1369 1509 1421 quin

205 1443 392 1488 potestas
416 1435 692 1489 imperciendi
714 1436 793 1475 ista
817 1435 1051 1488 spiritualia
1074 1436 1273 1490 suffragia
1295 1446 1511 1479 remaneat

205 1505 403 1544 continue
448 1504 714 1554 inexhausta,
761 1505 859 1558 quia
904 1505 1023 1546 aliter
1067 1505 1267 1545 deficeret
1312 1506 1509 1547 Christus

206 1574 344 1613 dando
377 1582 631 1626 potestatem
666 1574 847 1613 clavium
887 1587 964 1613 suo
1005 1574 1160 1614 vicario
1197 1576 1264 1615 hic
1297 1576 1337 1615 in
1373 1577 1507 1616 terris.

167 1660 188 1684 0
262 1643 416 1682 Tercio
450 1643 603 1683 dicitur
636 1644 750 1696 quod
781 1644 952 1696 quando
981 1657 1092 1697 papa
1124 1645 1186 1684 ve]
1212 1658 1312 1685 suus
1347 1646 1507 1698 episco-
1523 1656 1798 1688 c)1hatwhenthe

203 1726 281 1765 pus
305 1712 521 1765 dispensat
544 1713 724 1752 subditis
755 1713 805 1752 de
838 1713 918 1753 isto
950 1714 1166 1767 thesauro,
1201 1716 1507 1755 commutando
1523 1691 1640 1753 ovlg‘r'pae
1656 1692 1796 1754 iiiiiiffm

201 1783 400 1822 meritum
434 1783 542 1822 beati
585 1783 678 1822 loco
723 1783 861 1822 meriti
904 1796 989 1836 quo
1036 1792 1232 1836 peccator
1274 1761 1732 1834 mereretursufgivff‘iii
1760 1764 1796 1788 ηε

201 1852 490 1892 remissionem
513 1853 688 1905 peccati,
721 1861 820 1893 tunc
854 1853 1046 1893 concedit
1069 1854 1383 1907 indulgenciam
1413 1856 1508 1909 plus
1563 1831 1756 1866 mdulgence.

201 1923 265 1961 vel
297 1922 450 1962 minus.

151 1999 185 2031 B
260 1993 313 2032 Et
335 2005 383 2031 ex
405 1992 487 2032 isto
511 1991 789 2032 fundamento
821 1993 1021 2032 dicuntur
1043 1993 1100 2033 hii
1123 1993 1305 2034 vendere
1334 2003 1506 2047 peccata

201 2076 275 2101 sua
309 2071 348 2102 et
378 2062 447 2101 isti
480 2075 618 2101 emere
654 2062 784 2101 eciam
818 2076 896 2115 pro
930 2064 1109 2115 pecunia
1143 2072 1183 2103 et
1215 2064 1415 2104 seductus
1445 2074 1506 2105 est

199 2131 383 2184 populus
417 2131 467 2170 de
501 2131 666 2170 cambio
689 2131 942 2184 impossibili
975 2140 1015 2171 et
1045 2132 1297 2173 infundabili
1330 2143 1505 2187 propter

199 2200 353 2241 fastum
394 2210 433 2241 et
480 2210 678 2254 questum
719 2202 1016 2255 adquisibilem
1060 2203 1284 2242 sacerdoti.
1338 2204 1391 2243 Et
1436 2205 1504 2244 isti

199 2271 410 2310 sentencie
442 2271 610 2310 videtur
643 2280 836 2310 sanctum
871 2272 1086 2311 Thomam
1128 2285 1325 2323 annuere,
1377 2286 1504 2326 super

141 2347 182 2379 30
200 2340 366 2389 Quarto
390 2340 725 2392 Sentenciarum‚
751 2341 1026 2381 distinccione
1048 2342 1258 2394 vicesima,
1283 2343 1503 2395 questione

251 2508 270 2526 1.
300 2499 339 2526 132
368 2498 496 2526 Brevius
527 2499 662 2534 paciens.
804 2507 834 2533 4.
866 2499 899 2526 In
920 2499 1014 2527 verbo
1035 2500 1084 2535 (?);
1116 2500 1147 2527 in
1173 2500 1262 2528 codd.
1292 2502 1321 2528 A
1340 2500 1378 2528 Bt
1410 2503 1440 2529 in
1470 2504 1500 2531 ῦ.

198 2546 225 2573 6.
249 2546 277 2572 A
306 2545 337 2572 in
367 2552 483 2579 marg.:
516 2544 767 2573 Fundamentum
801 2545 1069 2579 indulgenciarum
1102 2547 1274 2574 secundum
1300 2555 1499 2577 communem

197 2592 387 2627 opinionem.
504 2599 533 2626 9.
553 2592 598 2619 A:
621 2599 750 2619 numero
771 2597 798 2619 et
816 2593 927 2620 valere.
1035 2601 1068 2620 11.
1091 2592 1112 2619 B
1132 2594 1163 2620 in
1185 2601 1300 2627 marg.:
1325 2594 1500 2629 Spiritualis

196 2638 361 2666 thesaurus
390 2637 527 2666 ecclesie.
688 2646 730 2673 14.
768 2640 812 2666 A:
845 2639 876 2666 in
908 2643 997 2666 terra.
1158 2647 1196 2674 17.
1230 2640 1274 2667 A:
1308 2646 1498 2669 remaneant.

253 2778 285 2809 4.
313 2768 446 2799 Decret.
463 2767 564 2810 Greg.
580 2768 632 2808 IX,
648 2767 705 2800 lib.
722 2769 762 2809 V,
778 2768 826 2801 tit.
843 2768 1027 2810 XXXVIII,
1046 2779 1118 2812 cap.
1134 2769 1190 2801 IV.
1301 2769 1355 2802 30.
1369 2769 1498 2803 Thom.

196 2826 261 2868 Aq.
289 2826 484 2858 Comment.
512 2825 545 2857 in
575 2825 633 2857 lib.
660 2826 716 2857 IV.
745 2828 838 2858 Sent.
865 2826 956 2870 Opp.
982 2833 1067 2859 tom.
1093 2827 1146 2868 IX,
1173 2837 1250 2870 pag.
1279 2827 1353 2871 374.
