2051 3343
192 241 248 280 44

219 843 444 881 Canonizatiobn

213 883 267 905 not
296 887 312 905 a
337 883 451 904 certam

196 913 291 949 proof
308 912 342 940 of
360 912 469 940 sancti-

311 952 351 985 ty.

899 236 1123 269 JOHANNIS
1150 225 1346 268 WYCLIF.
1641 222 1794 281 [cmm.

485 343 701 397 cognoscit
745 342 949 395 explicite,
1002 350 1102 381 tunc
1160 349 1325 380 tenetur
1368 342 1530 381 credere
1581 342 1696 395 quod
1745 340 1945 394 sit134⁵0

484 413 575 452 talis
608 412 842 452 secundum
874 419 1110 464 presentem
1142 410 1350 450 iusticiam
1382 419 1421 450 et
1455 424 1552 450 cum
1574 410 1797 451 formidine

484 497 529 522 ac
562 481 906 522 condicionaliter
937 481 1051 534 quod
1083 480 1135 520 sit
1157 480 1247 520 talis
1270 479 1512 533 simpliciter
1543 479 1608 534 (ut
1639 480 1798 520 dictum

484 561 545 592 est
575 551 766 604 superius
798 551 848 590 de
877 564 987 603 papa
1009 547 1186 603 nostro).
1219 551 1317 590 Non
1341 550 1454 590 enim
1476 550 1662 590 oneravit
1684 549 1797 590 Deus

484 623 540 661 sic
572 635 693 661 suam
726 620 956 671 ecclesiam,
990 629 1036 659 ut
1067 619 1310 659 necessitata
1354 620 1406 660 sit
1451 619 1603 660 falsum
1635 619 1831 664 credere5

483 693 533 731 de
566 691 650 731 suis
682 689 903 743 prepositis
945 703 1043 729 cum
1074 689 1154 729 hoc
1184 690 1300 743 quod
1332 702 1419 729 non
1452 689 1551 729 dent
1582 688 1800 729 materiam

484 761 539 800 sic
572 759 777 800 credendi.

541 831 608 869 Ad
640 829 761 868 aliam
797 827 1088 868 difficultatem
1126 829 1174 868 de
1199 828 1523 868 canonizacione
1557 837 1847 872 sanctorum?

483 908 597 953 patet
642 899 758 953 quod
801 899 1173 951 correspondenter
1211 899 1532 952 quodammodo
1566 906 1626 938 est
1658 897 1798 938 dicen-

484 970 605 1009 dum:
673 968 878 1017 Quamvis
924 967 1037 1007 enim
1081 968 1131 1007 sit
1181 968 1475 1007 vehemencior
1509 967 1721 1007 evidencia
1753 981 1858 1010 ex10

484 1039 728 1079 testimonio
781 1039 972 1078 Romane
1032 1037 1201 1078 ecclesie
1260 1038 1376 1092 quod
1434 1051 1612 1091 persona
1672 1050 1801 1091 quam

485 1109 705 1149 canonizat
737 1108 788 1148 sit
820 1108 1060 1147 membrum
1093 1107 1261 1147 ecclesie
1293 1107 1606 1161 triumphantis,
1641 1116 1679 1147 et
1712 1120 1800 1145 am-

485 1179 594 1232 plior
626 1177 852 1229 evidencia‚
885 1177 917 1216 si
939 1191 1016 1230 pro
1049 1186 1192 1217 sancto
1216 1178 1329 1217 Deus
1362 1186 1558 1232 operetur
1584 1176 1799 1228 miracula,

482 1258 624 1288 tamen
657 1247 880 1301 utrobique
923 1247 965 1286 in
1004 1247 1074 1286 tali
1117 1247 1289 1287 materia
1333 1256 1472 1300 potest
1517 1261 1603 1287 esse
1646 1246 1799 1286 illusio.

484 1319 593 1358 Nam
626 1317 733 1358 sicut
765 1331 812 1357 ex
836 1317 1099 1357 confessione
1129 1317 1273 1369 legum
1295 1317 1463 1357 ecclesie
1495 1317 1585 1370 ipsa
1619 1316 1801 1356 militans
1821 1325 1857 1359 15

485 1388 639 1441 decipit
662 1397 701 1428 et
723 1387 928 1440 decipitur
944 1385 1008 1442 (ut
1022 1395 1135 1440 patet
1147 1388 1205 1428 V0
1221 1387 1502 1439 decretalium,
1525 1388 1573 1426 de
1594 1385 1803 1426 sentencia

484 1456 938 1497 excommunicacionis
970 1457 1005 1495 A
1039 1454 1175 1511 nobis)
1208 1456 1251 1495 in
1283 1465 1449 1496 tantum
1472 1457 1587 1510 quod
1610 1456 1801 1510 quando-

484 1542 565 1582 que
597 1528 756 1567 multos
796 1526 1133 1566 excommunicat
1165 1528 1189 1551 ÷÷
1221 1526 1293 1580 qui
1326 1534 1423 1566 sunt
1454 1526 1581 1566 soluti
1614 1535 1653 1566 et
1683 1526 1900 1576 valde134b

484 1597 757 1650 acceptabiles
791 1597 933 1650 quoad
964 1597 1121 1636 Deum:
1155 1596 1211 1635 sic
1245 1595 1450 1648 contingit
1491 1596 1607 1649 quod
1638 1596 1802 1650 aliquos

485 1667 673 1707 absolvat
695 1675 735 1706 et
756 1666 932 1706 ascribat
956 1665 1178 1718 cathalogo
1196 1674 1439 1705 sanctorum
1462 1679 1560 1705 cum
1581 1665 1662 1705 hoc
1685 1666 1800 1720 quod
1817 1684 1860 1707 ιο

485 1738 598 1790 apud
630 1737 770 1776 Deum
813 1736 897 1776 sint
940 1735 1165 1776 iustissime
1210 1735 1521 1788 condempnati.
1567 1735 1665 1776 Ideo
1697 1736 1803 1776 absit

486 1806 761 1846 christianum
794 1806 959 1846 credere
982 1804 1171 1860 quod'de
1196 1805 1439 1845 necessitate
1462 1805 1605 1845 salutis
1635 1814 1803 1859 oportet

486 1890 660 1916 omnem
691 1875 859 1916 fidelem
901 1875 1065 1915 credere
1109 1875 1300 1928 explicite
1333 1876 1383 1915 de
1414 1875 1493 1915 isto
1537 1884 1576 1915 et
1607 1890 1800 1930 quocun-

486 1961 567 2000 que
599 1959 727 2000 quem
760 1945 931 1985 ecclesia
974 1953 1116 1985 nostra
1160 1945 1394 1996 canonizat,
1440 1954 1485 1985 ut
1517 1959 1567 1985 eo
1614 1945 1707 1999 ipso
1752 1946 1803 1986 sit

485 2018 643 2068 beatus,
676 2015 773 2069 quia
805 2024 905 2056 tunc
928 2015 1178 2056 haberemus
1211 2016 1440 2054 simbolum
1464 2014 1587 2054 nimis
1610 2015 1800 2069 longum.
1819 2023 1858 2055 25

484 2088 570 2126 Nec
603 2086 805 2125 debemus
837 2085 1026 2140 explicite
1059 2086 1222 2126 credere
1255 2086 1304 2125 de
1337 2098 1557 2139 quoquam
1585 2085 1654 2124 tali
1687 2086 1803 2139 quod

486 2170 572 2196 non
605 2164 658 2196 s1t
690 2163 870 2206 sanctus,
915 2156 986 2194 sed
1031 2155 1287 2195 excuciendo
1332 2155 1721 2195 consideracionem
1754 2156 1803 2195 de

484 2225 652 2277 talibus,
684 2225 924 2265 adherendo
957 2225 1064 2279 parti
1096 2226 1217 2265 nobis
1262 2224 1548 2278 probabiliori,
1596 2226 1803 2265 credendo

486 2310 585 2335 cum
629 2295 877 2335 condicione
924 2295 989 2335 vel
1032 2295 1098 2348 pie
1143 2309 1240 2335 cum
1287 2295 1509 2335 formidine
1554 2295 1802 2346 dubitand03

486 2366 536 2405 de
568 2365 776 2418 aliquibus
810 2374 951 2405 autem
983 2365 1135 2405 sanctis
1164 2365 1370 2405 credimus
1402 2366 1558 2419 absque
1581 2365 1804 2405 formidine
1819 2371 1861 2404 30

487 2435 618 2475 eciam
665 2435 855 2489 explicite
900 2436 1016 2489 quod
1059 2444 1157 2475 sunt
1202 2435 1346 2487 sancti,
1403 2443 1450 2475 ut
1493 2436 1543 2474 de
1587 2434 1803 2488 apostoli5‚

486 2505 724 2545 martiribus
757 2514 797 2545 et
829 2505 980 2545 sanctis
1012 2504 1223 2558 primitive
1246 2505 1435 2557 ecclesie;
1469 2506 1518 2544 de
1541 2504 1630 2544 aliis
1663 2512 1805 2544 autem

545 2638 574 2662 4..
597 2629 635 2657 13:
664 2630 795 2658 ornavit.
931 2629 958 2658 8.
981 2631 1007 2657 A
1038 2631 1067 2657 iu
1095 2637 1198 2664 marg:
1229 2630 1266 2657 de
1291 2629 1534 2657 canonisacione
1560 2634 1740 2657 sanctorum
1767 2629 1803 2655 ab

487 2677 617 2704 ecclesia
636 2676 775 2704 Romana
795 2677 955 2712 quomodo
978 2681 1022 2704 est
1041 2677 1241 2704 credendum.
1381 2677 1421 2704 16.
1443 2677 1488 2703 Ax
1509 2680 1591 2713 patet
1611 2677 1707 2704 deest.
1730 2675 1751 2702 Β
1773 2675 1803 2702 in

488 2730 590 2758 marg:
613 2722 649 2750 V.
673 2723 884 2752 decretalium.
1047 2732 1088 2760 ¹9·
1110 2724 1137 2751 A
1165 2724 1194 2751 in
1221 2731 1324 2758 marg:
1360 2722 1403 2750 De
1430 2723 1543 2751 sanctis
1571 2723 1733 2760 quomodo
1762 2727 1806 2750 est

488 2769 690 2797 credendum.
707 2770 827 2804 (Above
840 2770 905 2804 134¹³
915 2770 1044 2798 without
1064 2771 1149 2798 mark
1169 2770 1204 2798 of
1220 2770 1399 2805 reference.)
1490 2770 1529 2798 31.
1547 2769 1585 2796 13:
1606 2769 1688 2806 quod
1710 2769 1805 2796 deest.

553 2863 601 2896 16.
629 2865 728 2895 Decr.
756 2866 876 2908 Gregr.
905 2866 957 2906 IX,
986 2864 1042 2898 lib.
1062 2866 1102 2906 V,
1129 2865 1178 2897 tit.
1199 2866 1348 2908 XXXIX,
1374 2876 1448 2909 cap.
1472 2865 1563 2897 XXI.
1590 2865 1617 2896 A
1646 2863 1756 2895 nobis.
