<?xml version="1.0" encoding="UTF-8"?>
<!DOCTYPE html PUBLIC "-//W3C//DTD XHTML 1.0 Transitional//EN"
    "http://www.w3.org/TR/xhtml1/DTD/xhtml1-transitional.dtd">
<html xmlns="http://www.w3.org/1999/xhtml" xml:lang="en" lang="en">
 <head>
  <title>
</title>
<meta http-equiv="Content-Type" content="text/html;charset=utf-8" />
  <meta name='ocr-system' content='tesseract 3.04.00' />
  <meta name='ocr-capabilities' content='ocr_page ocr_carea ocr_par ocr_line ocrx_word'/>
</head>
<body>
  <div class='ocr_page' id='page_1' title='image "./tractatusdeeccle00wycl_0522.png"; bbox 0 0 2051 3273; ppageno 0'>
   <div class='ocr_carea' id='block_1_1' title="bbox 182 180 1775 239">
    <p class='ocr_par' dir='ltr' id='par_1_1' title="bbox 182 180 1775 239">
     <span class='ocr_line' id='line_1_1' title="bbox 182 180 1775 239; baseline -0.014 0"><span class='ocrx_word' id='word_1_1' title='bbox 182 189 265 239; x_wconf 72' lang='lat'>433</span> <span class='ocrx_word' id='word_1_2' title='bbox 895 196 1118 228; x_wconf 84' lang='lat' dir='ltr'>JOHANle</span> <span class='ocrx_word' id='word_1_3' title='bbox 1144 195 1340 228; x_wconf 76' lang='lat' dir='ltr'>WYCLIF.</span> <span class='ocrx_word' id='word_1_4' title='bbox 1581 180 1685 238; x_wconf 79' lang='lat' dir='ltr'>[CAP.</span> <span class='ocrx_word' id='word_1_5' title='bbox 1710 191 1775 219; x_wconf 77' lang='lat' dir='ltr'>xx.</span> 
     </span>
    </p>
   </div>
   <div class='ocr_carea' id='block_1_2' title="bbox 190 298 1945 1744">
    <p class='ocr_par' dir='ltr' id='par_1_2' title="bbox 190 298 1945 1744">
     <span class='ocr_line' id='line_1_2' title="bbox 459 298 1939 354; baseline 0.001 -15"><span class='ocrx_word' id='word_1_6' title='bbox 459 301 541 354; x_wconf 82' lang='lat' dir='ltr'>fui</span> <span class='ocrx_word' id='word_1_7' title='bbox 591 307 698 352; x_wconf 80' lang='lat' dir='ltr'>aput</span> <span class='ocrx_word' id='word_1_8' title='bbox 745 313 828 339; x_wconf 75' lang='lat' dir='ltr'>vos.</span> <span class='ocrx_word' id='word_1_9' title='bbox 886 300 939 339; x_wconf 86' lang='lat' dir='ltr'>Et</span> <span class='ocrx_word' id='word_1_10' title='bbox 978 299 1183 353; x_wconf 84' lang='lat' dir='ltr'>sequitur:</span> <span class='ocrx_word' id='word_1_11' title='bbox 1234 298 1291 338; x_wconf 90' lang='lat' dir='ltr'>Os</span> <span class='ocrx_word' id='word_1_12' title='bbox 1338 305 1530 338; x_wconf 83' lang='lat' dir='ltr'>nostrum</span> <span class='ocrx_word' id='word_1_13' title='bbox 1568 305 1690 351; x_wconf 81' lang='lat' dir='ltr'>patet</span> <span class='ocrx_word' id='word_1_14' title='bbox 1734 298 1939 353; x_wconf 72' lang='lat' dir='ltr'>ad195‘10</span> 
     </span>
     <span class='ocr_line' id='line_1_3' title="bbox 471 368 1789 422; baseline -0.001 -13"><span class='ocrx_word' id='word_1_15' title='bbox 471 382 544 409; x_wconf 80' lang='lat' dir='ltr'>vos</span> <span class='ocrx_word' id='word_1_16' title='bbox 577 382 600 408; x_wconf 90' lang='lat' dir='ltr'>o</span> <span class='ocrx_word' id='word_1_17' title='bbox 637 368 839 409; x_wconf 82' lang='lat' dir='ltr'><strong><em>Corinthi.</em></strong></span> <span class='ocrx_word' id='word_1_18' title='bbox 879 368 1097 418; x_wconf 83' lang='lat' dir='ltr'><em>Ordinem,</em></span> <span class='ocrx_word' id='word_1_19' title='bbox 1129 368 1278 422; x_wconf 78' lang='lat' dir='ltr'>inquit,</span> <span class='ocrx_word' id='word_1_20' title='bbox 1319 368 1464 421; x_wconf 80' lang='lat' dir='ltr'><strong><em>posuit</em></strong></span> <span class='ocrx_word' id='word_1_21' title='bbox 1507 368 1657 422; x_wconf 78' lang='lat' dir='ltr'>lingue</span> <span class='ocrx_word' id='word_1_22' title='bbox 1699 381 1789 419; x_wconf 82' lang='lat' dir='ltr'>sue,</span> 
     </span>
     <span class='ocr_line' id='line_1_4' title="bbox 474 438 1790 491; baseline -0.001 -13"><span class='ocrx_word' id='word_1_23' title='bbox 474 438 660 478; x_wconf 83' lang='lat' dir='ltr'>laudans</span> <span class='ocrx_word' id='word_1_24' title='bbox 704 446 940 478; x_wconf 77' lang='lat' dir='ltr'><em>creatorem</em></span> <span class='ocrx_word' id='word_1_25' title='bbox 986 445 1025 478; x_wconf 86' lang='lat' dir='ltr'>et</span> <span class='ocrx_word' id='word_1_26' title='bbox 1067 439 1299 491; x_wconf 81' lang='lat' dir='ltr'><strong><em>quamlibet</em></strong></span> <span class='ocrx_word' id='word_1_27' title='bbox 1335 445 1579 477; x_wconf 81' lang='lat' dir='ltr'>creaturam</span> <span class='ocrx_word' id='word_1_28' title='bbox 1627 438 1668 476; x_wconf 90' lang='lat' dir='ltr'>in</span> <span class='ocrx_word' id='word_1_29' title='bbox 1715 452 1790 477; x_wconf 91' lang='lat' dir='ltr'>suo</span> 
     </span>
     <span class='ocr_line' id='line_1_5' title="bbox 472 507 1792 561; baseline -0.001 -14"><span class='ocrx_word' id='word_1_30' title='bbox 472 507 631 559; x_wconf 79' lang='lat' dir='ltr'>ordine,</span> <span class='ocrx_word' id='word_1_31' title='bbox 676 508 741 547; x_wconf 90' lang='lat' dir='ltr'>vel</span> <span class='ocrx_word' id='word_1_32' title='bbox 789 507 973 561; x_wconf 88' lang='lat' dir='ltr'>pulcrius</span> <span class='ocrx_word' id='word_1_33' title='bbox 1024 508 1105 547; x_wconf 89' lang='lat' dir='ltr'>hoc</span> <span class='ocrx_word' id='word_1_34' title='bbox 1157 508 1302 547; x_wconf 86' lang='lat' dir='ltr'>ordine</span> <span class='ocrx_word' id='word_1_35' title='bbox 1354 521 1440 561; x_wconf 89' lang='lat' dir='ltr'>quo</span> <span class='ocrx_word' id='word_1_36' title='bbox 1497 507 1630 547; x_wconf 89' lang='lat' dir='ltr'>homo</span> <span class='ocrx_word' id='word_1_37' title='bbox 1681 516 1792 547; x_wconf 85' lang='lat' dir='ltr'>amat</span> 
     </span>
     <span class='ocr_line' id='line_1_6' title="bbox 475 576 1824 631; baseline 0 -14"><span class='ocrx_word' id='word_1_38' title='bbox 475 577 681 631; x_wconf 81' lang='lat' dir='ltr'>quidlibet</span> <span class='ocrx_word' id='word_1_39' title='bbox 726 591 812 616; x_wconf 91' lang='lat' dir='ltr'>non</span> <span class='ocrx_word' id='word_1_40' title='bbox 857 586 902 617; x_wconf 93' lang='lat' dir='ltr'>ut</span> <span class='ocrx_word' id='word_1_41' title='bbox 949 577 1061 617; x_wconf 89' lang='lat' dir='ltr'>aliud</span> <span class='ocrx_word' id='word_1_42' title='bbox 1099 578 1170 616; x_wconf 88' lang='lat' dir='ltr'>sed</span> <span class='ocrx_word' id='word_1_43' title='bbox 1202 591 1297 616; x_wconf 88' lang='lat' dir='ltr'>vere</span> <span class='ocrx_word' id='word_1_44' title='bbox 1338 577 1379 616; x_wconf 91' lang='lat' dir='ltr'>in</span> <span class='ocrx_word' id='word_1_45' title='bbox 1413 577 1559 616; x_wconf 89' lang='lat' dir='ltr'>ordine</span> <span class='ocrx_word' id='word_1_46' title='bbox 1593 576 1824 617; x_wconf 70' lang='lat' dir='ltr'>bonitatisfi</span> 
     </span>
     <span class='ocr_line' id='line_1_7' title="bbox 476 646 1792 700; baseline -0.002 -14"><span class='ocrx_word' id='word_1_47' title='bbox 476 660 563 700; x_wconf 88' lang='lat' dir='ltr'>quo</span> <span class='ocrx_word' id='word_1_48' title='bbox 587 647 700 686; x_wconf 88' lang='lat' dir='ltr'>Deus</span> <span class='ocrx_word' id='word_1_49' title='bbox 724 646 865 699; x_wconf 88' lang='lat' dir='ltr'>ipsum</span> <span class='ocrx_word' id='word_1_50' title='bbox 888 646 1043 699; x_wconf 86' lang='lat' dir='ltr'>posuit.</span> <span class='ocrx_word' id='word_1_51' title='bbox 1078 647 1201 686; x_wconf 88' lang='lat' dir='ltr'>Tunc</span> <span class='ocrx_word' id='word_1_52' title='bbox 1225 646 1336 686; x_wconf 89' lang='lat' dir='ltr'>enim</span> <span class='ocrx_word' id='word_1_53' title='bbox 1368 660 1462 686; x_wconf 90' lang='lat' dir='ltr'>vere</span> <span class='ocrx_word' id='word_1_54' title='bbox 1489 646 1631 699; x_wconf 89' lang='lat' dir='ltr'>ipsum</span> <span class='ocrx_word' id='word_1_55' title='bbox 1660 646 1792 698; x_wconf 84' lang='lat' dir='ltr'>diligit</span> 
     </span>
     <span class='ocr_line' id='line_1_8' title="bbox 476 715 1793 769; baseline -0.001 -14"><span class='ocrx_word' id='word_1_56' title='bbox 476 725 521 755; x_wconf 90' lang='lat' dir='ltr'>ut</span> <span class='ocrx_word' id='word_1_57' title='bbox 544 730 585 755; x_wconf 90' lang='lat' dir='ltr'>se</span> <span class='ocrx_word' id='word_1_58' title='bbox 607 715 771 769; x_wconf 88' lang='lat' dir='ltr'>ipsum;</span> <span class='ocrx_word' id='word_1_59' title='bbox 804 716 916 755; x_wconf 90' lang='lat' dir='ltr'>unde</span> <span class='ocrx_word' id='word_1_60' title='bbox 949 716 1159 769; x_wconf 79' lang='lat' dir='ltr'>signanter</span> <span class='ocrx_word' id='word_1_61' title='bbox 1190 725 1323 755; x_wconf 85' lang='lat' dir='ltr'>mater</span> <span class='ocrx_word' id='word_1_62' title='bbox 1355 724 1495 755; x_wconf 88' lang='lat' dir='ltr'>nostra</span> <span class='ocrx_word' id='word_1_63' title='bbox 1518 715 1793 755; x_wconf 83' lang='lat' dir='ltr'>Canticorum</span> 
     </span>
     <span class='ocr_line' id='line_1_9' title="bbox 474 782 1791 838; baseline 0.001 -14"><span class='ocrx_word' id='word_1_64' title='bbox 474 786 543 836; x_wconf 87' lang='lat'>110,</span> <span class='ocrx_word' id='word_1_65' title='bbox 589 798 618 837; x_wconf 86' lang='lat'>4</span> <span class='ocrx_word' id='word_1_66' title='bbox 662 786 713 825; x_wconf 89' lang='lat' dir='ltr'>de</span> <span class='ocrx_word' id='word_1_67' title='bbox 750 798 909 838; x_wconf 89' lang='lat' dir='ltr'>sponso</span> <span class='ocrx_word' id='word_1_68' title='bbox 950 794 1140 825; x_wconf 85' lang='lat' dir='ltr'>testatur:</span> <span class='ocrx_word' id='word_1_69' title='bbox 1193 783 1428 833; x_wconf 74' lang='lat' dir='ltr'>ordinavit,</span> <span class='ocrx_word' id='word_1_70' title='bbox 1469 782 1618 838; x_wconf 84' lang='lat' dir='ltr'>inquit,</span> <span class='ocrx_word' id='word_1_71' title='bbox 1651 786 1693 825; x_wconf 86' lang='lat' dir='ltr'>in</span> <span class='ocrx_word' id='word_1_72' title='bbox 1727 799 1791 825; x_wconf 92' lang='lat' dir='ltr'>me</span> 
     </span>
     <span class='ocr_line' id='line_1_10' title="bbox 477 854 1790 908; baseline -0.001 -14"><span class='ocrx_word' id='word_1_73' title='bbox 477 855 713 895; x_wconf 80' lang='lat' dir='ltr'>caritatem.</span> <span class='ocrx_word' id='word_1_74' title='bbox 755 855 836 894; x_wconf 87' lang='lat' dir='ltr'>Sed</span> <span class='ocrx_word' id='word_1_75' title='bbox 867 855 966 908; x_wconf 87' lang='lat' dir='ltr'>quia</span> <span class='ocrx_word' id='word_1_76' title='bbox 997 856 1049 894; x_wconf 89' lang='lat' dir='ltr'>ad</span> <span class='ocrx_word' id='word_1_77' title='bbox 1081 855 1184 894; x_wconf 88' lang='lat' dir='ltr'>illud</span> <span class='ocrx_word' id='word_1_78' title='bbox 1215 854 1437 908; x_wconf 87' lang='lat' dir='ltr'>requiritur</span> <span class='ocrx_word' id='word_1_79' title='bbox 1469 854 1624 894; x_wconf 84' lang='lat' dir='ltr'>noticia</span> <span class='ocrx_word' id='word_1_80' title='bbox 1654 854 1790 907; x_wconf 90' lang='lat' dir='ltr'>philo-</span> 
     </span>
     <span class='ocr_line' id='line_1_11' title="bbox 476 924 1849 977; baseline 0 -14"><span class='ocrx_word' id='word_1_81' title='bbox 476 924 650 977; x_wconf 87' lang='lat' dir='ltr'>sophica</span> <span class='ocrx_word' id='word_1_82' title='bbox 708 938 791 977; x_wconf 86' lang='lat' dir='ltr'>qua</span> <span class='ocrx_word' id='word_1_83' title='bbox 849 924 1015 964; x_wconf 86' lang='lat' dir='ltr'>ordines</span> <span class='ocrx_word' id='word_1_84' title='bbox 1074 924 1308 964; x_wconf 87' lang='lat' dir='ltr'>bonitatum</span> <span class='ocrx_word' id='word_1_85' title='bbox 1369 938 1509 964; x_wconf 89' lang='lat' dir='ltr'>rerum</span> <span class='ocrx_word' id='word_1_86' title='bbox 1559 925 1791 965; x_wconf 87' lang='lat' dir='ltr'>secundum</span> <span class='ocrx_word' id='word_1_87' title='bbox 1811 944 1849 964; x_wconf 82' lang='lat'>10</span> 
     </span>
     <span class='ocr_line' id='line_1_12' title="bbox 247 993 1847 1046; baseline 0.003 -15"><span class='ocrx_word' id='word_1_88' title='bbox 247 1004 343 1042; x_wconf 36' lang='grc' dir='ltr'>νας-ε</span> <span class='ocrx_word' id='word_1_89' title='bbox 364 1011 407 1037; x_wconf 83' lang='lat'>27.</span> <span class='ocrx_word' id='word_1_90' title='bbox 479 993 733 1046; x_wconf 85' lang='lat' dir='ltr'>sapienciam</span> <span class='ocrx_word' id='word_1_91' title='bbox 757 1002 1084 1046; x_wconf 86' lang='lat' dir='ltr'>cognoscuntur,</span> <span class='ocrx_word' id='word_1_92' title='bbox 1117 993 1211 1033; x_wconf 89' lang='lat' dir='ltr'>ideo</span> <span class='ocrx_word' id='word_1_93' title='bbox 1244 1003 1359 1033; x_wconf 81' lang='lat' dir='ltr'>sexto</span> <span class='ocrx_word' id='word_1_94' title='bbox 1383 993 1547 1032; x_wconf 89' lang='lat' dir='ltr'>decimo</span> <span class='ocrx_word' id='word_1_95' title='bbox 1580 1002 1618 1032; x_wconf 88' lang='lat' dir='ltr'>et</span> <span class='ocrx_word' id='word_1_96' title='bbox 1642 993 1791 1033; x_wconf 90' lang='lat' dir='ltr'>ultimo</span> <span class='ocrx_word' id='word_1_97' title='bbox 1805 1002 1847 1035; x_wconf 88' lang='grc'>16</span> 
     </span>
     <span class='ocr_line' id='line_1_13' title="bbox 234 1039 1790 1115; baseline 0.001 -14"><span class='ocrx_word' id='word_1_98' title='bbox 234 1039 341 1114; x_wconf 49' lang='lat' dir='ltr'>agi‘ieii</span> <span class='ocrx_word' id='word_1_99' title='bbox 363 1042 416 1100; x_wconf 72' lang='lat' dir='ltr'>i¹o⁰t</span> <span class='ocrx_word' id='word_1_100' title='bbox 478 1063 533 1103; x_wconf 86' lang='lat' dir='ltr'>ita</span> <span class='ocrx_word' id='word_1_101' title='bbox 565 1063 725 1103; x_wconf 86' lang='lat' dir='ltr'>subdit:</span> <span class='ocrx_word' id='word_1_102' title='bbox 754 1062 1047 1103; x_wconf 81' lang='lat' dir='ltr'>Consideravit</span> <span class='ocrx_word' id='word_1_103' title='bbox 1076 1064 1249 1104; x_wconf 80' lang='lat' dir='ltr'>semitas</span> <span class='ocrx_word' id='word_1_104' title='bbox 1283 1063 1432 1103; x_wconf 81' lang='lat' dir='ltr'>domus</span> <span class='ocrx_word' id='word_1_105' title='bbox 1464 1076 1538 1103; x_wconf 80' lang='lat' dir='ltr'>sue</span> <span class='ocrx_word' id='word_1_106' title='bbox 1570 1070 1608 1102; x_wconf 86' lang='lat' dir='ltr'>et</span> <span class='ocrx_word' id='word_1_107' title='bbox 1631 1076 1790 1115; x_wconf 81' lang='lat' dir='ltr'>panem</span> 
     </span>
     <span class='ocr_line' id='line_1_14' title="bbox 251 1110 1791 1185; baseline 0 -13"><span class='ocrx_word' id='word_1_108' title='bbox 251 1110 397 1138; x_wconf 56' lang='lat' dir='ltr'>“neness&#39;</span> <span class='ocrx_word' id='word_1_109' title='bbox 477 1133 663 1172; x_wconf 82' lang='lat' dir='ltr'>ociosum</span> <span class='ocrx_word' id='word_1_110' title='bbox 699 1146 779 1172; x_wconf 85' lang='lat' dir='ltr'>non</span> <span class='ocrx_word' id='word_1_111' title='bbox 814 1131 1007 1173; x_wconf 88' lang='lat' dir='ltr'>comedit.</span> <span class='ocrx_word' id='word_1_112' title='bbox 1044 1132 1128 1181; x_wconf 80' lang='lat' dir='ltr'>Qui</span> <span class='ocrx_word' id='word_1_113' title='bbox 1162 1133 1274 1172; x_wconf 88' lang='lat' dir='ltr'>enim</span> <span class='ocrx_word' id='word_1_114' title='bbox 1306 1132 1525 1185; x_wconf 80' lang='lat' dir='ltr'>vigilanter</span> <span class='ocrx_word' id='word_1_115' title='bbox 1557 1132 1791 1172; x_wconf 84' lang='lat' dir='ltr'>considerat</span> 
     </span>
     <span class='ocr_line' id='line_1_15' title="bbox 476 1202 1793 1255; baseline -0.001 -13"><span class='ocrx_word' id='word_1_116' title='bbox 476 1202 589 1242; x_wconf 86' lang='lat' dir='ltr'>viam</span> <span class='ocrx_word' id='word_1_117' title='bbox 635 1216 707 1255; x_wconf 88' lang='lat' dir='ltr'>per</span> <span class='ocrx_word' id='word_1_118' title='bbox 752 1216 882 1255; x_wconf 82' lang='lat' dir='ltr'>quam</span> <span class='ocrx_word' id='word_1_119' title='bbox 927 1211 1113 1241; x_wconf 86' lang='lat' dir='ltr'>sanctam</span> <span class='ocrx_word' id='word_1_120' title='bbox 1150 1211 1328 1241; x_wconf 81' lang='lat' dir='ltr'>matrem</span> <span class='ocrx_word' id='word_1_121' title='bbox 1370 1202 1588 1241; x_wconf 88' lang='lat' dir='ltr'>ecclesiam</span> <span class='ocrx_word' id='word_1_122' title='bbox 1627 1211 1793 1254; x_wconf 85' lang='lat' dir='ltr'>oportet</span> 
     </span>
     <span class='ocr_line' id='line_1_16' title="bbox 477 1271 1848 1324; baseline 0.001 -14"><span class='ocrx_word' id='word_1_123' title='bbox 477 1271 520 1310; x_wconf 92' lang='lat' dir='ltr'>in</span> <span class='ocrx_word' id='word_1_124' title='bbox 552 1272 691 1311; x_wconf 91' lang='lat' dir='ltr'>Deum</span> <span class='ocrx_word' id='word_1_125' title='bbox 725 1271 959 1322; x_wconf 86' lang='lat' dir='ltr'>ascendere,</span> <span class='ocrx_word' id='word_1_126' title='bbox 993 1272 1321 1324; x_wconf 90' lang='lat' dir='ltr'>contemplando</span> <span class='ocrx_word' id='word_1_127' title='bbox 1354 1271 1496 1323; x_wconf 84' lang='lat' dir='ltr'>ipsum</span> <span class='ocrx_word' id='word_1_128' title='bbox 1529 1271 1719 1311; x_wconf 85' lang='lat' dir='ltr'>ordinate</span> <span class='ocrx_word' id='word_1_129' title='bbox 1750 1271 1792 1309; x_wconf 88' lang='lat' dir='ltr'>in</span> <span class='ocrx_word' id='word_1_130' title='bbox 1814 1281 1848 1312; x_wconf 78' lang='lat'>15</span> 
     </span>
     <span class='ocr_line' id='line_1_17' title="bbox 482 1340 1794 1393; baseline -0.001 -12"><span class='ocrx_word' id='word_1_131' title='bbox 482 1341 566 1381; x_wconf 91' lang='lat' dir='ltr'>suis</span> <span class='ocrx_word' id='word_1_132' title='bbox 601 1340 827 1392; x_wconf 83' lang='lat' dir='ltr'>effectibus,</span> <span class='ocrx_word' id='word_1_133' title='bbox 852 1340 945 1380; x_wconf 93' lang='lat' dir='ltr'>ocio</span> <span class='ocrx_word' id='word_1_134' title='bbox 969 1341 1166 1393; x_wconf 86' lang='lat' dir='ltr'>culpabili</span> <span class='ocrx_word' id='word_1_135' title='bbox 1199 1355 1286 1380; x_wconf 89' lang='lat' dir='ltr'>non</span> <span class='ocrx_word' id='word_1_136' title='bbox 1310 1341 1482 1392; x_wconf 80' lang='lat' dir='ltr'>vacabit,</span> <span class='ocrx_word' id='word_1_137' title='bbox 1506 1354 1604 1380; x_wconf 89' lang='lat' dir='ltr'>cum</span> <span class='ocrx_word' id='word_1_138' title='bbox 1627 1349 1794 1393; x_wconf 85' lang='lat' dir='ltr'>oportet</span> 
     </span>
     <span class='ocr_line' id='line_1_18' title="bbox 479 1410 1794 1463; baseline -0.002 -12"><span class='ocrx_word' id='word_1_139' title='bbox 479 1425 579 1451; x_wconf 88' lang='lat' dir='ltr'>eum</span> <span class='ocrx_word' id='word_1_140' title='bbox 610 1410 797 1450; x_wconf 87' lang='lat' dir='ltr'>studiose</span> <span class='ocrx_word' id='word_1_141' title='bbox 829 1410 997 1463; x_wconf 82' lang='lat' dir='ltr'>vigilare</span> <span class='ocrx_word' id='word_1_142' title='bbox 1030 1411 1082 1450; x_wconf 91' lang='lat' dir='ltr'>ad</span> <span class='ocrx_word' id='word_1_143' title='bbox 1117 1410 1225 1450; x_wconf 81' lang='lat' dir='ltr'>fores</span> <span class='ocrx_word' id='word_1_144' title='bbox 1259 1410 1465 1463; x_wconf 81' lang='lat' dir='ltr'>sapiencie</span> <span class='ocrx_word' id='word_1_145' title='bbox 1497 1410 1687 1450; x_wconf 91' lang='lat' dir='ltr'>increate.</span> <span class='ocrx_word' id='word_1_146' title='bbox 1742 1410 1794 1449; x_wconf 89' lang='lat' dir='ltr'>Et</span> 
     </span>
     <span class='ocr_line' id='line_1_19' title="bbox 480 1479 1553 1520; baseline 0.001 -1"><span class='ocrx_word' id='word_1_147' title='bbox 480 1481 521 1519; x_wconf 93' lang='lat' dir='ltr'>in</span> <span class='ocrx_word' id='word_1_148' title='bbox 554 1480 641 1519; x_wconf 89' lang='lat' dir='ltr'>istis</span> <span class='ocrx_word' id='word_1_149' title='bbox 675 1480 859 1520; x_wconf 85' lang='lat' dir='ltr'>sedecim</span> <span class='ocrx_word' id='word_1_150' title='bbox 891 1489 971 1519; x_wconf 87' lang='lat' dir='ltr'>stat</span> <span class='ocrx_word' id='word_1_151' title='bbox 1003 1479 1192 1519; x_wconf 89' lang='lat' dir='ltr'>officium</span> <span class='ocrx_word' id='word_1_152' title='bbox 1225 1480 1368 1520; x_wconf 90' lang='lat' dir='ltr'>matris</span> <span class='ocrx_word' id='word_1_153' title='bbox 1400 1490 1553 1520; x_wconf 88' lang='lat' dir='ltr'>nostre.</span> 
     </span>
     <span class='ocr_line' id='line_1_20' title="bbox 190 1549 1945 1603; baseline 0.001 -14"><span class='ocrx_word' id='word_1_154' title='bbox 190 1573 214 1602; x_wconf 81' lang='lat'>3.</span> <span class='ocrx_word' id='word_1_155' title='bbox 234 1573 336 1600; x_wconf 49' lang='lat' dir='ltr'>psam</span> <span class='ocrx_word' id='word_1_156' title='bbox 356 1572 391 1598; x_wconf 84' lang='lat' dir='ltr'>of</span> <span class='ocrx_word' id='word_1_157' title='bbox 413 1571 463 1599; x_wconf 81' lang='lat' dir='ltr'>the</span> <span class='ocrx_word' id='word_1_158' title='bbox 538 1551 692 1599; x_wconf 88' lang='lat' dir='ltr'>Quoad</span> <span class='ocrx_word' id='word_1_159' title='bbox 714 1549 885 1589; x_wconf 83' lang='lat' dir='ltr'>terciam</span> <span class='ocrx_word' id='word_1_160' title='bbox 899 1558 1059 1602; x_wconf 89' lang='lat' dir='ltr'>partem</span> <span class='ocrx_word' id='word_1_161' title='bbox 1077 1549 1239 1589; x_wconf 85' lang='lat' dir='ltr'>Cantici</span> <span class='ocrx_word' id='word_1_162' title='bbox 1260 1549 1285 1577; x_wconf 39' lang='grc' dir='ltr'>ἧς</span> <span class='ocrx_word' id='word_1_163' title='bbox 1302 1550 1385 1603; x_wconf 87' lang='lat' dir='ltr'>qua</span> <span class='ocrx_word' id='word_1_164' title='bbox 1400 1550 1656 1588; x_wconf 86' lang='lat' dir='ltr'>declamatur</span> <span class='ocrx_word' id='word_1_165' title='bbox 1670 1549 1792 1589; x_wconf 87' lang='lat' dir='ltr'>huius</span> <span class='ocrx_word' id='word_1_166' title='bbox 1815 1557 1890 1602; x_wconf 66' lang='lat' dir='ltr'>196a</span> <span class='ocrx_word' id='word_1_167' title='bbox 1911 1557 1945 1590; x_wconf 93' lang='lat' dir='ltr'>P</span> 
     </span>
     <span class='ocr_line' id='line_1_21' title="bbox 260 1611 1851 1672; baseline 0.001 -13"><span class='ocrx_word' id='word_1_168' title='bbox 260 1611 392 1634; x_wconf 69' lang='lat' dir='ltr'>matron.</span> <span class='ocrx_word' id='word_1_169' title='bbox 478 1628 669 1659; x_wconf 89' lang='lat' dir='ltr'>matrone</span> <span class='ocrx_word' id='word_1_170' title='bbox 700 1619 963 1672; x_wconf 87' lang='lat' dir='ltr'>preconium,</span> <span class='ocrx_word' id='word_1_171' title='bbox 998 1619 1137 1672; x_wconf 91' lang='lat' dir='ltr'>primo</span> <span class='ocrx_word' id='word_1_172' title='bbox 1167 1619 1222 1659; x_wconf 87' lang='lat' dir='ltr'>sic</span> <span class='ocrx_word' id='word_1_173' title='bbox 1255 1619 1465 1659; x_wconf 83' lang='lat' dir='ltr'>subditur:</span> <span class='ocrx_word' id='word_1_174' title='bbox 1501 1619 1795 1659; x_wconf 78' lang='lat' dir='ltr'>Surrexerunt</span> <span class='ocrx_word' id='word_1_175' title='bbox 1811 1639 1851 1660; x_wconf 85' lang='lat'>20</span> 
     </span>
     <span class='ocr_line' id='line_1_22' title="bbox 248 1689 1792 1744; baseline -0.001 -16"><span class='ocrx_word' id='word_1_176' title='bbox 248 1711 344 1739; x_wconf 58' lang='lat' dir='ltr'>Verse</span> <span class='ocrx_word' id='word_1_177' title='bbox 365 1710 410 1737; x_wconf 47' lang='lat'>23·</span> <span class='ocrx_word' id='word_1_178' title='bbox 463 1690 553 1744; x_wconf 86' lang='lat' dir='ltr'>filii</span> <span class='ocrx_word' id='word_1_179' title='bbox 591 1689 681 1729; x_wconf 81' lang='lat' dir='ltr'>eius</span> <span class='ocrx_word' id='word_1_180' title='bbox 726 1695 764 1728; x_wconf 88' lang='lat' dir='ltr'>et</span> <span class='ocrx_word' id='word_1_181' title='bbox 808 1689 1094 1728; x_wconf 79' lang='lat' dir='ltr'>beatissimam</span> <span class='ocrx_word' id='word_1_182' title='bbox 1135 1689 1471 1741; x_wconf 76' lang='lat' dir='ltr'>predicaverunt</span> <span class='ocrx_word' id='word_1_183' title='bbox 1515 1695 1553 1728; x_wconf 86' lang='lat' dir='ltr'>et</span> <span class='ocrx_word' id='word_1_184' title='bbox 1596 1689 1661 1728; x_wconf 79' lang='lat' dir='ltr'>vir</span> <span class='ocrx_word' id='word_1_185' title='bbox 1703 1689 1792 1728; x_wconf 85' lang='lat' dir='ltr'>eius</span> 
     </span>
    </p>
   </div>
   <div class='ocr_carea' id='block_1_3' title="bbox 203 1746 1827 1817">
    <p class='ocr_par' dir='ltr' id='par_1_3' title="bbox 203 1746 1827 1817">
     <span class='ocr_line' id='line_1_23' title="bbox 203 1746 1827 1817; baseline 0.001 -19"><span class='ocrx_word' id='word_1_186' title='bbox 203 1746 450 1817; x_wconf 52' lang='grc' dir='ltr'>Βῇξζῐξςῖᾚζῆ</span> <span class='ocrx_word' id='word_1_187' title='bbox 480 1758 669 1798; x_wconf 77' lang='lat' dir='ltr'>laudavit</span> <span class='ocrx_word' id='word_1_188' title='bbox 705 1772 811 1798; x_wconf 87' lang='lat' dir='ltr'>eam.</span> <span class='ocrx_word' id='word_1_189' title='bbox 866 1758 1181 1798; x_wconf 88' lang='lat' dir='ltr'>Testimonium</span> <span class='ocrx_word' id='word_1_190' title='bbox 1219 1758 1434 1798; x_wconf 85' lang='lat' dir='ltr'>infallibile</span> <span class='ocrx_word' id='word_1_191' title='bbox 1483 1758 1618 1798; x_wconf 89' lang='lat' dir='ltr'>laudis</span> <span class='ocrx_word' id='word_1_192' title='bbox 1668 1758 1827 1799; x_wconf 80' lang='lat' dir='ltr'>huiusl</span> 
     </span>
    </p>
   </div>
   <div class='ocr_carea' id='block_1_4' title="bbox 213 1816 1852 2437">
    <p class='ocr_par' dir='ltr' id='par_1_4' title="bbox 213 1816 1852 2437">
     <span class='ocr_line' id='line_1_24' title="bbox 213 1816 1794 1887; baseline 0 -20"><span class='ocrx_word' id='word_1_193' title='bbox 213 1816 437 1887; x_wconf 49' lang='lat' dir='ltr'>‘hgyelfffi‘siffd</span> <span class='ocrx_word' id='word_1_194' title='bbox 479 1828 650 1867; x_wconf 89' lang='lat' dir='ltr'>domine</span> <span class='ocrx_word' id='word_1_195' title='bbox 698 1828 860 1881; x_wconf 87' lang='lat' dir='ltr'>capitur</span> <span class='ocrx_word' id='word_1_196' title='bbox 898 1828 1164 1867; x_wconf 89' lang='lat' dir='ltr'>ascendendo</span> <span class='ocrx_word' id='word_1_197' title='bbox 1208 1843 1231 1867; x_wconf 92' lang='lat' dir='ltr'>a</span> <span class='ocrx_word' id='word_1_198' title='bbox 1268 1828 1442 1867; x_wconf 88' lang='lat' dir='ltr'>testibus</span> <span class='ocrx_word' id='word_1_199' title='bbox 1493 1828 1668 1880; x_wconf 85' lang='lat' dir='ltr'>expertis</span> <span class='ocrx_word' id='word_1_200' title='bbox 1722 1828 1794 1881; x_wconf 87' lang='lat' dir='ltr'>qui</span> 
     </span>
     <span class='ocr_line' id='line_1_25' title="bbox 480 1896 1794 1950; baseline 0 -14"><span class='ocrx_word' id='word_1_201' title='bbox 480 1906 746 1937; x_wconf 81' lang='lat' dir='ltr'>surrexerunt</span> <span class='ocrx_word' id='word_1_202' title='bbox 776 1911 799 1936; x_wconf 89' lang='lat' dir='ltr'>a</span> <span class='ocrx_word' id='word_1_203' title='bbox 821 1896 998 1937; x_wconf 86' lang='lat' dir='ltr'>miseriis</span> <span class='ocrx_word' id='word_1_204' title='bbox 1020 1897 1145 1937; x_wconf 89' lang='lat' dir='ltr'>huius</span> <span class='ocrx_word' id='word_1_205' title='bbox 1176 1897 1240 1937; x_wconf 85' lang='lat' dir='ltr'>vie</span> <span class='ocrx_word' id='word_1_206' title='bbox 1263 1911 1398 1950; x_wconf 86' lang='lat' dir='ltr'>usque</span> <span class='ocrx_word' id='word_1_207' title='bbox 1429 1898 1481 1936; x_wconf 89' lang='lat' dir='ltr'>ad</span> <span class='ocrx_word' id='word_1_208' title='bbox 1502 1897 1794 1937; x_wconf 88' lang='lat' dir='ltr'>testimonium</span> 
     </span>
     <span class='ocr_line' id='line_1_26' title="bbox 478 1966 1850 2019; baseline 0.002 -13"><span class='ocrx_word' id='word_1_209' title='bbox 478 1966 553 2006; x_wconf 86' lang='lat' dir='ltr'>viri</span> <span class='ocrx_word' id='word_1_210' title='bbox 576 1966 652 2006; x_wconf 88' lang='lat' dir='ltr'>sui.</span> <span class='ocrx_word' id='word_1_211' title='bbox 677 1967 768 2019; x_wconf 87' lang='lat' dir='ltr'>lpse</span> <span class='ocrx_word' id='word_1_212' title='bbox 801 1966 914 2005; x_wconf 89' lang='lat' dir='ltr'>enim</span> <span class='ocrx_word' id='word_1_213' title='bbox 948 1975 1008 2006; x_wconf 90' lang='lat' dir='ltr'>est</span> <span class='ocrx_word' id='word_1_214' title='bbox 1034 1967 1184 2007; x_wconf 83' lang='lat' dir='ltr'>veritas</span> <span class='ocrx_word' id='word_1_215' title='bbox 1215 1967 1409 2018; x_wconf 83' lang='lat' dir='ltr'>increata,</span> <span class='ocrx_word' id='word_1_216' title='bbox 1433 1966 1633 2006; x_wconf 85' lang='lat' dir='ltr'>Johannis</span> <span class='ocrx_word' id='word_1_217' title='bbox 1654 1967 1793 2019; x_wconf 77' lang='lat' dir='ltr'>XIV03</span> <span class='ocrx_word' id='word_1_218' title='bbox 1812 1978 1850 2009; x_wconf 84' lang='lat'>25</span> 
     </span>
     <span class='ocr_line' id='line_1_27' title="bbox 480 2036 1794 2089; baseline 0.001 -15"><span class='ocrx_word' id='word_1_219' title='bbox 480 2036 603 2075; x_wconf 84' lang='lat' dir='ltr'>multi</span> <span class='ocrx_word' id='word_1_220' title='bbox 637 2036 751 2075; x_wconf 90' lang='lat' dir='ltr'>enim</span> <span class='ocrx_word' id='word_1_221' title='bbox 783 2045 1051 2076; x_wconf 84' lang='lat' dir='ltr'>surrexerunt</span> <span class='ocrx_word' id='word_1_222' title='bbox 1083 2051 1105 2075; x_wconf 91' lang='lat' dir='ltr'>a</span> <span class='ocrx_word' id='word_1_223' title='bbox 1138 2037 1382 2089; x_wconf 88' lang='lat' dir='ltr'>purgatorio</span> <span class='ocrx_word' id='word_1_224' title='bbox 1427 2046 1466 2075; x_wconf 91' lang='lat' dir='ltr'>et</span> <span class='ocrx_word' id='word_1_225' title='bbox 1504 2050 1526 2075; x_wconf 89' lang='lat' dir='ltr'>a</span> <span class='ocrx_word' id='word_1_226' title='bbox 1556 2036 1689 2075; x_wconf 88' lang='lat' dir='ltr'>limbo</span> <span class='ocrx_word' id='word_1_227' title='bbox 1722 2037 1794 2089; x_wconf 89' lang='lat' dir='ltr'>qui</span> 
     </span>
     <span class='ocr_line' id='line_1_28' title="bbox 481 2105 1796 2159; baseline -0.001 -14"><span class='ocrx_word' id='word_1_228' title='bbox 481 2105 851 2146; x_wconf 85' lang='lat' dir='ltr'>communicarunt</span> <span class='ocrx_word' id='word_1_229' title='bbox 874 2106 996 2145; x_wconf 90' lang='lat' dir='ltr'>nobis</span> <span class='ocrx_word' id='word_1_230' title='bbox 1019 2106 1216 2145; x_wconf 86' lang='lat' dir='ltr'>noticiam</span> <span class='ocrx_word' id='word_1_231' title='bbox 1243 2107 1293 2145; x_wconf 90' lang='lat' dir='ltr'>de</span> <span class='ocrx_word' id='word_1_232' title='bbox 1316 2106 1570 2145; x_wconf 86' lang='lat' dir='ltr'>beatitudine</span> <span class='ocrx_word' id='word_1_233' title='bbox 1603 2115 1643 2145; x_wconf 90' lang='lat' dir='ltr'>et</span> <span class='ocrx_word' id='word_1_234' title='bbox 1663 2105 1796 2159; x_wconf 88' lang='lat' dir='ltr'>gloria</span> 
     </span>
     <span class='ocr_line' id='line_1_29' title="bbox 482 2174 1795 2228; baseline 0 -14"><span class='ocrx_word' id='word_1_235' title='bbox 482 2175 653 2215; x_wconf 90' lang='lat' dir='ltr'>ecclesie</span> <span class='ocrx_word' id='word_1_236' title='bbox 685 2175 996 2228; x_wconf 85' lang='lat' dir='ltr'>triumphantis,</span> <span class='ocrx_word' id='word_1_237' title='bbox 1042 2185 1081 2215; x_wconf 89' lang='lat' dir='ltr'>et</span> <span class='ocrx_word' id='word_1_238' title='bbox 1111 2175 1259 2215; x_wconf 88' lang='lat' dir='ltr'>veritas</span> <span class='ocrx_word' id='word_1_239' title='bbox 1298 2184 1470 2215; x_wconf 88' lang='lat' dir='ltr'>testatur</span> <span class='ocrx_word' id='word_1_240' title='bbox 1506 2175 1548 2214; x_wconf 89' lang='lat' dir='ltr'>in</span> <span class='ocrx_word' id='word_1_241' title='bbox 1581 2174 1689 2215; x_wconf 87' lang='lat' dir='ltr'>facto</span> <span class='ocrx_word' id='word_1_242' title='bbox 1722 2189 1795 2214; x_wconf 90' lang='lat' dir='ltr'>sue</span> 
     </span>
     <span class='ocr_line' id='line_1_30' title="bbox 480 2244 1795 2298; baseline -0.001 -14"><span class='ocrx_word' id='word_1_243' title='bbox 480 2244 863 2298; x_wconf 79' lang='lat' dir='ltr'>transfiguracionis</span> <span class='ocrx_word' id='word_1_244' title='bbox 896 2254 935 2284; x_wconf 91' lang='lat' dir='ltr'>et</span> <span class='ocrx_word' id='word_1_245' title='bbox 966 2245 1006 2283; x_wconf 88' lang='lat' dir='ltr'>in</span> <span class='ocrx_word' id='word_1_246' title='bbox 1030 2244 1164 2284; x_wconf 87' lang='lat' dir='ltr'>verbis</span> <span class='ocrx_word' id='word_1_247' title='bbox 1197 2258 1269 2284; x_wconf 90' lang='lat' dir='ltr'>sue</span> <span class='ocrx_word' id='word_1_248' title='bbox 1297 2244 1595 2297; x_wconf 87' lang='lat' dir='ltr'>predicacionis</span> <span class='ocrx_word' id='word_1_249' title='bbox 1628 2245 1795 2284; x_wconf 90' lang='lat' dir='ltr'>laudem</span> 
     </span>
     <span class='ocr_line' id='line_1_31' title="bbox 482 2313 1852 2367; baseline 0.001 -15"><span class='ocrx_word' id='word_1_250' title='bbox 482 2328 634 2367; x_wconf 88' lang='lat' dir='ltr'>sponse</span> <span class='ocrx_word' id='word_1_251' title='bbox 657 2314 830 2353; x_wconf 88' lang='lat' dir='ltr'>Matthei</span> <span class='ocrx_word' id='word_1_252' title='bbox 853 2315 982 2365; x_wconf 84' lang='lat' dir='ltr'>XXV,</span> <span class='ocrx_word' id='word_1_253' title='bbox 1020 2315 1090 2366; x_wconf 78' lang='lat'>34:</span> <span class='ocrx_word' id='word_1_254' title='bbox 1130 2313 1273 2353; x_wconf 84' lang='lat' dir='ltr'>Venite</span> <span class='ocrx_word' id='word_1_255' title='bbox 1296 2314 1504 2353; x_wconf 83' lang='lat' dir='ltr'>benedicti</span> <span class='ocrx_word' id='word_1_256' title='bbox 1527 2315 1673 2366; x_wconf 78' lang='lat' dir='ltr'>patris</span> <span class='ocrx_word' id='word_1_257' title='bbox 1696 2315 1793 2363; x_wconf 88' lang='lat' dir='ltr'>mei,</span> <span class='ocrx_word' id='word_1_258' title='bbox 1812 2325 1852 2357; x_wconf 82' lang='lat'>30</span> 
     </span>
     <span class='ocr_line' id='line_1_32' title="bbox 474 2383 1793 2437; baseline -0.001 -14"><span class='ocrx_word' id='word_1_259' title='bbox 474 2384 686 2436; x_wconf 73' lang='lat' dir='ltr'>percipite</span> <span class='ocrx_word' id='word_1_260' title='bbox 711 2390 919 2436; x_wconf 79' lang='lat' dir='ltr'>paratum</span> <span class='ocrx_word' id='word_1_261' title='bbox 953 2384 1066 2423; x_wconf 74' lang='lat' dir='ltr'>vobis</span> <span class='ocrx_word' id='word_1_262' title='bbox 1099 2394 1305 2437; x_wconf 59' lang='lat' dir='ltr'>regimim·</span> <span class='ocrx_word' id='word_1_263' title='bbox 1336 2393 1374 2423; x_wconf 92' lang='lat' dir='ltr'>et</span> <span class='ocrx_word' id='word_1_264' title='bbox 1406 2383 1593 2437; x_wconf 86' lang='lat' dir='ltr'>sequitur</span> <span class='ocrx_word' id='word_1_265' title='bbox 1621 2384 1793 2423; x_wconf 89' lang='lat' dir='ltr'>verbum</span> 
     </span>
    </p>
   </div>
   <div class='ocr_carea' id='block_1_5' title="bbox 480 2452 1797 2501">
    <p class='ocr_par' dir='ltr' id='par_1_5' title="bbox 480 2452 1797 2501">
     <span class='ocr_line' id='line_1_33' title="bbox 480 2452 1797 2501; baseline 0 -9"><span class='ocrx_word' id='word_1_266' title='bbox 480 2453 633 2494; x_wconf 84' lang='lat' dir='ltr'>laudis:</span> <span class='ocrx_word' id='word_1_267' title='bbox 679 2452 854 2493; x_wconf 77' lang='lat' dir='ltr'>Esurivi</span> <span class='ocrx_word' id='word_1_268' title='bbox 904 2453 1012 2493; x_wconf 81' lang='lat' dir='ltr'>enim</span> <span class='ocrx_word' id='word_1_269' title='bbox 1060 2459 1100 2493; x_wconf 88' lang='lat' dir='ltr'>et</span> <span class='ocrx_word' id='word_1_270' title='bbox 1142 2453 1311 2493; x_wconf 84' lang='lat' dir='ltr'>dedistis</span> <span class='ocrx_word' id='word_1_271' title='bbox 1363 2453 1464 2493; x_wconf 86' lang='lat' dir='ltr'>mihi</span> <span class='ocrx_word' id='word_1_272' title='bbox 1514 2452 1797 2501; x_wconf 81' lang='lat' dir='ltr'>manducare;</span> 
     </span>
    </p>
   </div>
   <div class='ocr_carea' id='block_1_6' title="bbox 482 2610 1794 2694">
    <p class='ocr_par' dir='ltr' id='par_1_6' title="bbox 482 2610 1794 2694">
     <span class='ocr_line' id='line_1_34' title="bbox 534 2610 1793 2647; baseline -0.002 -8"><span class='ocrx_word' id='word_1_273' title='bbox 534 2619 554 2639; x_wconf 90' lang='lat'>1.</span> <span class='ocrx_word' id='word_1_274' title='bbox 577 2611 699 2640; x_wconf 88' lang='lat' dir='ltr'>Codd.:</span> <span class='ocrx_word' id='word_1_275' title='bbox 721 2612 803 2647; x_wconf 88' lang='lat' dir='ltr'>apud</span> <span class='ocrx_word' id='word_1_276' title='bbox 824 2619 890 2639; x_wconf 88' lang='lat' dir='ltr'>vos.</span> <span class='ocrx_word' id='word_1_277' title='bbox 1050 2610 1089 2639; x_wconf 84' lang='lat'>13.</span> <span class='ocrx_word' id='word_1_278' title='bbox 1110 2611 1219 2639; x_wconf 87' lang='lat' dir='ltr'>Recte:</span> <span class='ocrx_word' id='word_1_279' title='bbox 1240 2611 1357 2639; x_wconf 86' lang='lat' dir='ltr'>ociosa.</span> <span class='ocrx_word' id='word_1_280' title='bbox 1508 2619 1547 2647; x_wconf 89' lang='lat'>¹7·</span> <span class='ocrx_word' id='word_1_281' title='bbox 1569 2611 1613 2639; x_wconf 91' lang='lat' dir='ltr'>A:</span> <span class='ocrx_word' id='word_1_282' title='bbox 1632 2611 1669 2639; x_wconf 87' lang='lat' dir='ltr'>ad</span> <span class='ocrx_word' id='word_1_283' title='bbox 1689 2612 1793 2639; x_wconf 85' lang='lat' dir='ltr'>fortes.</span> 
     </span>
     <span class='ocr_line' id='line_1_35' title="bbox 482 2656 1794 2694; baseline -0.001 -9"><span class='ocrx_word' id='word_1_284' title='bbox 482 2666 524 2694; x_wconf 87' lang='lat'>¹9-</span> <span class='ocrx_word' id='word_1_285' title='bbox 545 2658 574 2686; x_wconf 90' lang='lat' dir='ltr'>A</span> <span class='ocrx_word' id='word_1_286' title='bbox 589 2658 618 2685; x_wconf 91' lang='lat' dir='ltr'>in</span> <span class='ocrx_word' id='word_1_287' title='bbox 634 2666 733 2693; x_wconf 86' lang='lat' dir='ltr'>marg.</span> <span class='ocrx_word' id='word_1_288' title='bbox 747 2667 754 2685; x_wconf 75' lang='grc' dir='ltr'><strong>ε</strong></span> <span class='ocrx_word' id='word_1_289' title='bbox 770 2658 879 2686; x_wconf 85' lang='lat' dir='ltr'>Tereia</span> <span class='ocrx_word' id='word_1_290' title='bbox 895 2666 978 2693; x_wconf 87' lang='lat' dir='ltr'>pars.</span> <span class='ocrx_word' id='word_1_291' title='bbox 1085 2656 1123 2685; x_wconf 85' lang='lat'>31.</span> <span class='ocrx_word' id='word_1_292' title='bbox 1138 2657 1300 2694; x_wconf 82' lang='lat' dir='ltr'>percipite;</span> <span class='ocrx_word' id='word_1_293' title='bbox 1313 2658 1343 2686; x_wconf 88' lang='lat' dir='ltr'>in</span> <span class='ocrx_word' id='word_1_294' title='bbox 1358 2662 1440 2686; x_wconf 83' lang='lat' dir='ltr'>textu</span> <span class='ocrx_word' id='word_1_295' title='bbox 1453 2658 1614 2686; x_wconf 81' lang='lat' dir='ltr'>Matthaei:</span> <span class='ocrx_word' id='word_1_296' title='bbox 1628 2657 1794 2693; x_wconf 87' lang='lat' dir='ltr'>possidete.</span> 
     </span>
    </p>
   </div>
   <div class='ocr_carea' id='block_1_7' title="bbox 540 2798 905 2840">
    <p class='ocr_par' dir='ltr' id='par_1_7' title="bbox 540 2798 905 2840">
     <span class='ocr_line' id='line_1_36' title="bbox 540 2798 905 2840; baseline 0.003 -10"><span class='ocrx_word' id='word_1_297' title='bbox 540 2809 569 2831; x_wconf 89' lang='lat'>2.</span> <span class='ocrx_word' id='word_1_298' title='bbox 595 2798 634 2831; x_wconf 91' lang='lat'>11.</span> <span class='ocrx_word' id='word_1_299' title='bbox 661 2800 740 2831; x_wconf 86' lang='lat' dir='ltr'>Cor.</span> <span class='ocrx_word' id='word_1_300' title='bbox 766 2799 824 2840; x_wconf 86' lang='lat' dir='ltr'>VI,</span> <span class='ocrx_word' id='word_1_301' title='bbox 854 2810 905 2831; x_wconf 84' lang='lat'>11.</span> 
     </span>
    </p>
   </div>
  </div>
 </body>
</html>
