2051 3343
211 225 286 251 102
913 217 1134 249 JOHANNIS
1160 216 1353 249 WYCLIF.
1645 201 1798 260 [cmv.

492 334 655 377 temptu
689 324 759 377 qui
793 332 871 362 stat
904 322 946 360 in
978 321 1079 374 legis
1113 335 1189 361 suo
1213 321 1483 360 observancia
1514 321 1578 359 vel
1601 321 1800 373 despectu
1821 329 1899 374 142b
1933 332 1951 365 1

492 408 576 434 non
611 392 655 433 fit
689 392 957 443 scrutinium,
990 391 1105 444 quod
1138 399 1197 430 est
1238 390 1405 443 signum
1443 390 1802 430 evidentissimum

493 464 606 517 quod
639 463 741 502 tales
774 460 940 514 superbi
978 460 1181 514 prepositi
1223 469 1323 500 sunt
1361 468 1473 499 extra
1511 459 1728 499 Christum
1765 467 1804 498 et

492 547 613 573 suam
665 520 893 582 ecclesiam,
938 530 1127 569 membra
1172 529 1278 582 regis
1323 529 1515 582 superbie
1559 542 1640 582 que
1685 542 1805 568 suam

493 602 793 655 quadraturam
844 608 1056 640 ostentant
1077 600 1100 623 ᾗ
1122 598 1164 637 in
1216 598 1349 651 figura
1400 597 1574 649 mundi,
1626 597 1800 651 figuram
1826 615 1900 653 142⁰

493 680 635 710 autem
668 669 901 709 substancie
934 669 1070 708 divine
1103 668 1403 721 postponendo
1437 667 1663 707 occultant.

221 748 263 776 ΞΜ
284 747 452 782 objectiom
552 741 702 779 Tercio
736 739 920 791 arguitur
952 747 1096 778 contra
1120 738 1228 777 dicta
1260 738 1310 776 de
1335 750 1509 790 corpore
1543 736 1711 776 ecclesie
1734 750 1859 790 perK

204 782 466 845 liiiiiesgfriidfiiii:
495 810 573 849 hoc
606 809 721 862 quod
754 808 840 860 pari
875 807 1086 847 evidencia
1119 820 1200 860 qua
1233 806 1302 846 illa
1334 806 1438 846 foret
1476 820 1612 846 unum
1639 820 1806 859 corpus,

206 853 478 914 tiigdissriirigiilii
495 888 533 918 et
565 877 837 931 congregacio
872 876 1148 929 prescitorum
1172 876 1441 916 constitueret
1474 889 1609 916 unum
1642 890 1807 929 corpus,

495 961 758 1000 consequens
812 946 988 997 falsum,
1040 946 1139 999 quia
1184 959 1259 985 nec
1305 959 1455 998 corpus
1501 946 1688 985 naturale
1733 959 1808 985 nec
1828 968 1867 990 10

493 1017 719 1069 misticum,
753 1030 802 1056 eo
835 1017 950 1070 quod
973 1030 1060 1055 non
1093 1015 1198 1055 foret
1230 1015 1364 1054 forma
1397 1015 1558 1067 uniens,
1592 1016 1670 1055 nisi
1704 1015 1810 1055 foret

494 1096 726 1140 peccatum,
760 1086 864 1125 illud
895 1095 1037 1125 autem
1069 1100 1154 1125 non
1189 1085 1406 1125 continuat
1439 1086 1511 1124 sed
1542 1085 1734 1138 seiungit.

208 1165 482 1226 'riieAposrxgliiisswn
556 1156 634 1195 Hic
668 1155 818 1195 dicitur
851 1170 898 1194 ex
942 1155 1023 1194 fide
1064 1155 1265 1208 scripture
1306 1155 1422 1207 quod
1460 1168 1609 1194 omnes
1647 1154 1809 1207 presciti

225 1233 264 1260 do
286 1232 447 1302 f‘ssssngyone
498 1226 761 1265 constituunt
793 1239 928 1265 unum
968 1239 1132 1278 corpus.
1179 1224 1371 1265 Christus
1416 1223 1529 1263 enim
1576 1224 1673 1263 dicit
1717 1224 1808 1264 Joh.

497 1296 611 1336 VIIIO
641 1308 710 1347 44,
742 1295 882 1335 Judeis
916 1304 954 1334 et
986 1294 1267 1347 principaliter
1299 1293 1581 1333 sacerdotibus
1615 1303 1654 1333 et
1674 1294 1810 1345 phari·
1832 1304 1866 1337 15

497 1365 574 1404 seis
619 1365 689 1418 qui
735 1365 977 1404 dicebantur
1022 1378 1110 1404 esse
1142 1364 1337 1416 capitales
1384 1363 1580 1402 ecclesie:
1639 1363 1715 1402 Vos
1759 1376 1813 1402 ex

490 1441 618 1488 patre
651 1434 820 1475 diabolo
853 1435 952 1474 estis
985 1441 1024 1474 et
1070 1434 1284 1474 desideria
1323 1434 1467 1485 patris
1510 1433 1641 1472 vestri
1684 1433 1813 1472 vultis

486 1504 657 1557 facere.
693 1505 753 1543 Ex
786 1517 871 1557 quo
904 1512 1019 1557 patet
1051 1504 1165 1557 quod
1207 1512 1372 1556 oportet
1405 1516 1492 1542 esse
1525 1516 1654 1541 unam
1686 1515 1811 1555 gene-

497 1574 710 1613 racionem
743 1587 823 1627 que
856 1572 934 1613 fuit
965 1573 1075 1612 mala
1106 1573 1145 1611 in
1181 1572 1438 1625 vulgaribus,
1472 1572 1589 1625 peior
1620 1571 1662 1610 in
1695 1585 1811 1611 secu-

497 1644 650 1683 laribus
684 1643 922 1696 prepositis,
957 1644 1028 1681 sed
1060 1642 1242 1695 pessima
1259 1642 1299 1681 in
1334 1642 1514 1694 prelatis,
1548 1641 1655 1680 sicut
1688 1655 1811 1694 gene·
1829 1662 1871 1685 20

498 1713 608 1752 racio
641 1713 851 1752 iustorum
884 1713 1117 1751 secundum
1165 1720 1245 1751 tres
1290 1712 1440 1764 gradus
1491 1709 1710 1763 oppositos
1756 1710 1813 1749 eis

500 1782 875 1836 proporcionaliter
907 1782 1220 1834 correspondet.
1270 1781 1311 1821 Si
1345 1795 1442 1834 ergo
1492 1780 1543 1820 sit
1575 1793 1658 1819 una
1690 1793 1813 1832 gene-

499 1852 610 1891 racio
656 1865 962 1904 perversorum,
1016 1860 1183 1904 oportet
1227 1852 1342 1904 quod
1387 1850 1438 1890 sit
1489 1864 1599 1889 unus
1644 1848 1814 1902 iniquus

212 1925 484 1988 dgvfiii'i'iiilgliglaed.
499 1922 631 1960 homo
663 1921 819 1960 habens
851 1930 986 1973 partes
1020 1934 1101 1974 que
1133 1929 1230 1959 sunt
1251 1920 1439 1959 membra
1462 1918 1629 1969 diaboli,
1653 1927 1691 1957 et
1715 1931 1813 1957 cun]

500 2004 587 2029 non
618 1999 758 2043 potest
789 2004 876 2030 esse
908 1991 1147 2029 membrum
1179 1990 1243 2028 vel
1276 1999 1399 2042 caput
1437 1988 1515 2027 nisi
1552 1988 1594 2026 in
1633 2001 1802 2041 compa—
1835 2001 1875 2034 25

502 2060 667 2100 racione
700 2060 752 2099 ad
795 2069 936 2099 totum
983 2073 1132 2112 corpus
1176 2059 1398 2112 integrum,
1444 2057 1714 2097 manifestum
1758 2066 1818 2097 est

504 2131 619 2184 quod
642 2138 701 2169 est
733 2143 867 2169 unum
886 2143 1038 2182 corpus
1072 2128 1241 2179 diaboli,
1276 2129 1382 2167 sicut
1414 2136 1475 2166 est
1497 2140 1632 2167 unum
1664 2140 1817 2180 corpus

504 2199 671 2240 Christi.
725 2199 805 2240 Ubi
858 2208 1000 2238 autem
1045 2212 1197 2251 corpus
1247 2197 1400 2238 Christi
1447 2205 1620 2236 vocatur
1666 2210 1816 2249 corpus

504 2269 719 2308 misticum
762 2277 934 2321 propter
985 2268 1221 2308 misterium
1274 2267 1433 2306 celestis
1485 2266 1669 2319 coniugii
1714 2266 1819 2306 inter

506 2338 722 2378 Christum
756 2348 794 2377 et
828 2337 1046 2376 ecclesiam
1080 2337 1247 2388 Christi,
1282 2350 1436 2389 corpus
1460 2335 1614 2374 diaboli
1646 2349 1733 2375 non
1758 2346 1819 2376 est
1835 2350 1875 2382 30

506 2408 561 2447 sic
594 2407 807 2447 misticum
841 2408 911 2446 sed
944 2407 1186 2457 obscurum,
1221 2420 1318 2446 cum
1352 2406 1407 2445 sic
1432 2405 1629 2459 coniungi
1649 2406 1817 2445 diabolo

576 2567 600 2594 5.
622 2568 667 2594 A:
689 2568 818 2602 figuram
840 2568 977 2602 liguram.
1094 2576 1120 2602 7.
1142 2568 1169 2594 A
1191 2567 1220 2593 in
1243 2573 1354 2600 marg.:
1377 2565 1527 2593 Malorum
1551 2566 1756 2600 congregacio
1776 2572 1821 2594 est

506 2621 601 2640 unum
623 2621 734 2649 corpus
756 2614 892 2641 naturale
919 2614 995 2640 sicut
1017 2614 1171 2640 bonorum
1194 2618 1237 2639 est
1259 2620 1353 2639 unum
1375 2620 1486 2647 corpus
1510 2611 1676 2639 misticum.
1700 2613 1820 2647 (Above

509 2666 569 2692 142c
600 2660 729 2687 without
749 2661 836 2688 mark
857 2660 891 2687 of
909 2660 1090 2693 reference.)
1175 2667 1209 2686 12.
1233 2661 1277 2686 A:
1299 2659 1446 2686 continat.
1545 2656 1582 2685 13.
1605 2659 1633 2685 A
1654 2658 1683 2685 in
1705 2667 1820 2694 marg:

506 2705 691 2740 Responsio,
842 2716 881 2741 hi-
906 2707 926 2733 Β
949 2707 977 2734 in
1001 2714 1097 2740 marg.
1130 2715 1212 2737 man,
1234 2714 1312 2733 reo:
1346 2706 1483 2733 Ecclesia
1504 2704 1744 2740 malignancium
1768 2714 1822 2737 per

507 2759 702 2787 consequens
715 2758 759 2780 cst
775 2762 868 2780 unum
884 2761 1008 2788 corpus.
1025 2753 1095 2780 Ain
1110 2752 1365 2787 niarg.:T1·ip¹.ex
1377 2751 1538 2787 generacio
1555 2752 1644 2778 mala.
1714 2759 1755 2779 22.
1776 2754 1820 2779 A:

509 2801 751 2835 correspondent
783 2801 838 2834 Al:
861 2800 1119 2834 correspondent.
1247 2800 1292 2825 26.
1316 2799 1352 2825 B:
1375 2807 1489 2833 corpus
1511 2799 1606 2825 deest.
1715 2800 1760 2827 '2¹0-
1783 2800 1821 2826 15:

509 2844 619 2871 Christi
642 2845 735 2872 deest.
845 2845 883 2872 31.
906 2847 943 2872 13:
966 2854 1035 2873 cum
1056 2846 1211 2880 coniungi.
