2051 3273
234 202 312 255 278
965 212 1186 243 JOHANNIS
1214 211 1404 243 WYCLIF,
1629 197 1734 254 [CAP.
1756 207 1834 235 xm.

518 331 605 356 non
638 317 872 355 habuerunt
904 319 1155 367 potestatem
1187 316 1238 353 ad
1272 315 1459 354 dandum
1491 315 1574 354 suis
1606 314 1825 354 heredibus
1847 324 1975 357 165⁸ss

519 386 774 426 naturalibus
807 384 1047 423 dominium
1068 383 1182 436 regni
1215 384 1359 434 nostri,
1393 383 1499 423 sicut
1522 391 1633 436 patet
1655 397 1703 422 ex
1726 397 1824 422 con-

519 464 671 509 questu
717 462 930 508 sequente,
976 453 1032 492 sic
1076 453 1239 492 videtur
1285 454 1400 506 quod
1446 466 1532 491 non
1576 452 1827 492 suffecerunt

521 526 675 564 donare
697 523 975 564 accessorium
998 535 1175 575 persone
1199 532 1284 561 tam
1318 531 1520 573 extranee,
1552 536 1700 575 ymmo
1724 521 1828 561 sicut

522 593 778 634 Willielmus
811 600 1062 645 conquestor
1106 604 1192 630 non
1225 592 1440 631 tenebatur
1471 591 1683 631 restituere
1715 591 1860 643 prin-5

521 663 652 716 cipale
683 662 739 702 sic
771 675 846 701 nec
878 661 1170 701 accessorium.

579 733 632 772 Et
664 730 932 771 confirmacio
978 739 1037 770 est
1070 743 1118 769 ex
1160 730 1241 769 hoc
1280 731 1396 783 quod
1428 729 1580 769 multas
1614 730 1715 769 tales
1748 729 1828 768 ele-

521 801 706 841 mosinas
730 801 946 840 Saxonum
969 800 1262 840 transmutavit
1285 809 1324 839 et
1346 799 1578 838 monachos
1601 798 1831 838 Normanie

521 870 771 921 introduxit;
818 870 933 922 quod
972 869 1004 908 si
1043 869 1221 909 omnino
1267 868 1410 908 fuisset
1448 868 1653 919 illicitum,
1698 868 1832 907 maior

522 953 615 993 pars
649 939 743 979 cleri
776 938 1073 991 possessionati
1104 938 1145 977 in
1169 938 1323 990 Anglia
1347 937 1531 977 alienum
1563 938 1721 976 bonum
1746 937 1832 976 sine
1852 958 1890 979 10

523 1009 648 1049 titulo
682 1017 913 1061 usurparet.

581 1079 699 1130 Item,
731 1078 894 1118 videtur
927 1078 1042 1131 quod
1080 1077 1212 1116 multe
1244 1086 1351 1117 carte
1379 1085 1579 1129 perpetue
1609 1076 1876 1119 elemosine3
1896 1086 1926 1118 G

525 1148 692 1202 sapiunt
731 1162 778 1187 ex
816 1156 932 1200 parte
965 1146 1277 1187 elemosinantis
1310 1156 1349 1186 et
1380 1146 1488 1185 male
1525 1145 1833 1198 interpretantis

525 1217 830 1271 blasphemiam
852 1226 891 1256 et
914 1216 1167 1269 superbiam,
1191 1230 1288 1256 cum
1309 1216 1430 1256 multi
1456 1215 1619 1254 domini
1634 1215 1834 1254 seculares

236 1305 328 1340 Many
351 1303 509 1342 perpetual
526 1296 774 1341 presumunt
818 1287 933 1340 quod
980 1295 1039 1325 est
1082 1286 1124 1324 in
1169 1294 1373 1338 potestate
1411 1298 1555 1324 eorum
1598 1285 1692 1323 dare
1737 1284 1891 1327 sim-15

242 1342 505 1412 ffissoffizggffiff
527 1356 688 1409 pliciter
720 1357 761 1395 in
794 1364 1042 1409 perpetuam
1074 1354 1350 1394 elemosinam
1381 1354 1589 1407 signatum
1612 1353 1836 1404 redditum,

236 1408 512 1470 Jffi‘sssscssgstfflffe
527 1426 709 1479 qualibet
759 1425 1007 1465 condicione
1057 1424 1334 1464 elemosinarii
1386 1423 1666 1476 pretermissa;
1722 1423 1838 1476 quod

307 1482 445 1526 gr'amee.
527 1496 782 1535 declaratum
814 1504 874 1535 est
905 1494 1099 1547 proximo
1124 1493 1307 1546 capitulo
1332 1494 1421 1532 Deo
1454 1506 1539 1531 non
1564 1506 1688 1545 posse
1720 1505 1835 1531 com-

527 1574 678 1618 petere,
724 1578 820 1604 cum
860 1565 895 1604 10
927 1565 1093 1617 Regum
1125 1564 1180 1602 ΙΙ0
1211 1563 1361 1615 legitur
1399 1563 1515 1616 quod
1548 1564 1659 1601 Deus
1693 1561 1835 1601 condi-

528 1635 694 1674 cionem
727 1634 836 1687 Hely
868 1642 1097 1684 notaverat,
1137 1633 1193 1672 sic
1232 1633 1348 1686 quod
1386 1645 1473 1671 non
1511 1632 1702 1670 obstante
1734 1645 1835 1684 qua-
1853 1652 1895 1673 20

529 1717 695 1757 cunque
717 1702 1000 1756 promissione
1018 1716 1104 1741 non
1129 1711 1241 1742 tenet
1264 1701 1492 1753 concessio,
1517 1700 1593 1739 nisi
1618 1700 1837 1739 servicium

529 1773 603 1813 Dei
625 1774 808 1812 virtuose
831 1780 1011 1825 peragat.
1042 1771 1083 1811 Si
1107 1785 1204 1825 ergo
1228 1773 1340 1811 Deus
1363 1771 1433 1824 qui
1458 1779 1597 1822 potest
1618 1768 1837 1809 iustificare

529 1843 710 1896 impium
744 1851 782 1881 et
805 1841 881 1881 scit
903 1841 1171 1880 condiciones
1204 1854 1249 1880 ac
1272 1840 1491 1893 dignitates
1514 1839 1648 1879 tocius
1680 1838 1839 1892 generis

530 1911 853 1952 succedencium
915 1910 1197 1964 subintellegit
1242 1909 1550 1960 condicionem,
1604 1921 1697 1948 ceca
1745 1921 1836 1960 pre-

530 1981 723 2035 sumpcio
766 1981 974 2020 videretur
1006 1980 1046 2018 in
1080 1979 1254 2019 homine
1299 1979 1370 2032 qui
1408 1992 1483 2018 nec
1516 1986 1654 2030 potest
1685 1978 1839 2016 donare
1857 1983 1896 2015 25

530 2066 602 2105 per
644 2060 805 2091 tantam
854 2050 1078 2102 periodum
1128 2063 1202 2088 nec
1250 2047 1469 2088 iustificare
1502 2047 1707 2104 *aliquem
1753 2046 1839 2086 eius

527 2120 751 2171 datarium,
790 2128 836 2158 ut
868 2128 1020 2158 asserat
1053 2133 1094 2158 se
1128 2119 1354 2158 concedere
1389 2118 1528 2156 datam
1568 2116 1841 2156 elemosinam

532 2190 699 2230 cuilibet
730 2189 840 2228 illius
873 2188 1032 2241 generis
1065 2189 1275 2238 absolute;
1316 2188 1358 2225 in
1391 2187 1471 2226 hoc
1504 2186 1617 2225 enim
1654 2186 1842 2238 implicat

532 2274 573 2300 se
597 2260 653 2300 sic
677 2259 914 2311 concedere,
938 2258 1024 2297 sive
1047 2258 1159 2297 Deus
1182 2257 1360 2296 voluerit
1394 2257 1478 2297 sive
1500 2255 1701 2307 noluerit,
1726 2256 1840 2308 quod

534 2344 616 2369 non
652 2338 801 2381 potest,
846 2342 943 2367 cum
983 2322 1108 2366 nemo
1146 2335 1284 2379 potest
1328 2327 1553 2380 quicquam
1602 2326 1840 2375 concedere,
1858 2336 1898 2367 30

535 2399 611 2437 nisi
644 2398 756 2451 prius
780 2398 892 2436 Deus
926 2397 1065 2449 ipsum
1104 2396 1373 2435 concesserit:
1420 2397 1515 2434 ideo
1554 2394 1718 2434 racione
1752 2394 1841 2433 talis

533 2467 738 2506 mendacii
763 2467 1047 2506 dissolvuntur
1071 2467 1203 2505 multe
1219 2466 1447 2505 elemosine
1462 2474 1607 2505 vocate
1630 2472 1841 2516 perpetue.

593 2536 840 2588 Religiosior
873 2550 969 2588 ergo
1003 2535 1109 2574 foret
1132 2535 1346 2574 concessio
1377 2548 1564 2587 expressa
1597 2533 1843 2573 condicione

536 2607 650 2660 quod
684 2619 859 2658 persone
904 2605 985 2644 sint
1015 2603 1171 2644 habiles
1205 2614 1243 2644 et
1276 2605 1392 2657 quod
1418 2605 1505 2643 Deo
1539 2603 1590 2643 sit
1622 2602 1843 2655 placitum;

587 2737 615 2762 4.
638 2729 674 2756 B:
698 2730 844 2757 extramie.
988 2737 1017 2764 9.
1040 2729 1078 2755 13:
1100 2728 1208 2756 fnisset
1223 2728 1356 2756 *titulo
1384 2728 1477 2755 deest.
1631 2735 1668 2754 21.
1690 2727 1842 2762 A1corr.:

531 2781 662 2803 teneret.
786 2783 827 2802 21.
850 2776 887 2803 13:
910 2775 1052 2802 servicio.
1178 2782 1222 2802 22.
1242 2775 1270 2802 A
1285 2775 1314 2802 in
1330 2782 1443 2808 marg.:
1465 2773 1557 2801 raciO.
1672 2780 1718 2808 24.
1739 2773 1767 2800 A
1786 2773 1842 2807 A1:

536 2821 750 2849 subintellexit.
894 2822 934 2849 25.
956 2821 1003 2849 26.
1025 2822 1053 2849 A
1072 2822 1131 2855 Al:
1150 2822 1259 2849 durare
1280 2829 1334 2856 per
1355 2826 1478 2848 tantam.
