2051 3273
238 194 322 245 454
945 201 1169 234 JOHANNIS
1194 201 1388 233 WYCLIF.
1631 187 1737 246 [CAP.
1760 199 1840 227 x1x.

237 318 510 389 wseolffiepggssntdo
527 307 647 346 fuerit
691 308 807 360 quod
857 306 928 346 tali
973 306 1173 345 debeatur
1217 306 1362 345 datum
1407 306 1670 358 beneficium,
1722 307 1993 362 debet191bL

240 388 510 416 considerhuman
528 377 699 416 iudicari
743 390 819 429 pro
864 376 936 415 illo
982 376 1375 429 quomodocunque
1422 377 1655 415 secundum
1704 390 1844 416 mores

337 423 404 449 law.
526 460 669 486 secum
720 445 842 485 fuerit
892 446 1035 498 quoad
1079 445 1231 496 Deum,
1284 444 1381 497 quia
1424 454 1581 484 certum
1628 454 1688 485 est
1728 447 1844 499 quod

527 516 639 555 Deus
681 515 723 554 in
770 514 975 567 superatis
1021 514 1173 566 excipit
1206 523 1351 554 contra
1382 514 1503 554 illurn
1536 514 1614 553 nisi
1654 515 1845 555 habuerit

526 584 878 625 rectificacionem
910 584 1143 624 secundum
1176 584 1394 623 veritatem
1427 584 1600 626 iusticie.
1626 585 1723 624 Ideo
1756 586 1876 628 iura5

527 654 662 693 civilia
707 668 786 707 que
831 667 917 693 non
963 667 1036 706 per
1080 666 1122 692 se
1165 654 1389 693 attendunt
1433 654 1485 692 ad
1528 654 1843 694 habilitaciones

524 724 726 763 virtutum
750 732 795 763 ut
817 723 1049 776 plurimum
1071 731 1167 762 sunt
1189 722 1341 762 iniusta
1364 722 1428 777 (ut
1450 722 1548 762 dicit
1564 723 1840 777 Augustinus,

526 793 714 846 Epistola
745 793 978 833 XXXVIIIa
1009 793 1060 831 ad
1092 791 1420 846 Macedonium).

240 873 364 911 Others,
385 873 511 901 matthe
583 863 701 902 Patet
733 863 917 902 secundo
941 861 1176 901 destruccio
1211 861 1293 901 fuci
1327 862 1542 914 sophistici
1566 876 1652 915 quo
1677 862 1842 916 fingunt

237 908 512 971 focrlaifflffltlttnffitcsh.
529 933 831 971 contendentes
876 945 917 970 se
964 931 1111 984 exequi
1156 945 1230 983 pro
1263 931 1351 970 iure
1384 945 1461 971 suo
1495 940 1620 984 atque
1653 932 1901 983 ecclesie310

527 1015 626 1040 narn
670 1014 743 1054 per
790 1001 1087 1040 execucionem
1129 1001 1257 1039 talem
1302 1009 1340 1040 et
1388 1001 1664 1040 omissionem
1716 1000 1844 1040 divini

530 1070 693 1110 consilii
726 1084 772 1109 ac
805 1070 931 1109 debiti
964 1069 1181 1109 ministerii
1215 1070 1278 1108 ius
1312 1070 1430 1122 quod
1462 1070 1576 1122 prius
1608 1071 1845 1110 habuerunt

530 1140 801 1193 extinguitur,
832 1153 981 1193 ymmo
1014 1139 1213 1178 haberent
1245 1139 1308 1178 ius
1343 1148 1381 1178 et
1413 1139 1636 1179 dominum
1672 1140 1845 1180 ulterius

529 1209 720 1249 faciendo
755 1222 863 1261 opus
897 1208 1148 1260 evangeliste
1171 1208 1260 1247 sine
1283 1208 1561 1248 contencione
1584 1209 1843 1249 huiusmodi.

263 1288 491 1317 Ecciesiastical
588 1279 704 1329 Item,
749 1279 850 1317 tales
895 1277 1050 1317 iudices
1085 1277 1368 1317 communiter
1401 1277 1572 1329 exigunt
1603 1278 1885 1321 absolutum5

241 1324 515 1386 wliiriigszsesnssixieear
530 1349 816 1388 iuramentum
861 1348 902 1386 in
947 1347 1016 1387 tali
1064 1361 1161 1387 casu
1195 1362 1217 1386 a
1250 1347 1438 1398 testibus,
1472 1348 1590 1387 cuius
1622 1348 1845 1389 iuramenti

255 1393 499 1456 tesiniiigiglinffxiry
529 1418 746 1457 veritatem
788 1426 1051 1470 cognoscunt
1098 1426 1219 1456 testes
1265 1426 1310 1456 ut
1354 1418 1587 1469 plurimum
1637 1417 1845 1471 ignorare3

531 1488 649 1541 quod
681 1501 778 1527 cum
811 1487 863 1526 sit
895 1500 1100 1539 magnum
1134 1486 1368 1539 periculum
1400 1486 1506 1526 sicut
1538 1487 1720 1527 iudicare
1759 1488 1845 1527 sine

531 1556 786 1597 sufficiencia
825 1555 1104 1609 probacionis,
1137 1555 1300 1594 videtur
1332 1556 1446 1609 quod
1478 1556 1630 1596 debent
1668 1557 1845 1596 omnino

274 1635 394 1663 Oncea
415 1642 487 1662 man
531 1626 735 1666 iudicium
779 1626 859 1665 tale
907 1625 1126 1664 dimittere.
1174 1626 1282 1663 Nam
1315 1625 1401 1664 sine
1433 1625 1514 1664 ritu
1546 1625 1617 1664 tali
1650 1626 1775 1666 crevit
1807 1636 1846 1666 et
1863 1648 1903 1669 20

241 1675 515 1733 begisseculignzid
531 1696 643 1736 stetit
686 1704 819 1735 mater
864 1704 1006 1734 nostra
1038 1708 1250 1747 prospere,
1283 1695 1454 1747 quando
1488 1695 1642 1734 scilicet
1673 1695 1847 1748 quilibet

299 1740 347 1767 me
367 1740 462 1767 work.
532 1767 721 1805 sacerdos
752 1766 817 1804 vel
852 1774 1018 1804 curatus
1051 1764 1196 1804 habuit
1219 1778 1265 1803 ex
1290 1764 1503 1803 evidencia
1535 1764 1597 1804 sui
1630 1764 1847 1803 ministerii

532 1834 776 1888 suffragium
808 1834 1057 1886 temporale3
1082 1843 1181 1873 tunc
1205 1833 1315 1872 enim
1350 1832 1427 1873 fuit
1459 1847 1557 1872 cura
1589 1833 1844 1886 diligencior,

531 1904 744 1958 profectus
760 1904 928 1943 ecclesie
943 1903 1091 1955 maior,
1108 1902 1335 1942 concordia
1352 1903 1569 1953 extensior,
1587 1903 1843 1944 ministracio

531 1988 576 2014 ac
616 1973 833 2013 veneracio
878 1973 1102 2012 sacerdotis
1150 1973 1405 2025 complecior
1449 1982 1487 2012 et
1531 1973 1707 2012 omnino
1747 1987 1843 2026 pro-
1863 1984 1900 2015 25

530 2057 692 2097 gressus
737 2042 907 2082 ecclesie
950 2042 1030 2094 legi
1077 2042 1228 2082 Christi
1262 2042 1533 2082 conformior.
1580 2043 1677 2082 Ideo
1712 2052 1843 2083 status

532 2114 607 2153 iste
664 2122 703 2152 et
761 2112 847 2152 eius
911 2111 1216 2162 antecedencia,
1276 2111 1370 2150 licet
1428 2111 1530 2150 ritus
1581 2112 1843 2152 introductos

532 2182 784 2233 interimant,
823 2189 921 2220 sunt
958 2180 1262 2220 racionabiliter
1299 2180 1568 2220 admittenda.
1604 2182 1710 2230 Quis
1741 2196 1842 2236 rogo

532 2253 723 2291 sacerdos
766 2251 831 2290 vel
874 2251 1016 2303 laycus
1062 2250 1276 2303 cognoscit
1308 2250 1339 2289 si
1373 2250 1506 2290 dictus
1539 2252 1731 2290 sacerdos
1772 2253 1841 2290 ad-

531 2336 635 2361 vena
669 2321 746 2360 fuit
789 2321 863 2360 rite
908 2321 949 2358 in
995 2320 1116 2359 sacris
1161 2320 1378 2359 ordinibus
1411 2318 1689 2360 constitutus?
1733 2322 1842 2361 Nam
1860 2331 1902 2363 30

531 2392 644 2431 litere
680 2390 890 2441 ordinum,
924 2389 1024 2442 quid
1046 2398 1215 2442 propter
1246 2390 1524 2429 variacionem
1557 2390 1842 2442 impressionis

532 2461 665 2514 sigilli,
714 2459 815 2513 quid
860 2467 1028 2512 propter
1072 2459 1359 2498 mutacionem
1404 2459 1589 2498 nominis
1621 2459 1768 2499 literati
1802 2469 1840 2500 et

533 2529 633 2584 quid
685 2539 855 2582 propter
902 2529 1101 2568 latentem
1153 2529 1363 2568 defectum
1415 2529 1456 2567 in
1509 2528 1727 2568 ordinante
1778 2529 1843 2568 vel

533 2599 736 2651 ordinato,
769 2612 854 2638 non
888 2599 987 2638 dant
1018 2599 1082 2637 vel
1115 2598 1373 2638 evidenciam
1404 2598 1589 2651 topicam
1621 2597 1736 2638 alteri
1770 2598 1840 2652 qui

585 2778 612 2804 9.
646 2771 673 2796 A
705 2769 734 2796 in
768 2777 883 2804 marg:
920 2768 1083 2796 Secundus
1116 2776 1209 2795 error.
1355 2777 1396 2802 ยน4-
1433 2768 1470 2794 ss:
1504 2769 1705 2796 contencione
1737 2768 1840 2795 huius.

534 2814 577 2842 28.
600 2816 642 2842 A:
664 2816 814 2842 intimant.
957 2822 1001 2850 29.
1026 2815 1063 2843 B:
1086 2815 1110 2841 si
1130 2815 1232 2841 dutus.
