2051 3273
210 217 289 256 266
946 227 1169 259 JOHANNIS
1194 227 1389 261 WYCLIF.
1624 215 1731 273 [CAP.
1747 226 1814 254 ΧΠ.

498 345 627 384 quam
660 345 807 371 omnes
841 331 1122 384 turpitudines
1166 332 1230 371 vel
1271 333 1534 385 polluciones
1578 333 1814 385 corporales
1835 347 1913 383 1051>
1936 349 1967 381 L

498 401 730 453 possibiles.
784 402 894 440 Nam
927 402 1039 441 Deus
1079 401 1246 441 cuilibet
1285 411 1466 441 creature
1505 402 1816 456 quantumlibet

498 471 607 523 turpi
630 470 824 521 illabitur,
847 471 982 524 ipsam
1005 485 1191 522 causanS,
1215 486 1343 525 quem
1365 486 1553 512 amorem
1576 486 1663 511 non
1680 481 1817 525 potest

497 539 648 579 habere
685 541 737 579 ad
775 550 1010 593 peccatum,
1057 542 1168 580 unde
1213 540 1440 596 (quantum
1481 556 1556 595 ego
1601 540 1815 596 concipio)

498 609 658 648 domini
682 611 933 662 temporales
956 610 1205 650 insteterunt
1226 611 1451 663 prudenter
1482 626 1557 664 pro
1590 612 1672 650 loci
1701 625 1849 659 reve-5

496 679 633 717 rencia
665 688 704 718 et
735 679 895 718 honore
937 681 1119 720 ecclesie.
1175 682 1284 720 Nam
1323 682 1584 720 sentencia
1623 680 1815 720 domini

240 756 309 783 The
330 756 444 783 Duke⁷s
497 749 610 797 mei,
644 749 835 787 domini
869 750 1026 801 ducis,
1060 750 1156 790 fuit
1188 751 1322 804 quod
1356 760 1742 790 conservaretur
1766 750 1815 789 in

215 792 474 865 pive¹s⁵eli·v“e‘³{vte‘iy
499 818 565 856 eis
599 819 940 872 quodcunque
972 820 1296 873 privilegium
1329 821 1445 873 quod
1478 820 1519 858 in
1552 821 1815 860 honestatem

205 861 399 930 reasovnffebgg.
419 869 481 896 pn-
496 887 579 926 loci
612 888 811 939 sonuerit,
845 890 961 941 quod
1002 889 1226 929 utilitatem
1268 890 1577 929 monachorum
1616 889 1815 940 intulerit,

497 958 613 1010 quod
652 959 703 996 ad
745 971 886 997 veram
931 959 1261 998 misericordiam
1306 968 1345 998 et
1389 959 1587 1012 pietatem
1632 959 1872 1013 fugitivis10

497 1026 757 1079 pertinuerit,
804 1028 920 1080 quod
965 1028 1100 1066 honor
1143 1029 1250 1081 regis
1288 1043 1334 1068 ac
1371 1028 1657 1069 iuramentum
1690 1043 1815 1069 suum

496 1098 545 1136 de
595 1098 884 1136 conservando
930 1097 1166 1150 cuicunque
1211 1098 1319 1150 legio
1364 1112 1442 1138 suo
1480 1099 1689 1138 iusticiam
1722 1113 1813 1152 per-

497 1166 668 1218 miserit,
713 1167 754 1205 in
795 1175 962 1206 tantum
1007 1168 1123 1220 quod
1168 1168 1454 1207 audivimus
1500 1182 1608 1207 eum
1653 1168 1815 1208 dicere

498 1237 614 1289 quod
627 1236 1003 1289 tollerabileforet
1022 1243 1066 1275 ut
1081 1237 1271 1291 profugi
1290 1237 1497 1277 haherent
1512 1239 1568 1277 ibi
1591 1238 1814 1292 refugium

496 1307 537 1345 in
563 1319 697 1345 causa
717 1307 904 1346 alicuius
922 1307 1079 1358 speciei
1097 1308 1294 1346 criminis
1317 1308 1401 1346 lese
1421 1309 1541 1360 regie
1564 1309 1814 1349 maiestatis,
1838 1323 1872 1354 15

204 1380 251 1408 He
277 1381 380 1407 would
406 1380 481 1407 have
495 1377 758 1428 Defloracio‚
782 1376 1040 1430 inquit,filie
1070 1377 1190 1429 regis
1222 1383 1283 1416 est
1316 1389 1401 1415 una
1433 1379 1595 1428 species
1623 1378 1817 1417 criminis

216 1416 365 1442 tolerated
387 1424 462 1442 even

229 1450 460 1512 13¹j¹sssss¹tbtffttl¹2¹gt
497 1447 582 1486 lese
628 1447 748 1499 regie
808 1447 1057 1496 maiestatis,
1102 1446 1178 1485 sed
1221 1447 1348 1499 longe
1392 1447 1469 1485 lzoc
1507 1460 1531 1485 a
1564 1447 1816 1499 prodicione

236 1501 244 1512 Χ
283 1505 311 1519 r,

224 1520 466 1583 dufgffifdffinthe
499 1517 637 1570 regni,
672 1529 697 1554 a
730 1516 979 1569 defensione
1013 1516 1168 1554 iniurie
1200 1517 1283 1555 Dei
1315 1522 1354 1555 et
1378 1517 1587 1568 proximi,
1618 1523 1658 1556 et
1680 1517 1814 1556 eciam

320 1576 336 1590 ῃ
421 1577 425 1582 “
498 1600 522 1625 a
576 1586 889 1638 dampnacione
943 1586 1084 1624 anime
1135 1586 1359 1624 incolentis
1407 1586 1547 1624 locum
1593 1585 1715 1625 illum
1760 1600 1814 1626 ex

494 1656 740 1710 defensione
770 1655 947 1695 sceleris
966 1655 1165 1708 fugitivi.
1199 1655 1291 1707 Ipse
1323 1663 1465 1693 autem
1487 1655 1675 1694 animose
1703 1656 1814 1695 stetit
1830 1679 1872 1699 20

494 1725 759 1779 singulariter
798 1739 874 1778 pro
908 1725 996 1764 istis
1028 1724 1201 1763 iusticiis
1233 1724 1275 1763 in
1308 1733 1472 1764 tantum
1507 1725 1624 1777 quod
1672 1725 1814 1764 docuit

495 1796 579 1847 ubi,
614 1809 686 1848 per
718 1809 848 1848 quam
881 1803 920 1834 et
953 1795 1125 1847 quando
1159 1794 1296 1833 oblate
1327 1803 1424 1833 sunt
1456 1794 1531 1832 sibi
1563 1794 1677 1834 mille
1709 1795 1813 1834 libre

494 1867 545 1905 ad
583 1866 900 1918 procurandum
943 1865 1008 1904 vel
1052 1864 1389 1917 promittendum
1435 1864 1566 1903 dictos
1612 1864 1813 1917 fugitivos

494 1950 591 1975 cum
615 1949 692 1974 suo
723 1934 887 1987 captivo
910 1935 962 1974 ad
990 1943 1114 1974 terras
1150 1933 1420 1972 inimicorum
1453 1934 1658 1985 accedere,
1699 1935 1813 1987 quod

495 2005 591 2059 quia
613 2005 752 2044 visum
785 2004 863 2043 fuit
895 2004 971 2043 sibi
1006 2013 1044 2043 et
1077 2003 1184 2056 regis
1208 2003 1385 2042 consilio
1412 2003 1511 2055 ipsis
1535 1999 1812 2042 confederatis
1831 2017 1869 2047 25

495 2089 593 2114 cum
644 2074 836 2113 hostibus
889 2074 940 2112 ad
992 2073 1229 2126 periculum
1281 2073 1393 2125 regni
1446 2085 1624 2125 vergere,
1678 2072 1814 2112 noluit

221 2156 244 2194 ις
265 2155 289 2181 is·
311 2156 414 2193 asi-*411
438 2155 472 2182 αι’
495 2144 705 2184 assentire.
750 2145 871 2184 Unde
920 2143 1097 2182 omnino
1147 2151 1206 2181 est
1254 2141 1565 2193 irreligiositatis
1621 2142 1812 2181 condicio

228 2190 453 2253 1¹AECZ¹¹30¹31¹iaii
493 2215 735 2253 invidorum
768 2213 936 2252 auribus
970 2212 1251 2265 prurientibus
1285 2212 1334 2250 de
1361 2212 1533 2250 homine
1567 2211 1661 2251 ficta
1694 2225 1810 2251 scau-

495 2285 636 2322 dalosa
676 2283 892 2322 mendacia
939 2292 978 2322 et
1023 2281 1200 2334 graviter
1245 2280 1347 2319 serre
1393 2282 1442 2320 de
1488 2295 1536 2320 eo
1571 2290 1813 2319 commenta

492 2353 716 2392 laudabilia
748 2367 830 2406 que
869 2366 941 2405 per
972 2351 1130 2390 multos
1164 2350 1423 2389 centenarios
1457 2350 1683 2389 hominum
1715 2360 1812 2389 sunt
1828 2364 1868 2394 30

495 2423 648 2463 audita.

551 2493 648 2530 Pars
671 2501 811 2530 autem
836 2491 1005 2529 adversa
1032 2489 1115 2528 visa
1148 2499 1208 2528 est
1240 2489 1360 2527 nobis
1395 2489 1570 2527 omnino
1598 2497 1703 2527 stare
1738 2502 1809 2540 pro

494 2561 721 2611 contrario,
767 2574 864 2599 cum
909 2559 1021 2598 enim
1066 2560 1243 2597 domum
1295 2558 1367 2597 Dei
1409 2559 1525 2596 decet
1574 2558 1809 2596 sanctitudo

493 2641 683 2682 tempore
718 2643 942 2682 synagoge,
979 2637 1139 2681 quanto
1163 2628 1294 2681 magis
1328 2637 1516 2679 tempore
1546 2626 1644 2677 legis
1676 2627 1810 2679 gracie

545 2809 569 2827 2.
600 2802 627 2827 Α
658 2801 685 2827 in
719 2808 833 2834 marg.:
860 2798 953 2825 Nota.
1062 2800 1085 2827 3.
1117 2799 1154 2825 U:
1186 2806 1278 2833 quam
1305 2805 1454 2825 amorem.
1564 2795 1666 2829 10.17.
1697 2797 1723 2823 A
1751 2797 1806 2830 Al:

497 2847 669 2875 Delloracio
690 2863 721 2866 —
747 2846 914 2873 maius-taus
937 2847 1032 2873 deest.
