2051 3273
255 237 437 295 CAP.X11.]
758 250 818 283 DE
844 250 1076 282 ECCLESIA.
1770 237 1850 289 259

99 366 135 400 N
163 365 239 398 1660
312 356 532 404 Quantum
582 356 633 393 ad
675 354 953 394 violacionem
1006 362 1143 393 sancte
1194 352 1338 392 matris
1377 351 1560 402 ecclesie,
1577 360 1696 422 ‚dolttis
1719 368 1804 422 {³³oe

253 425 413 464 dictum
446 433 507 464 est
539 425 654 477 quod
685 424 773 477 ipsa
805 438 891 463 non
923 423 1105 463 violatur
1136 423 1213 462 nisi
1246 436 1320 475 per
1351 420 1562 461 defectum
1575 404 1851 492 ᾗοεέἑζξυᾍξῖῗς

213 504 239 536 2
254 493 518 533 observancie
546 493 645 546 legis
669 493 832 546 sponsi;
866 493 978 532 unde
1000 506 1086 532 non
1119 501 1179 532 est
1201 492 1335 531 maior
1356 491 1561 545 ydolatria
1611 498 1747 532 Chureh,
1767 500 1817 561 ῑιέε

255 564 417 603 credere
474 572 671 603 truncum
729 563 947 616 putridum
1001 577 1087 602 esse
1146 562 1370 602 dominum
1419 561 1563 600 Jesum
1628 542 1782 596 spgiirsiitf)

164 632 472 674 166⁶Christum
520 647 650 686 quam
701 634 866 672 credere
919 631 1424 672 domumssmaterialem
1478 629 1562 669 sive

254 702 464 742 basilicam
509 716 596 741 esse
643 711 829 742 sanctam
872 711 1050 741 matrem
1094 701 1323 752 ecclesiam,
1362 713 1563 753 sponsam

255 771 422 812 Christi.
475 772 596 812 Unde
629 772 726 825 quia
757 772 797 811 in
838 771 951 812 festis
984 771 1260 811 dedicacionis
1294 769 1459 810 basilice
1491 782 1564 822 per

253 841 500 894 episcopum
523 842 664 881 laudat
687 841 854 881 ecclesia
877 841 1012 880 Deum
1040 841 1083 880 in
1105 841 1185 880 hoc
1208 841 1323 894 quod
1347 839 1563 879 ecclesiam

252 924 372 950 suam
414 924 613 963 sponsam
647 924 792 950 vocare
836 910 1030 963 dignatus
1075 919 1148 960 est,
1192 909 1423 949 instruendi
1467 917 1563 948 sunt

199 1000 237 1021 10
254 979 464 1033 simplices
499 981 730 1019 sacerdotes
775 993 826 1019 ne
871 980 1039 1020 credant
1076 979 1297 1019 infideliter
1341 979 1457 1032 quod
1494 978 1563 1017 illa

252 1049 416 1089 basilica
448 1049 498 1089 sit
530 1049 699 1089 ecclesia
731 1063 886 1102 sponsa
920 1049 1086 1090 Christi.

310 1119 489 1159 Ulterius
540 1128 746 1173 quantum
783 1120 834 1158 ad
873 1119 1164 1159 remissionem
1209 1118 1335 1158 debiti
1379 1118 1560 1157 satisfac·
1576 1124 1851 1186 Fosiaissiiiztiiiline

252 1189 394 1241 cionis,
428 1189 576 1229 dicitur
607 1189 723 1242 quod
754 1202 829 1228 nec
860 1188 1102 1242 temporalis
1129 1188 1327 1228 dominus
1352 1201 1425 1226 nec
1448 1187 1560 1227 Deus
1576 1199 1658 1221 must
1685 1194 1721 1221 be
1742 1194 1848 1228 made;

211 1259 339 1312 3ipse
390 1268 528 1312 potest
583 1259 727 1312 ipsum
784 1259 960 1299 omnino
1017 1258 1239 1308 remittere,
1297 1267 1397 1297 tunc
1450 1257 1563 1296 enim

198 1337 234 1369 15
253 1329 443 1369 Christus
494 1329 645 1369 frustra
692 1329 836 1368 fuisset
878 1338 1072 1369 mortuus
1123 1329 1175 1367 ad
1221 1327 1563 1368 satisfaciendum

251 1412 327 1451 pro
361 1407 531 1451 peccato
564 1398 737 1438 humani
771 1398 946 1450 generis
999 1399 1176 1438 Necesse
1217 1407 1277 1437 est
1315 1411 1413 1450 ergo
1446 1398 1562 1451 quod

249 1481 325 1520 pro
359 1481 615 1521 quocunque
648 1467 819 1507 crimine
852 1468 1023 1507 satisfiat
1053 1468 1095 1507 in
1126 1467 1276 1507 virtute
1308 1467 1444 1507 meriti
1465 1468 1560 1507 Jesu

252 1536 419 1588 Christi,
461 1538 526 1576 vel
570 1538 686 1590 quod
733 1537 838 1576 illud
882 1537 1039 1577 crimen
1084 1537 1318 1577 eternaliter
1348 1537 1559 1590 puniatur.

250 1606 361 1645 Deus
395 1615 536 1646 autem
564 1620 648 1646 non
677 1616 816 1660 potest
853 1608 1079 1647 concedere
1107 1606 1325 1646 licenciam
1356 1607 1477 1646 alicui
1516 1617 1563 1647 ut

193 1693 234 1715 20
250 1676 481 1715 eternaliter
533 1677 652 1715 duret
695 1676 736 1715 in
777 1676 960 1728 crimine,
994 1685 1033 1716 et
1064 1690 1137 1729 per
1168 1690 1429 1729 consequens
1475 1690 1561 1716 non

249 1754 388 1799 potest
410 1747 638 1786 concedere
660 1746 888 1786 criminoso
911 1747 1128 1786 licenciam
1151 1755 1198 1786 ut
1220 1760 1307 1786 non
1339 1745 1562 1786 satisfaciat

249 1830 324 1868 pro
357 1816 520 1856 delicto.
554 1817 888 1869 Verumptamen
920 1816 1051 1856 homo
1084 1825 1225 1869 potest
1257 1829 1354 1855 cum
1384 1815 1559 1856 circum-

250 1886 467 1938 speccione
507 1886 640 1939 sagaci
678 1886 885 1926 remittere
924 1886 1037 1926 fratri
1074 1886 1270 1926 iniuriam
1303 1895 1342 1925 et
1373 1885 1561 1925 debitum

251 1956 464 2007 corporale
497 1964 536 1995 et
572 1956 684 1995 Deus
723 1956 906 1996 remittet
939 1956 1107 2009 culpam
1139 1965 1365 2009 postquam
1400 1955 1559 1995 miseri-

195 2028 234 2060 25
252 2024 427 2063 corditer
469 2025 671 2064 invenerit
714 2035 977 2078 peccatorem
1020 2025 1251 2065 satisfacere
1295 2039 1370 2079 pro
1404 2024 1559 2064 debito.

251 2094 387 2134 Nemo
421 2095 533 2134 enim
564 2103 705 2148 posset
737 2095 969 2135 satisfacere
1001 2110 1077 2149 pro
1111 2095 1288 2134 minima
1329 2094 1487 2134 offensa
1518 2094 1561 2133 in

250 2172 417 2203 tantum
477 2164 715 2217 dominum,
769 2165 847 2204 nisi
898 2165 988 2218 ipse
1050 2165 1371 2204 misericorditer
1426 2164 1561 2203 levem

250 2233 547 2286 penitenciam,
602 2235 862 2287 baptismum
911 2236 976 2275 vel
1029 2235 1202 2288 aliquod
1254 2248 1362 2287 opus
1413 2233 1561 2286 penale

252 2303 524 2355 acceptaverit
544 2304 746 2356 graciose:
769 2304 944 2357 iusticia,
967 2305 1155 2358 inquam,
1171 2318 1244 2344 sua
1260 2303 1430 2357 requirit
1444 2303 1561 2356 quod

194 2375 236 2408 30
252 2373 391 2412 solum
422 2373 598 2425 premiet
628 2383 951 2426 promerentem.

205 2444 236 2477 Ο
309 2442 361 2481 Et
393 2451 508 2495 patet
529 2451 735 2496 quantum
769 2444 1003 2496 periculum
1027 2452 1087 2483 est
1110 2443 1375 2483 occasionare
1398 2440 1558 2480 debito·
1588 2455 1621 2473 so
1642 2446 1663 2474 it
1682 2447 1707 2474 is
1727 2455 1837 2482 wrong

1598 2487 1629 2508 10
1651 2490 1826 2516 encourage

252 2511 363 2550 ribus
395 2511 579 2564 fugitivis
611 2513 843 2564 audaciam,
877 2522 924 2552 ut
962 2527 1047 2552 non
1086 2512 1338 2552 satisfaciant
1370 2512 1459 2550 Deo
1497 2510 1562 2549 vel
1585 2517 1836 2579 ffiss’ss‘gTZsffffidts‘)

1828 2572 1836 2588 7

250 2580 424 2633 homini,
470 2595 567 2621 curn
611 2583 843 2621 secundum
890 2582 1094 2635 principia
1126 2581 1351 2635 Augustini
1390 2589 1430 2620 et
1460 2579 1561 2619 iur1s

302 2785 330 2810 4.
361 2777 388 2803 A
409 2777 438 2804 in
459 2785 573 2812 marg:
604 2776 780 2805 Conclusio.
818 2776 956 2804 Ecclesia
984 2777 1149 2805 materialis
1178 2778 1243 2805 sive
1271 2777 1398 2805 basilica
1426 2785 1488 2804 non
1518 2782 1561 2804 est

251 2831 367 2858 sponsa
396 2821 519 2850 Christi.
662 2831 702 2850 10.
722 2823 766 2850 A:
797 2831 852 2850 nec
879 2823 1016 2850 credant.
1049 2823 1088 2857 Al
1110 2824 1251 2851 correxit.
1394 2824 1435 2851 25.
1457 2826 1483 2850 A
1507 2823 1559 2858 AJ:

251 2869 375 2896 invenit.
483 2869 520 2897 31.
544 2871 571 2897 A
592 2870 621 2896 in
643 2878 756 2904 marg:
778 2868 936 2905 Spoliator
955 2874 1071 2897 tenetur
1093 2870 1250 2897 restituere
1272 2875 1328 2897 etc.
