2051 3273
223 246 302 286 530
949 252 1174 284 JOHANNIS
1200 252 1396 285 WYCLIF.
1602 239 1706 297 [CAP.
1727 249 1822 278 xxii.

216 374 376 402 butirwe
404 371 493 409 knew
509 366 610 396 tunc
644 356 803 395 mortui
836 358 990 395 eternis
1026 358 1193 408 ignibus
1229 356 1421 409 deputati
1455 367 1636 397 cessaret
1667 371 1743 410 pro
1768 358 1825 396 eis
1841 368 1959 400 201⁸I

215 410 607 477 ligiieguiwsssrgylsslrstunc
654 424 839 464 efficacia
887 426 1157 477 deprecandi,
1215 434 1255 464 et
1308 427 1377 477 ita,
1424 427 1531 465 sicut
1579 427 1825 479 ignoramus

278 477 438 539 Ἔῖἓιιὲςὲε
507 496 688 548 qualiter
741 508 913 534 oremus
968 508 1044 547 pro
1091 495 1194 534 vivis
1240 509 1287 534 ex
1333 496 1578 546 ignorancia
1611 496 1825 549 qualitatis

507 565 572 603 sui
617 565 767 616 exitus,
808 565 866 604 sic
907 566 1155 617 ignoramus
1195 566 1378 619 qualiter
1416 578 1588 604 oremus
1627 578 1705 617 pro
1740 565 1823 603 iam

506 634 684 674 mortuis
726 644 899 687 propter
932 636 1222 687 ignoranciam
1257 634 1536 674 conformem.
1576 634 1675 673 Ideo
1716 634 1858 687 opti-5

507 717 627 743 mum
663 714 725 743 est
760 705 882 743 nobis
922 705 1210 745 sacerdotibus
1235 705 1420 744 vivendo
1444 713 1585 744 sancte
1609 705 1826 758 porrigere

218 792 276 820 We
303 791 343 818 do
370 792 436 818 best
462 795 492 817 to
507 775 598 813 Deo
632 774 852 813 oraciones
887 776 1101 826 generales
1136 784 1176 814 et
1211 775 1524 814 condicionales
1558 788 1636 827 pro
1668 772 1825 813 nostris

229 836 305 864 pray
325 827 481 901 {ggeraily
510 843 869 894 benefactoribus,
902 844 1001 896 quia
1033 845 1135 883 tales
1171 857 1218 882 ex
1252 844 1401 883 maiori
1437 844 1608 883 caritate
1642 844 1736 896 plus
1768 845 1826 884 eis

240 897 473 932 ⁶⁰¹¹d¹t¹⁰⁰a¹¹y'
507 914 757 965 proderunt,
797 914 828 952 si
864 926 1036 966 capaces
1071 913 1227 953 fuerint
1261 912 1326 966 (ut
1360 922 1475 965 patet
1508 914 1548 952 in
1580 913 1640 952 De
1665 913 1826 954 Conse—

508 983 694 1022 cratione
728 983 767 1021 d.
792 983 849 1022 V³
879 983 974 1022 Non
1011 981 1329 1037 mediocriter);
1351 993 1391 1022 et
1420 984 1642 1036 supposita
1677 997 1826 1023 eorum
1847 1004 1886 1026 10

508 1053 787 1105 incapacitate
823 1053 917 1104 plus
955 1053 1188 1105 proderunt
1221 1054 1392 1092 ecclesie
1417 1062 1455 1091 et
1480 1053 1632 1092 oranti.
1657 1054 1741 1092 Nec
1766 1062 1827 1092 est

508 1123 671 1163 licitum
690 1135 808 1161 orare
824 1135 901 1174 pro
917 1122 1022 1161 vivis
1039 1123 1104 1161 vel
1121 1122 1564 1174 mortuis,specialiter
1580 1123 1829 1162 condicione

509 1193 657 1232 orandi
674 1192 863 1245 exposita
879 1192 1165 1244 pretermissa.
1186 1192 1254 1231 Ille
1278 1205 1378 1244 ergo
1395 1192 1467 1244 qui
1484 1201 1576 1231 orat
1593 1193 1830 1245 specialiter

509 1263 702 1303 absolute
748 1276 826 1315 pro
866 1261 1185 1301 beatificacione
1226 1263 1393 1315 patroni
1441 1263 1507 1301 sui
1545 1263 1628 1301 iam
1671 1262 1829 1301 mortui

510 1346 606 1372 cum
652 1333 731 1371 hoc
777 1331 891 1385 quod
938 1331 1021 1371 iarn
1068 1333 1302 1371 revelatum
1348 1332 1400 1371 sit
1444 1332 1521 1371 sibi
1562 1331 1703 1384 ipsum
1746 1332 1887 1372 iam15

510 1403 664 1442 eternis
704 1403 874 1454 ignibus
908 1402 1155 1455 mancipari,
1190 1410 1230 1441 et
1263 1403 1342 1441 hoc
1374 1412 1550 1455 propter
1583 1402 1828 1454 cupidinem

511 1473 826 1526 temporalium,
867 1472 993 1511 debet
1040 1472 1097 1510 eis
1144 1472 1301 1525 privari
1336 1480 1554 1524 tamquam
1590 1479 1735 1510 orator
1768 1471 1829 1510 in-

510 1543 641 1593 utilis,
675 1556 772 1581 cum
807 1541 932 1580 debet
966 1542 1234 1594 congaudere
1274 1554 1368 1580 cum
1405 1542 1495 1580 Deo
1536 1549 1576 1580 et
1615 1541 1747 1580 beatis
1789 1541 1829 1579 in

512 1614 601 1653 celo
627 1613 677 1651 de
696 1613 809 1651 iusto
829 1612 907 1650 Dei
931 1612 1089 1651 iudicio
1113 1621 1151 1651 et
1177 1612 1381 1651 materiali
1409 1612 1565 1663 gaudio
1591 1612 1830 1663 beatorum,

511 1682 681 1722 eciamsi
716 1681 842 1721 fuerit
887 1683 991 1721 alter
1035 1691 1261 1734 parentum
1313 1681 1543 1720 carnalium
1579 1681 1644 1719 vel
1676 1681 1831 1733 specia-
1849 1698 1891 1719 20

510 1753 697 1793 lissimus
739 1752 989 1802 amicorum,
1036 1752 1149 1805 quia,
1183 1752 1292 1790 sicut
1333 1764 1417 1790 non
1463 1764 1662 1803 rogamus
1695 1750 1833 1789 Deum

512 1832 559 1862 ut
592 1830 761 1861 revocet
797 1830 963 1874 tempus
1000 1822 1268 1874 preteritum,
1301 1822 1360 1860 sic
1395 1834 1469 1859 nec
1504 1833 1703 1873 rogamus
1738 1833 1834 1859 eum

250 1906 318 1934 The
340 1905 463 1934 Church
514 1902 559 1932 ut
582 1901 749 1931 revocet
775 1892 854 1931 tale
878 1891 1098 1932 iudicium.
1117 1891 1171 1930 Et
1195 1900 1406 1944 quantum
1431 1891 1481 1929 ad
1508 1891 1667 1930 dictum
1691 1893 1835 1941 Augu-

248 1941 481 2011 ffiffifbffitriiasslr
513 1963 626 2011 stini,
661 1971 776 2015 patet
810 1962 925 2014 quod
960 1960 1210 2013 intelligitur
1243 1961 1459 2000 ecclesiam
1496 1960 1572 1999 rite
1603 1973 1723 1998 orare
1759 1972 1835 2012 pro

250 2019 392 2073 3523ssss
410 2019 482 2081 {iisiy
515 2033 715 2072 omnibus
751 2031 990 2083 capacibus,
1028 2031 1077 2069 de
1111 2039 1275 2084 quanto
1308 2039 1406 2070 sunt
1439 2031 1557 2069 tales.
1601 2029 1725 2069 Unde
1760 2029 1836 2068 iste
1854 2035 1892 2067 25

246 2083 365 2110 forme
386 2082 474 2108 elect.
515 2111 653 2141 textus
687 2115 789 2140 suus
829 2110 922 2140 orat
961 2114 1037 2153 pro
1077 2100 1276 2139 omnibus
1312 2100 1533 2139 dumtaxat
1575 2099 1834 2148 hominibus,

515 2172 694 2211 inimicis
719 2171 804 2210 suis
828 2171 869 2209 in
897 2171 977 2209 hoc
1001 2184 1177 2223 corpore
1202 2170 1456 2219 constitutis,
1490 2182 1564 2208 nec
1593 2178 1734 2208 tamen
1761 2181 1837 2221 pro

515 2241 715 2280 omnibus
740 2241 985 2291 exauditur3
1017 2253 1094 2293 pro
1127 2239 1206 2278 hiis
1230 2240 1342 2278 enim
1377 2240 1474 2279 solis
1509 2239 1731 2277 exauditur
1765 2238 1836 2291 qui

517 2311 592 2350 etsi
639 2311 918 2350 adversantur
963 2311 1148 2361 ecclesie,
1196 2311 1252 2349 ita
1299 2318 1397 2349 sunt
1436 2318 1575 2348 tamen
1631 2307 1836 2360 predesti-

515 2381 601 2420 nati
636 2389 682 2419 ut
714 2379 787 2419 filii
822 2379 1062 2419 efficiantur
1095 2380 1280 2419 ecclesie.
1328 2379 1370 2418 Si
1409 2379 1481 2431 qui
1517 2387 1658 2418 autem
1701 2390 1837 2430 usque
1854 2383 1895 2414 30

516 2451 568 2490 ad
602 2459 784 2489 mortem
819 2450 1037 2489 habebunt
1070 2463 1141 2488 cor
1174 2449 1428 2502 impenitens
1467 2462 1541 2488 nec
1575 2462 1624 2487 ex
1657 2447 1836 2487 inimicis

516 2528 817 2559 convertentur
858 2520 897 2558 in
941 2518 1063 2569 filios,
1100 2533 1183 2558 non
1217 2532 1295 2571 pro
1338 2518 1487 2557 talium
1534 2518 1837 2557 defunctorum

518 2587 737 2642 spiritibus
777 2597 870 2628 orat
915 2589 1103 2639 ecclesia,
1152 2589 1251 2641 quia
1295 2589 1335 2627 in
1383 2597 1501 2640 parte
1546 2587 1629 2626 iam
1676 2586 1834 2625 diaboli

574 2726 610 2754 15.
643 2726 682 2753 B:
716 2733 786 2753 cum
818 2725 879 2752 hoc
909 2739 943 2743 —
974 2724 1147 2759 mancipari
1180 2723 1276 2751 deest.
1439 2731 1481 2760 19.
1515 2723 1548 2749 In
1583 2722 1691 2749 codd.:
1723 2721 1838 2756 gaudii.

521 2780 564 2807 27.
595 2774 640 2799 A:
671 2773 701 2800 in
723 2773 781 2800 hoc
801 2773 832 2799 in
854 2772 922 2799 hoc.
1066 2778 1113 2806 29.
1144 2770 1184 2798 Bt
1209 2771 1258 2798 isti
1280 2775 1352 2797 sunt
1372 2775 1485 2797 tamen.

588 2889 636 2910 10.
664 2880 798 2910 Decreti
827 2879 930 2910 tercia
958 2889 1048 2921 pars,
1076 2877 1152 2909 dist.
1184 2878 1223 2916 V,
1252 2888 1325 2919 cap.
1351 2876 1474 2908 XXIV.
