2051 3273
235 215 323 244 CAP-
350 205 476 264 XXIII]
736 219 796 250 DE
822 218 1057 250 ECCLESIA.
1755 208 1826 246 561

80 335 112 368 F
139 324 347 376 204⁰quod
387 323 464 363 ista
505 323 718 362 sentencia
759 332 819 361 est
859 323 929 374 pia
961 322 1157 361 fidelibus
1191 335 1280 360 sese
1321 323 1541 361 consolan—

231 393 345 431 tibus
363 392 404 431 in
425 392 600 431 domino
622 401 661 430 et
679 406 762 431 non
787 393 1032 443 blaspheme
1051 391 1318 443 exigentibus
1334 390 1542 430 honorem

233 462 424 501 debitum
465 461 542 500 soli
589 462 694 512 Deo,
736 461 848 500 unde
890 461 962 514 qui
1001 469 1124 513 putat
1163 469 1386 513 peccatum
1429 473 1544 499 com-

135 532 385 583 2o4⁴¹mutari
430 532 495 570 vel
534 529 705 568 vendi*
751 543 828 582 pro
876 530 990 568 nudo
1048 530 1304 568 numismate
1356 529 1545 581 implicat

198 602 345 654 §quod
396 601 509 639 Deus
557 599 701 638 vendit
748 613 769 637 a
813 613 855 637 se
902 599 1141 638 dominium
1187 597 1412 651 parificans
1465 599 1626 645 sibiThe
1655 606 1773 641 pardon
1802 606 1837 633 of

231 680 466 709 creaturam
498 683 519 707 a
550 682 633 721 qua
668 682 753 707 non
786 668 913 719 exigit
946 668 1210 718 servitutem,
1237 678 1276 707 et
1298 681 1373 719 per
1397 681 1543 707 conse·
1571 641 1688 703 saemfffi
1708 649 1822 711 ῗτιηοέιῗ

230 753 361 794 quens
396 739 509 778 Deus
549 738 750 777 venderet
784 751 827 776 se
867 737 1021 789 ipsum,
1062 738 1158 790 quia
1213 738 1543 791 insuperabilem
1569 710 1820 780 iigalitgaffinizilslf

230 809 454 860 iusticiam,
493 821 570 860 pro
602 807 674 847 vili
712 807 854 859 precio
893 806 1080 859 proprio,
1123 816 1168 846 ut
1205 817 1321 859 puta,
1355 821 1432 860 pro
1472 807 1545 846 mi-

232 888 349 928 nuta,
381 891 476 917 cum
509 891 587 929 pro
620 877 810 929 qualibet
841 886 961 928 parte
993 876 1123 928 precii
1156 877 1359 916 venderet
1392 877 1542 915 indivi—

176 949 394 991 1osibilem
444 947 654 986 iusticiam
707 960 789 999 que
841 954 902 985 est
946 946 1075 985 Deus.
1145 945 1229 985 Sed
1281 947 1385 999 quid
1439 959 1542 998 rogo
1587 955 1607 981 i.
1628 962 1653 981 e.
1676 954 1808 982 himself.

231 1014 497 1058 blasfemius?
545 1017 643 1055 Ideo
689 1017 720 1055 si
766 1017 860 1069 quis
909 1025 1055 1068 peccat
1094 1016 1135 1054 in
1169 1017 1324 1065 Deum,
1372 1025 1542 1068 oportet

229 1088 342 1141 quod
368 1088 456 1140 ipse
488 1086 526 1125 in
562 1099 742 1138 persona
775 1086 948 1138 propria
981 1094 1173 1138 expectat
1204 1085 1542 1125 satisfaccionem

228 1158 292 1196 vel
316 1156 661 1209 satispassionem
685 1156 736 1194 ab
761 1155 909 1194 eadem
932 1168 1127 1207 persona,
1152 1157 1225 1208 qui
1258 1155 1298 1194 in
1334 1168 1430 1194 eum
1454 1168 1550 1207 pec-

229 1227 396 1266 caverit.
423 1227 475 1265 Et
497 1235 612 1278 patet
635 1226 750 1279 quod
773 1225 959 1277 primum
985 1234 1252 1277 assumptum
1287 1234 1349 1264 est
1373 1224 1540 1276 falsum,

174 1308 212 1341 15
228 1296 423 1336 videlicet
455 1296 571 1349 quod
605 1295 719 1334 Deus
751 1303 892 1346 potest
922 1304 1092 1347 peccata
1127 1295 1215 1333 sine
1249 1293 1542 1334 satisfaccione
1593 1300 1661 1328 God
1684 1306 1797 1341 §annot

228 1367 441 1407 dimittere
478 1366 542 1404 vel
578 1367 895 1405 communicare
918 1365 1075 1404 vicario
1101 1378 1177 1404 suo
1209 1364 1453 1417 potenciam
1477 1364 1542 1402 vel
1577 1341 1709 1410 witrligiiltt
1727 1344 1812 1398 sszirtlis-

226 1445 397 1489 peccata
432 1436 570 1475 taliter
610 1435 851 1474 remittendi
903 1435 965 1473 vel
1005 1443 1154 1474 contra
1187 1442 1359 1486 peccata
1403 1432 1542 1472 taliter
1632 1406 1758 1433 facnon'

228 1505 512 1558 dispensandi.
538 1505 632 1544 Hoc
665 1504 776 1543 enim
811 1514 873 1544 est
907 1505 957 1542 de
990 1504 1145 1556 regalia
1177 1503 1349 1555 propria
1380 1503 1538 1542 deitati.

287 1576 339 1615 Et
366 1590 441 1628 per
463 1575 539 1614 hec
561 1583 677 1627 patet
707 1574 927 1626 responsio
951 1574 1001 1612 ad
1026 1574 1214 1626 primum
1238 1582 1540 1625 argumentum
1569 1578 1729 1641 Gertissinlig
1746 1579 1817 1641 tgien

171 1665 213 1687 20
229 1658 314 1697 quo
336 1645 539 1684 suadetur
562 1644 786 1683 dominum
810 1657 964 1696 papam
989 1643 1039 1681 de
1064 1642 1175 1682 facto
1200 1643 1258 1682 sic
1282 1641 1438 1692 facere,
1456 1656 1540 1681 non
1630 1622 1753 1681 cannoi),

228 1715 340 1753 enirn
379 1714 593 1767 pretendit
630 1714 812 1752 vicarius
853 1713 1015 1753 Christi
1047 1720 1122 1752 aut
1154 1713 1268 1752 Petri
1301 1713 1367 1751 vel
1390 1702 1457 1751 ¹sic
1498 1726 1540 1750 se

227 1799 350 1837 posse
384 1784 534 1835 facere,
571 1783 649 1823 nisi
683 1782 793 1823 forte
836 1783 1101 1834 blasphemet
1133 1791 1173 1821 et
1205 1791 1354 1834 postea
1393 1782 1538 1833 resipi-

228 1863 329 1893 scat.
372 1854 496 1893 Unde
536 1854 705 1906 signum
746 1852 965 1891 infallibile
999 1852 1109 1891 foret
1141 1851 1306 1890 homini
1340 1852 1455 1904 quod
1489 1852 1541 1890 sit

225 1933 340 1962 extra
373 1925 562 1975 regulam
602 1936 729 1977 quarn
765 1922 962 1962 Christus
1002 1922 1089 1961 suis
1136 1921 1332 1972 instituit,
1374 1934 1450 1959 nec
1489 1921 1541 1960 sit

170 2003 209 2035 25
227 1993 276 2031 de
310 2006 489 2032 numero
522 1993 691 2032 illorum
722 2005 799 2044 pro
835 1992 991 2044 quibus
1023 1991 1219 2030 Christus
1252 1999 1353 2029 tunc
1387 1991 1538 2041 oravit,

225 2062 257 2100 si
291 2071 547 2114 potestatem
594 2062 719 2101 talem
766 2062 844 2100 sibi
890 2060 1171 2113 usurpaverit,
1214 2074 1289 2098 nec
1329 2060 1535 2099 sollicitor

225 2132 333 2170 circa
380 2131 489 2171 facta
536 2131 634 2170 talia
676 2131 948 2183 particularia
994 2130 1219 2169 dominum
1268 2143 1422 2181 papam
1471 2129 1535 2167 vel
1563 2134 1621 2161 and
1645 2135 1681 2161 he
1703 2141 1817 2163 cannot

1565 2170 1600 2197 be
1621 2177 1637 2196 a
1658 2168 1814 2197 Christian

225 2201 457 2241 confratres
498 2214 595 2240 suos
636 2210 794 2239 temere
835 2199 1091 2251 accusand0‚
1127 2199 1199 2237 sed
1235 2199 1320 2238 scio
1354 2199 1469 2251 quod
1504 2199 1536 2238 si
1565 2204 1805 2274 sisclieacssigvsilssr

224 2270 405 2310 finaliter
438 2278 708 2310 consummat
738 2270 779 2309 in
804 2270 883 2309 ista
916 2269 1143 2320 sentencia,
1168 2281 1243 2307 nec
1273 2268 1354 2308 fuit
1378 2267 1537 2307 Christi

167 2350 209 2382 30
223 2340 403 2379 vicarius
449 2354 523 2379 nec
575 2340 705 2379 eciam
756 2339 1022 2391 christianus,
1076 2338 1174 2391 quia
1227 2350 1312 2376 non
1364 2337 1538 2377 intravit

276 2471 294 2491 1.
317 2463 355 2490 B:
377 2463 413 2490 de
441 2472 473 2491 se
499 2464 746 2491 consolantibus.
917 2462 942 2490 5.
969 2464 997 2490 A
1017 2462 1047 2489 in
1075 2470 1190 2496 marg:
1217 2461 1298 2489 Nota
1325 2461 1361 2488 de
1390 2466 1540 2497 usurpata

224 2510 407 2537 auctoritate
427 2518 515 2545 pape.
645 2511 686 2538 18.
709 2510 730 2537 B
746 2511 776 2537 in
799 2517 913 2544 marg.:
930 2509 1013 2544 Quid
1036 2517 1090 2544 per
1111 2509 1169 2536 hoc
1184 2507 1333 2542 intelligit,
1357 2516 1428 2535 cum
1450 2508 1539 2535 dicit:

222 2555 290 2583 Hoc
306 2557 387 2583 enim
402 2562 447 2584 est
466 2557 504 2583 de
516 2556 628 2592 regalia
640 2557 765 2591 propria
781 2555 906 2583 deitati?
922 2564 993 2583 cum
1010 2556 1093 2590 prius
1115 2555 1147 2582 fit
1166 2554 1330 2590 responsio
1345 2554 1383 2581 de
1398 2554 1539 2589 potencia

223 2602 424 2637 dispensandi
441 2607 548 2630 contra
569 2608 695 2638 peccata
716 2610 769 2638 per
783 2602 1035 2630 satisfaccionem
1051 2602 1175 2629 alterius
1191 2609 1252 2629 non
1274 2609 1328 2636 per
1348 2601 1538 2628 sentenciam

223 2656 311 2675 suam
332 2654 376 2676 est
397 2650 565 2677 tenendum
594 2649 678 2684 quod
702 2650 784 2677 Deus
811 2649 877 2684 ipse
896 2653 949 2676 aut
969 2657 1049 2684 papa
1071 2649 1180 2684 aliquis
1207 2652 1307 2683 potest
1339 2652 1448 2675 contra
1469 2655 1539 2681 pec-

223 2699 325 2722 catum
347 2695 473 2731 aliquod
495 2696 677 2731 dispensare
704 2696 763 2723 nisi
789 2704 921 2731 persona
948 2695 1132 2730 delinquens
1160 2694 1328 2722 satisfaciat
1354 2695 1384 2721 in
1407 2701 1539 2730 persona

223 2741 369 2777 propria?
389 2742 474 2776 Quid
496 2750 569 2776 ergo
589 2747 634 2770 est
655 2742 729 2770 illud
752 2742 837 2777 quod
859 2747 903 2769 est
924 2743 961 2768 de
982 2741 1095 2776 regalia
1117 2741 1245 2776 propria
1264 2740 1390 2768 deitati?

290 2837 338 2870 ις).
367 2825 416 2857 Cf.
444 2836 521 2868 pag.
551 2824 626 2866 556,
652 2835 683 2868 9.

1406 2878 1449 2914 36
