2051 3273
210 227 290 266 240
916 227 1138 260 „IOHANNIS
1165 228 1356 260 chmr.
1635 216 1739 274 [CAP.
1756 228 1806 256 xi.

211 382 218 401 l
247 338 486 401 ffrssciffiihm
504 329 567 368 lex
600 330 702 369 illud
736 331 996 383 exprimeret,
1030 333 1098 371 sed
1134 332 1229 372 facit
1251 334 1499 385 oppositum
1522 348 1629 373 curn*
1644 348 1809 374 servum
1831 344 1945 380 16201

219 391 471 477 iggplrzgvsxtvlpeuslgi
501 399 635 438 eciam
669 400 916 440 existentem
965 401 1004 439 in
1053 402 1189 454 gracia
1232 402 1352 441 docet
1392 403 1601 442 extrahere
1636 412 1674 443 et
1705 404 1808 443 alios

225 477 467 540 {mitaxtvigpesffiif
500 469 749 509 criminosos
790 470 915 509 docet
953 470 1139 510 libertate
1172 472 1364 524 gaudere.
1399 471 1477 511 Hic
1510 472 1661 512 dicitur
1692 474 1808 526 quod

281 544 407 574 iended.
499 539 594 591 plus
627 552 804 591 peccans
839 548 899 579 est
930 540 980 579 de
1003 540 1170 580 racione
1192 541 1286 593 plus
1310 541 1528 594 elongatus
1560 556 1583 581 a
1615 541 1808 595 suffragio

498 608 680 659 ecclesie,
713 608 808 648 licet
841 609 1011 649 ecclesia
1044 623 1091 648 ex
1121 610 1363 663 ignoraneia
1392 610 1625 664 gravedinis
1649 611 1840 664 peccati5

498 678 561 716 vel
595 691 642 717 ex
674 679 948 731 percepcione
982 679 1162 732 planiori
1194 679 1342 719 iniurie
1363 681 1428 719 vel
1460 680 1538 719 alia
1570 694 1693 720 causa
1720 681 1806 720 cul-

497 747 622 799 pabili
654 747 734 787 hoc
767 748 983 801 dispariter
1024 758 1311 804 prosequatur.
1358 750 1468 789 Nam
1506 750 1539 789 si
1576 751 1808 790 secundum

497 818 587 857 iura
618 818 802 857 humana
836 828 875 859 et
907 819 1182 859 ecclesiastica
1214 820 1377 860 licitum
1399 820 1650 860 racionabile
1683 828 1808 873 atque

496 888 734 942 legitimum
781 898 841 928 est
884 889 1094 929 extrahere
1138 903 1302 929 servum
1347 899 1472 943 atque
1515 890 1712 929 libertum
1759 889 1808 928 de

499 958 668 998 ecclesia
708 972 783 1011 pro
825 959 966 999 debito
1001 959 1137 1012 operis
1176 959 1463 1012 impendendo
1496 959 1671 998 domino
1703 967 1808 998 tem·
1829 981 1867 1002 10

497 1028 628 1080 porali
668 1026 733 1083 (ut
770 1037 882 1080 patet
929 1028 1112 1081 capitulo
1159 1029 1226 1068 De
1263 1029 1344 1068 hiis
1376 1030 1449 1081 qui
1486 1028 1542 1067 ad
1585 1029 1808 1069 ecclesiam

271 1116 420 1142 Answer:
485 1098 689 1152 fugiunt,
708 1099 757 1138 le.
777 1096 852 1151 fi.)‚
876 1098 907 1137 si
924 1098 1062 1137 omnis
1085 1098 1336 1138 indebitatus
1360 1098 1554 1151 proximo
1576 1098 1617 1137 in
1633 1097 1810 1151 pecunia

239 1149 450 1219 ivtafioeeiipines‘}
499 1168 564 1206 vel
596 1180 852 1220 quocunque
876 1168 997 1207 debet
1029 1167 1249 1207 servicium
1273 1167 1568 1207 satisfaccionis
1602 1168 1678 1207 sub
1701 1180 1809 1220 pena

297 1219 390 1246 them.
499 1236 812 1289 dampnacionis
845 1237 1019 1276 domino
1053 1236 1337 1288 dominorum,
1372 1250 1469 1289 ergo
1502 1236 1639 1276 multo
1674 1236 1807 1288 magis

498 1307 592 1346 licet
624 1321 721 1346 eum
752 1306 962 1346 extrahere
1000 1307 1050 1345 de
1083 1306 1264 1357 ecclesia,
1310 1306 1341 1344 si
1389 1306 1535 1345 exhinc
1565 1314 1712 1359 pauset
1744 1305 1863 1348 in-15

501 1377 699 1416 obediens
732 1378 783 1416 ad
814 1377 1077 1416 reddendum
1110 1376 1332 1415 servicium
1363 1375 1446 1429 regi
1477 1389 1635 1428 regum.
1669 1374 1808 1413 Minor

497 1455 609 1498 patet
641 1461 687 1486 ex
720 1447 800 1486 hoc
830 1447 946 1499 quod
967 1446 1106 1486 omnis
1138 1446 1269 1485 homo
1295 1454 1354 1485 est
1376 1445 1507 1498 magis
1540 1458 1680 1484 servus
1703 1445 1806 1494 Deo,

496 1516 591 1568 plus
624 1516 785 1555 debitor
818 1526 856 1555 et
887 1516 1000 1568 prius
1036 1529 1166 1569 quam
1204 1514 1352 1568 aliquis
1390 1528 1531 1554 servus
1564 1523 1624 1553 est
1646 1513 1808 1553 debitor

496 1585 672 1624 domino
711 1585 945 1638 temporali.
996 1586 1117 1625 Unde
1148 1585 1381 1637 Apostolus
1415 1584 1567 1636 Ephes.
1612 1583 1700 1633 VIO,
1747 1583 1805 1634 5⁰,

495 1655 616 1694 docet
646 1668 795 1695 servos
828 1655 999 1695 obedire
1032 1655 1214 1694 dominis
1241 1654 1493 1693 carnalibus
1525 1666 1621 1692 cum
1653 1654 1805 1693 timore
1823 1674 1865 1696 20

495 1731 534 1764 et
565 1731 767 1774 tremore,
799 1726 909 1764 sicut
935 1724 1113 1776 Christo,
1136 1725 1368 1764 servientes
1390 1724 1499 1763 sicut
1519 1723 1689 1763 domino
1721 1735 1803 1762 non

497 1794 750 1834 hominihus.

555 1864 840 1903 Confirmatur
857 1864 994 1916 primo
1018 1877 1091 1917 per
1112 1864 1192 1903 hoc
1215 1864 1343 1917 quod,
1360 1863 1466 1902 sicut
1488 1862 1618 1902 homo
1640 1870 1805 1901 tenetur
1820 1880 1845 1904 a
1870 1873 1906 1905 Κ

499 1934 591 1987 plus
624 1935 762 1974 Deum
795 1934 963 1986 diligere
995 1948 1125 1987 quam
1157 1947 1198 1972 se
1231 1933 1386 1985 ipsum,
1426 1932 1482 1972 sic
1514 1940 1678 1971 tenetur
1710 1931 1804 1984 plus

498 2005 612 2043 odire
646 2004 721 2043 Dei
759 2004 967 2054 iniuriam,
1002 2004 1112 2042 unde
1144 2003 1311 2053 XXHla,
1345 2016 1383 2055 q.
1418 2002 1472 2042 IV
1506 2001 1561 2041 sic
1595 2000 1804 2040 scribitur:
1825 2012 1863 2044 25

497 2074 542 2112 Si
573 2086 622 2112 ea
661 2074 712 2113 de
740 2073 893 2126 quibus
924 2074 1192 2112 vehementer
1222 2073 1344 2111 Deus
1376 2070 1621 2124 offenditur,
1645 2071 1810 2123 insequi

495 2144 561 2182 vel
605 2143 754 2182 ulcisci
790 2142 1041 2196 deferimus,
1095 2142 1161 2181 ad.
1195 2141 1470 2180 irascendum
1520 2141 1663 2191 utique
1701 2140 1807 2179 divi-

497 2214 643 2252 nitatis
663 2212 968 2265 sspacienciam
986 2223 1293 2264 provocamus.
1318 2210 1512 2249 Secundo
1537 2208 1809 2248 confirmatur
1828 2219 1902 2252 162⁶
1933 2220 1958 2252 b

497 2296 543 2322 ex
588 2284 666 2322 hoc
711 2283 826 2335 quod
860 2282 1088 2321 secundum
1132 2281 1242 2333 leges
1280 2279 1486 2318 humanas
1523 2278 1616 2317 lesis
1649 2287 1688 2317 et
1721 2292 1806 2317 non

548 2418 572 2446 3.
594 2419 620 2445 A
642 2418 670 2445 in
692 2425 806 2452 marg:
827 2416 1013 2451 Responsio.
1131 2415 1158 2443 6.
1181 2415 1218 2442 B:
1244 2415 1272 2442 in
1294 2415 1374 2449 iure3
1395 2415 1423 2442 A
1444 2414 1567 2449 culpali.
1673 2421 1707 2440 11.
1728 2413 1804 2440 AB:

497 2469 579 2500 patet
612 2464 674 2497 C0;
713 2465 788 2491 ibid.
819 2464 856 2490 16.
883 2463 910 2489 1ἰ.
939 2463 968 2490 id
1000 2467 1045 2490 est
1079 2462 1144 2496 lege
1178 2462 1236 2488 fine
1265 2462 1343 2496 (lege
1379 2461 1407 2487 in
1438 2461 1508 2495 tine)
1537 2460 1578 2486 ib.
1609 2459 1662 2486 sed
1692 2460 1807 2486 omnis.

500 2511 536 2539 13.
558 2511 599 2537 B:
622 2518 812 2546 quocunque
833 2510 905 2536 alio.
978 2508 1019 2536 25.
1041 2509 1068 2536 A
1088 2509 1144 2543 Al:
1165 2508 1254 2536 Unde
1275 2510 1369 2535 deest.

559 2617 607 2637 ιι.
638 2607 758 2637 Decret
793 2603 951 2647 Gregorii
982 2605 1036 2646 IX,
1066 2603 1122 2635 llb.
1156 2603 1220 2644 III.‚
1252 2602 1300 2634 tit.
1328 2602 1448 2641 XLIX,
1468 2611 1542 2644 cap.
1563 2601 1636 2632 VI.:
1663 2601 1697 2632 Si
1722 2610 1805 2632 vero

497 2675 618 2695 servus
640 2664 741 2695 fuerit
767 2663 825 2706 qui
845 2663 1039 2705 confugerit
1057 2662 1097 2693 ad
1119 2660 1314 2700 ecclesiam,
1334 2667 1520 2702 postquam
1540 2659 1582 2689 de
1603 2658 1805 2700 impunitate

498 2733 558 2753 sua
583 2721 747 2753 dominus
777 2722 851 2752 eius
885 2719 1018 2753 clericiS
1050 2720 1281 2751 iuramentum
1309 2715 1525 2760 praestiterit,
1552 2715 1592 2747 ad
1621 2715 1804 2746 servicium

498 2779 629 2811 domini
669 2781 719 2810 sui
753 2780 864 2810 redire
903 2778 1124 2821 compellitur
1163 2778 1264 2808 etiam
1297 2775 1433 2806 invitus.
1579 2772 1630 2804 25.
1669 2774 1751 2804 Dec.
1779 2773 1805 2804 II

497 2849 586 2880 pars,
620 2848 720 2870 causa
747 2838 862 2877 XXIII,
891 2848 965 2879 cap.
993 2838 1030 2868 L.
