<?xml version="1.0" encoding="UTF-8"?>
<!DOCTYPE html PUBLIC "-//W3C//DTD XHTML 1.0 Transitional//EN"
    "http://www.w3.org/TR/xhtml1/DTD/xhtml1-transitional.dtd">
<html xmlns="http://www.w3.org/1999/xhtml" xml:lang="en" lang="en">
 <head>
  <title>
</title>
<meta http-equiv="Content-Type" content="text/html;charset=utf-8" />
  <meta name='ocr-system' content='tesseract 3.04.00' />
  <meta name='ocr-capabilities' content='ocr_page ocr_carea ocr_par ocr_line ocrx_word'/>
</head>
<body>
  <div class='ocr_page' id='page_1' title='image "./tractatusdeeccle00wycl_0548.png"; bbox 0 0 2051 3273; ppageno 0'>
   <div class='ocr_carea' id='block_1_1' title="bbox 242 208 1845 267">
    <p class='ocr_par' dir='ltr' id='par_1_1' title="bbox 242 208 1845 267">
     <span class='ocr_line' id='line_1_1' title="bbox 242 208 1845 267; baseline -0.006 -8"><span class='ocrx_word' id='word_1_1' title='bbox 242 214 327 264; x_wconf 87' lang='lat'>514</span> <span class='ocrx_word' id='word_1_2' title='bbox 970 222 1194 255; x_wconf 80' lang='lat' dir='ltr'><strong>JOHANNIS</strong></span> <span class='ocrx_word' id='word_1_3' title='bbox 1220 222 1415 255; x_wconf 79' lang='lat' dir='ltr'>WYCLIF.</span> <span class='ocrx_word' id='word_1_4' title='bbox 1631 208 1734 267; x_wconf 84' lang='lat' dir='ltr'>[CAP.</span> <span class='ocrx_word' id='word_1_5' title='bbox 1762 221 1845 250; x_wconf 79' lang='lat' dir='ltr'>xxr.</span> 
     </span>
    </p>
   </div>
   <div class='ocr_carea' id='block_1_2' title="bbox 242 325 1997 1705">
    <p class='ocr_par' dir='ltr' id='par_1_2' title="bbox 242 325 1997 1705">
     <span class='ocr_line' id='line_1_2' title="bbox 246 325 1997 397; baseline 0.004 -35"><span class='ocrx_word' id='word_1_6' title='bbox 246 335 501 397; x_wconf 47' lang='lat' dir='ltr'>togdissfttifflotcgl</span> <span class='ocrx_word' id='word_1_7' title='bbox 590 326 642 364; x_wconf 82' lang='lat' dir='ltr'>Et</span> <span class='ocrx_word' id='word_1_8' title='bbox 674 334 791 378; x_wconf 90' lang='lat' dir='ltr'>patet</span> <span class='ocrx_word' id='word_1_9' title='bbox 827 325 966 377; x_wconf 89' lang='lat' dir='ltr'>primo</span> <span class='ocrx_word' id='word_1_10' title='bbox 997 327 1113 379; x_wconf 90' lang='lat' dir='ltr'>quod</span> <span class='ocrx_word' id='word_1_11' title='bbox 1152 327 1352 366; x_wconf 87' lang='lat' dir='ltr'>ordinans</span> <span class='ocrx_word' id='word_1_12' title='bbox 1386 327 1603 366; x_wconf 89' lang='lat' dir='ltr'>hominem</span> <span class='ocrx_word' id='word_1_13' title='bbox 1636 328 1775 380; x_wconf 89' lang='lat' dir='ltr'>primo</span> <span class='ocrx_word' id='word_1_14' title='bbox 1808 337 1848 368; x_wconf 92' lang='lat' dir='ltr'>et</span> <span class='ocrx_word' id='word_1_15' title='bbox 1869 343 1944 382; x_wconf 74' lang='lat'><strong>199³</strong></span> <span class='ocrx_word' id='word_1_16' title='bbox 1968 340 1997 372; x_wconf 85' lang='grc' dir='ltr'><strong>Τ</strong></span> 
     </span>
     <span class='ocr_line' id='line_1_3' title="bbox 278 378 1846 449; baseline 0.004 -18"><span class='ocrx_word' id='word_1_17' title='bbox 278 379 402 432; x_wconf 56' lang='grc' dir='ltr'>οοξῐεῗί</span> <span class='ocrx_word' id='word_1_18' title='bbox 423 378 479 445; x_wconf 33' lang='lat' dir='ltr'>tri-{³</span> <span class='ocrx_word' id='word_1_19' title='bbox 530 394 775 433; x_wconf 81' lang='lat' dir='ltr'>immediate</span> <span class='ocrx_word' id='word_1_20' title='bbox 809 395 850 433; x_wconf 91' lang='lat' dir='ltr'>in</span> <span class='ocrx_word' id='word_1_21' title='bbox 884 396 1151 435; x_wconf 76' lang='lat' dir='ltr'>sacerdotem</span> <span class='ocrx_word' id='word_1_22' title='bbox 1186 410 1234 435; x_wconf 95' lang='lat' dir='ltr'>eo</span> <span class='ocrx_word' id='word_1_23' title='bbox 1269 397 1362 449; x_wconf 89' lang='lat' dir='ltr'>ipso</span> <span class='ocrx_word' id='word_1_24' title='bbox 1396 398 1468 436; x_wconf 90' lang='lat' dir='ltr'>dat</span> <span class='ocrx_word' id='word_1_25' title='bbox 1501 397 1580 436; x_wconf 88' lang='lat' dir='ltr'>sibi</span> <span class='ocrx_word' id='word_1_26' title='bbox 1618 398 1684 437; x_wconf 93' lang='lat' dir='ltr'>vel</span> <span class='ocrx_word' id='word_1_27' title='bbox 1724 398 1846 437; x_wconf 91' lang='lat' dir='ltr'>mini-</span> 
     </span>
     <span class='ocr_line' id='line_1_4' title="bbox 281 442 1847 520; baseline 0.003 -19"><span class='ocrx_word' id='word_1_28' title='bbox 281 442 473 509; x_wconf 50' lang='lat' dir='ltr'>pffi&#39;ssgssffi&#39;ffg</span> <span class='ocrx_word' id='word_1_29' title='bbox 528 464 749 504; x_wconf 85' lang='lat' dir='ltr'>sterialiter</span> <span class='ocrx_word' id='word_1_30' title='bbox 794 465 915 516; x_wconf 84' lang='lat' dir='ltr'>signo</span> <span class='ocrx_word' id='word_1_31' title='bbox 961 466 1254 506; x_wconf 80' lang='lat' dir='ltr'>sacramentali</span> <span class='ocrx_word' id='word_1_32' title='bbox 1316 467 1502 506; x_wconf 88' lang='lat' dir='ltr'>ostendit</span> <span class='ocrx_word' id='word_1_33' title='bbox 1552 467 1668 520; x_wconf 91' lang='lat' dir='ltr'>quod</span> <span class='ocrx_word' id='word_1_34' title='bbox 1719 467 1847 506; x_wconf 86' lang='lat' dir='ltr'>habet</span> 
     </span>
     <span class='ocr_line' id='line_1_5' title="bbox 255 509 1846 590; baseline 0.003 -20"><span class='ocrx_word' id='word_1_35' title='bbox 255 509 492 572; x_wconf 47' lang='lat' dir='ltr'>xxiiinffriiiigxiss</span> <span class='ocrx_word' id='word_1_36' title='bbox 531 542 695 586; x_wconf 89' lang='lat' dir='ltr'>septem</span> <span class='ocrx_word' id='word_1_37' title='bbox 730 534 901 573; x_wconf 85' lang='lat' dir='ltr'>ordines</span> <span class='ocrx_word' id='word_1_38' title='bbox 935 535 1021 574; x_wconf 92' lang='lat' dir='ltr'>sive</span> <span class='ocrx_word' id='word_1_39' title='bbox 1056 545 1301 575; x_wconf 80' lang='lat' dir='ltr'>caracteres.</span> <span class='ocrx_word' id='word_1_40' title='bbox 1360 537 1481 576; x_wconf 85' lang='lat' dir='ltr'>Patet</span> <span class='ocrx_word' id='word_1_41' title='bbox 1521 551 1569 575; x_wconf 86' lang='lat' dir='ltr'>ex</span> <span class='ocrx_word' id='word_1_42' title='bbox 1608 537 1688 576; x_wconf 91' lang='lat' dir='ltr'>hoc</span> <span class='ocrx_word' id='word_1_43' title='bbox 1729 537 1846 590; x_wconf 91' lang='lat' dir='ltr'>quod</span> 
     </span>
     <span class='ocr_line' id='line_1_6' title="bbox 528 603 1880 659; baseline 0.002 -17"><span class='ocrx_word' id='word_1_44' title='bbox 528 616 577 642; x_wconf 94' lang='lat' dir='ltr'>eo</span> <span class='ocrx_word' id='word_1_45' title='bbox 616 604 710 656; x_wconf 90' lang='lat' dir='ltr'>ipso</span> <span class='ocrx_word' id='word_1_46' title='bbox 748 603 956 644; x_wconf 88' lang='lat' dir='ltr'>limitatur</span> <span class='ocrx_word' id='word_1_47' title='bbox 1001 605 1052 644; x_wconf 87' lang='lat' dir='ltr'>ad</span> <span class='ocrx_word' id='word_1_48' title='bbox 1087 614 1344 658; x_wconf 87' lang='lat' dir='ltr'>potestatem</span> <span class='ocrx_word' id='word_1_49' title='bbox 1378 606 1696 658; x_wconf 86' lang='lat' dir='ltr'>septemplicem</span> <span class='ocrx_word' id='word_1_50' title='bbox 1730 605 1880 659; x_wconf 81' lang='lat' dir='ltr'>quod5</span> 
     </span>
     <span class='ocr_line' id='line_1_7' title="bbox 527 673 1846 715; baseline 0.002 -3"><span class='ocrx_word' id='word_1_51' title='bbox 527 682 590 712; x_wconf 89' lang='lat' dir='ltr'>est</span> <span class='ocrx_word' id='word_1_52' title='bbox 639 673 758 713; x_wconf 91' lang='lat' dir='ltr'>ordo.</span> <span class='ocrx_word' id='word_1_53' title='bbox 818 674 915 713; x_wconf 89' lang='lat' dir='ltr'>Non</span> <span class='ocrx_word' id='word_1_54' title='bbox 969 675 1082 713; x_wconf 90' lang='lat' dir='ltr'>enim</span> <span class='ocrx_word' id='word_1_55' title='bbox 1136 675 1246 715; x_wconf 87' lang='lat' dir='ltr'>foret</span> <span class='ocrx_word' id='word_1_56' title='bbox 1292 676 1488 715; x_wconf 84' lang='lat' dir='ltr'>sacerdos</span> <span class='ocrx_word' id='word_1_57' title='bbox 1535 676 1714 715; x_wconf 86' lang='lat' dir='ltr'>univoce</span> <span class='ocrx_word' id='word_1_58' title='bbox 1769 675 1846 714; x_wconf 93' lang='lat' dir='ltr'>nisi</span> 
     </span>
     <span class='ocr_line' id='line_1_8' title="bbox 530 742 1847 798; baseline 0.002 -17"><span class='ocrx_word' id='word_1_59' title='bbox 530 742 705 783; x_wconf 87' lang='lat' dir='ltr'>haberet</span> <span class='ocrx_word' id='word_1_60' title='bbox 758 752 1013 795; x_wconf 89' lang='lat' dir='ltr'>potestatem</span> <span class='ocrx_word' id='word_1_61' title='bbox 1066 744 1118 782; x_wconf 87' lang='lat' dir='ltr'>ad</span> <span class='ocrx_word' id='word_1_62' title='bbox 1164 745 1496 784; x_wconf 86' lang='lat' dir='ltr'>ministrandum</span> <span class='ocrx_word' id='word_1_63' title='bbox 1545 758 1847 798; x_wconf 86' lang='lat' dir='ltr'>quamcunque</span> 
     </span>
     <span class='ocr_line' id='line_1_9' title="bbox 526 812 1847 867; baseline 0.003 -17"><span class='ocrx_word' id='word_1_64' title='bbox 526 812 711 864; x_wconf 86' lang='lat' dir='ltr'>speciem</span> <span class='ocrx_word' id='word_1_65' title='bbox 748 813 981 866; x_wconf 88' lang='lat' dir='ltr'>spiritualis</span> <span class='ocrx_word' id='word_1_66' title='bbox 1022 814 1244 853; x_wconf 88' lang='lat' dir='ltr'>ministerii</span> <span class='ocrx_word' id='word_1_67' title='bbox 1286 827 1372 867; x_wconf 88' lang='lat' dir='ltr'>quo</span> <span class='ocrx_word' id='word_1_68' title='bbox 1416 813 1573 854; x_wconf 85' lang='lat' dir='ltr'>sufficit</span> <span class='ocrx_word' id='word_1_69' title='bbox 1607 815 1847 854; x_wconf 88' lang='lat' dir='ltr'>ministrare</span> 
     </span>
     <span class='ocr_line' id='line_1_10' title="bbox 529 882 1846 937; baseline 0.002 -16"><span class='ocrx_word' id='word_1_70' title='bbox 529 882 705 922; x_wconf 86' lang='lat' dir='ltr'>clericus</span> <span class='ocrx_word' id='word_1_71' title='bbox 740 883 975 935; x_wconf 84' lang='lat' dir='ltr'>graduatus</span> <span class='ocrx_word' id='word_1_72' title='bbox 1010 883 1198 924; x_wconf 84' lang='lat' dir='ltr'>inferior.</span> <span class='ocrx_word' id='word_1_73' title='bbox 1246 884 1382 923; x_wconf 88' lang='lat' dir='ltr'>Immo</span> <span class='ocrx_word' id='word_1_74' title='bbox 1416 893 1523 937; x_wconf 88' lang='lat' dir='ltr'>quot</span> <span class='ocrx_word' id='word_1_75' title='bbox 1555 894 1654 924; x_wconf 88' lang='lat' dir='ltr'>sunt</span> <span class='ocrx_word' id='word_1_76' title='bbox 1687 884 1846 936; x_wconf 87' lang='lat' dir='ltr'>species</span> 
     </span>
     <span class='ocr_line' id='line_1_11' title="bbox 527 951 1905 1006; baseline 0.004 -15"><span class='ocrx_word' id='word_1_77' title='bbox 527 951 658 991; x_wconf 86' lang='lat' dir='ltr'>officii</span> <span class='ocrx_word' id='word_1_78' title='bbox 693 953 734 992; x_wconf 89' lang='lat' dir='ltr'>in</span> <span class='ocrx_word' id='word_1_79' title='bbox 769 967 873 1006; x_wconf 89' lang='lat' dir='ltr'>quas</span> <span class='ocrx_word' id='word_1_80' title='bbox 897 953 1132 1005; x_wconf 84' lang='lat' dir='ltr'>graduatus</span> <span class='ocrx_word' id='word_1_81' title='bbox 1165 955 1420 1006; x_wconf 84' lang='lat' dir='ltr'>potestative</span> <span class='ocrx_word' id='word_1_82' title='bbox 1455 954 1628 1006; x_wconf 89' lang='lat' dir='ltr'>sufficit,</span> <span class='ocrx_word' id='word_1_83' title='bbox 1662 962 1724 994; x_wconf 88' lang='lat' dir='ltr'>tot</span> <span class='ocrx_word' id='word_1_84' title='bbox 1748 963 1905 997; x_wconf 84' lang='lat' dir='ltr'>sunt10</span> 
     </span>
     <span class='ocr_line' id='line_1_12' title="bbox 527 1022 1844 1064; baseline 0.002 -4"><span class='ocrx_word' id='word_1_85' title='bbox 527 1022 697 1061; x_wconf 90' lang='lat' dir='ltr'>ordines</span> <span class='ocrx_word' id='word_1_86' title='bbox 745 1023 831 1062; x_wconf 89' lang='lat' dir='ltr'>sive</span> <span class='ocrx_word' id='word_1_87' title='bbox 885 1033 1131 1063; x_wconf 82' lang='lat' dir='ltr'>caracteres,</span> <span class='ocrx_word' id='word_1_88' title='bbox 1187 1025 1349 1064; x_wconf 89' lang='lat' dir='ltr'>Omnes</span> <span class='ocrx_word' id='word_1_89' title='bbox 1400 1033 1543 1063; x_wconf 90' lang='lat' dir='ltr'>tamen</span> <span class='ocrx_word' id='word_1_90' title='bbox 1589 1033 1688 1063; x_wconf 89' lang='lat' dir='ltr'>sunt</span> <span class='ocrx_word' id='word_1_91' title='bbox 1735 1038 1844 1063; x_wconf 88' lang='lat' dir='ltr'>unus</span> 
     </span>
     <span class='ocr_line' id='line_1_13' title="bbox 526 1092 1846 1147; baseline 0.002 -17"><span class='ocrx_word' id='word_1_92' title='bbox 526 1092 633 1130; x_wconf 92' lang='lat' dir='ltr'>ordo</span> <span class='ocrx_word' id='word_1_93' title='bbox 674 1092 795 1131; x_wconf 89' lang='lat' dir='ltr'>cuius</span> <span class='ocrx_word' id='word_1_94' title='bbox 841 1103 979 1142; x_wconf 86' lang='lat' dir='ltr'>partes</span> <span class='ocrx_word' id='word_1_95' title='bbox 1024 1093 1250 1145; x_wconf 83' lang='lat' dir='ltr'>integrales</span> <span class='ocrx_word' id='word_1_96' title='bbox 1294 1096 1436 1133; x_wconf 87' lang='lat' dir='ltr'>vocari</span> <span class='ocrx_word' id='word_1_97' title='bbox 1481 1103 1661 1147; x_wconf 83' lang='lat' dir='ltr'>possunt</span> <span class='ocrx_word' id='word_1_98' title='bbox 1705 1102 1846 1146; x_wconf 89' lang='lat' dir='ltr'>partes</span> 
     </span>
     <span class='ocr_line' id='line_1_14' title="bbox 528 1162 1845 1216; baseline 0.001 -15"><span class='ocrx_word' id='word_1_99' title='bbox 528 1162 803 1214; x_wconf 81' lang='lat' dir='ltr'>potestative,</span> <span class='ocrx_word' id='word_1_100' title='bbox 839 1163 947 1201; x_wconf 82' lang='lat' dir='ltr'>sicut</span> <span class='ocrx_word' id='word_1_101' title='bbox 982 1177 1078 1215; x_wconf 89' lang='lat' dir='ltr'>pars</span> <span class='ocrx_word' id='word_1_102' title='bbox 1112 1164 1302 1202; x_wconf 88' lang='lat' dir='ltr'>senarius</span> <span class='ocrx_word' id='word_1_103' title='bbox 1336 1164 1577 1203; x_wconf 89' lang='lat' dir='ltr'>communis</span> <span class='ocrx_word' id='word_1_104' title='bbox 1611 1164 1663 1202; x_wconf 90' lang='lat' dir='ltr'>ad</span> <span class='ocrx_word' id='word_1_105' title='bbox 1697 1177 1845 1216; x_wconf 89' lang='lat' dir='ltr'>quarn-</span> 
     </span>
     <span class='ocr_line' id='line_1_15' title="bbox 527 1232 1845 1286; baseline 0.002 -16"><span class='ocrx_word' id='word_1_106' title='bbox 527 1245 695 1285; x_wconf 89' lang='lat' dir='ltr'>cunque</span> <span class='ocrx_word' id='word_1_107' title='bbox 738 1232 947 1272; x_wconf 88' lang='lat' dir='ltr'>unitatem</span> <span class='ocrx_word' id='word_1_108' title='bbox 988 1233 1077 1272; x_wconf 90' lang='lat' dir='ltr'>eius</span> <span class='ocrx_word' id='word_1_109' title='bbox 1118 1242 1296 1272; x_wconf 86' lang='lat' dir='ltr'>vocatur</span> <span class='ocrx_word' id='word_1_110' title='bbox 1334 1233 1473 1286; x_wconf 89' lang='lat' dir='ltr'>prima</span> <span class='ocrx_word' id='word_1_111' title='bbox 1513 1247 1610 1286; x_wconf 91' lang='lat' dir='ltr'>pars</span> <span class='ocrx_word' id='word_1_112' title='bbox 1650 1234 1738 1273; x_wconf 89' lang='lat' dir='ltr'>eius</span> <span class='ocrx_word' id='word_1_113' title='bbox 1772 1234 1845 1273; x_wconf 90' lang='lat' dir='ltr'>ali-</span> 
     </span>
     <span class='ocr_line' id='line_1_16' title="bbox 527 1302 1903 1357; baseline 0.003 -16"><span class='ocrx_word' id='word_1_114' title='bbox 527 1312 674 1354; x_wconf 83' lang='lat' dir='ltr'>quota,</span> <span class='ocrx_word' id='word_1_115' title='bbox 715 1312 755 1341; x_wconf 91' lang='lat' dir='ltr'>et</span> <span class='ocrx_word' id='word_1_116' title='bbox 788 1316 884 1354; x_wconf 88' lang='lat' dir='ltr'>pars</span> <span class='ocrx_word' id='word_1_117' title='bbox 920 1302 1009 1341; x_wconf 88' lang='lat' dir='ltr'>eius</span> <span class='ocrx_word' id='word_1_118' title='bbox 1049 1303 1290 1342; x_wconf 88' lang='lat' dir='ltr'>communis</span> <span class='ocrx_word' id='word_1_119' title='bbox 1330 1303 1380 1342; x_wconf 89' lang='lat' dir='ltr'>ad</span> <span class='ocrx_word' id='word_1_120' title='bbox 1422 1316 1723 1357; x_wconf 84' lang='lat' dir='ltr'>quemcunque</span> <span class='ocrx_word' id='word_1_121' title='bbox 1758 1303 1846 1342; x_wconf 89' lang='lat' dir='ltr'>eius</span> <span class='ocrx_word' id='word_1_122' title='bbox 1865 1314 1903 1345; x_wconf 84' lang='lat'>15</span> 
     </span>
     <span class='ocr_line' id='line_1_17' title="bbox 529 1372 1846 1412; baseline 0.002 -2"><span class='ocrx_word' id='word_1_123' title='bbox 529 1373 743 1411; x_wconf 89' lang='lat' dir='ltr'>binarium</span> <span class='ocrx_word' id='word_1_124' title='bbox 791 1372 856 1411; x_wconf 86' lang='lat' dir='ltr'>vel</span> <span class='ocrx_word' id='word_1_125' title='bbox 901 1373 1137 1412; x_wconf 89' lang='lat' dir='ltr'>ternarium</span> <span class='ocrx_word' id='word_1_126' title='bbox 1178 1381 1356 1412; x_wconf 88' lang='lat' dir='ltr'>vocatur</span> <span class='ocrx_word' id='word_1_127' title='bbox 1401 1373 1587 1412; x_wconf 87' lang='lat' dir='ltr'>secunda</span> <span class='ocrx_word' id='word_1_128' title='bbox 1632 1382 1673 1412; x_wconf 89' lang='lat' dir='ltr'>et</span> <span class='ocrx_word' id='word_1_129' title='bbox 1719 1373 1846 1412; x_wconf 88' lang='lat' dir='ltr'>tercia</span> 
     </span>
     <span class='ocr_line' id='line_1_18' title="bbox 526 1442 1841 1496; baseline 0.001 -16"><span class='ocrx_word' id='word_1_130' title='bbox 526 1455 623 1494; x_wconf 91' lang='lat' dir='ltr'>pars</span> <span class='ocrx_word' id='word_1_131' title='bbox 657 1442 746 1481; x_wconf 88' lang='lat' dir='ltr'>eius</span> <span class='ocrx_word' id='word_1_132' title='bbox 781 1442 989 1495; x_wconf 82' lang='lat' dir='ltr'>aliquota,</span> <span class='ocrx_word' id='word_1_133' title='bbox 1024 1456 1073 1481; x_wconf 83' lang='lat' dir='ltr'>ex</span> <span class='ocrx_word' id='word_1_134' title='bbox 1106 1443 1263 1496; x_wconf 86' lang='lat' dir='ltr'>quibus</span> <span class='ocrx_word' id='word_1_135' title='bbox 1291 1443 1501 1495; x_wconf 86' lang='lat' dir='ltr'>adequate</span> <span class='ocrx_word' id='word_1_136' title='bbox 1526 1452 1692 1482; x_wconf 90' lang='lat' dir='ltr'>constat</span> <span class='ocrx_word' id='word_1_137' title='bbox 1725 1456 1841 1481; x_wconf 90' lang='lat' dir='ltr'>sena-</span> 
     </span>
     <span class='ocr_line' id='line_1_19' title="bbox 526 1512 1845 1566; baseline 0.001 -16"><span class='ocrx_word' id='word_1_138' title='bbox 526 1512 626 1552; x_wconf 85' lang='lat' dir='ltr'>rius.</span> <span class='ocrx_word' id='word_1_139' title='bbox 682 1512 806 1551; x_wconf 87' lang='lat' dir='ltr'>Unde</span> <span class='ocrx_word' id='word_1_140' title='bbox 860 1512 893 1551; x_wconf 91' lang='lat' dir='ltr'>si</span> <span class='ocrx_word' id='word_1_141' title='bbox 938 1512 1053 1551; x_wconf 90' lang='lat' dir='ltr'>Deus</span> <span class='ocrx_word' id='word_1_142' title='bbox 1100 1525 1175 1566; x_wconf 92' lang='lat' dir='ltr'>per</span> <span class='ocrx_word' id='word_1_143' title='bbox 1220 1512 1485 1565; x_wconf 86' lang='lat' dir='ltr'>impossibile</span> <span class='ocrx_word' id='word_1_144' title='bbox 1531 1513 1648 1552; x_wconf 90' lang='lat' dir='ltr'>daret</span> <span class='ocrx_word' id='word_1_145' title='bbox 1695 1512 1845 1551; x_wconf 91' lang='lat' dir='ltr'>clerico</span> 
     </span>
     <span class='ocr_line' id='line_1_20' title="bbox 526 1580 1845 1635; baseline -0.001 -14"><span class='ocrx_word' id='word_1_146' title='bbox 526 1591 786 1635; x_wconf 88' lang='lat' dir='ltr'>potestatem</span> <span class='ocrx_word' id='word_1_147' title='bbox 829 1580 1082 1621; x_wconf 89' lang='lat' dir='ltr'>conficiendi</span> <span class='ocrx_word' id='word_1_148' title='bbox 1131 1590 1172 1621; x_wconf 91' lang='lat' dir='ltr'>et</span> <span class='ocrx_word' id='word_1_149' title='bbox 1216 1595 1302 1620; x_wconf 90' lang='lat' dir='ltr'>non</span> <span class='ocrx_word' id='word_1_150' title='bbox 1347 1582 1613 1633; x_wconf 84' lang='lat' dir='ltr'>absolvendi,</span> <span class='ocrx_word' id='word_1_151' title='bbox 1659 1582 1727 1621; x_wconf 91' lang='lat' dir='ltr'>ille</span> <span class='ocrx_word' id='word_1_152' title='bbox 1761 1595 1845 1620; x_wconf 89' lang='lat' dir='ltr'>non</span> 
     </span>
     <span class='ocr_line' id='line_1_21' title="bbox 242 1651 1905 1705; baseline 0 -15"><span class='ocrx_word' id='word_1_153' title='bbox 242 1659 287 1684; x_wconf 84' lang='lat' dir='ltr'>As</span> <span class='ocrx_word' id='word_1_154' title='bbox 307 1657 357 1684; x_wconf 70' lang='lat' dir='ltr'>the</span> <span class='ocrx_word' id='word_1_155' title='bbox 377 1657 501 1684; x_wconf 81' lang='lat' dir='ltr'>various</span> <span class='ocrx_word' id='word_1_156' title='bbox 525 1652 637 1691; x_wconf 86' lang='lat' dir='ltr'>foret</span> <span class='ocrx_word' id='word_1_157' title='bbox 676 1652 889 1703; x_wconf 80' lang='lat' dir='ltr'>sacerdos,</span> <span class='ocrx_word' id='word_1_158' title='bbox 937 1651 968 1691; x_wconf 82' lang='lat' dir='ltr'>si</span> <span class='ocrx_word' id='word_1_159' title='bbox 1016 1665 1099 1690; x_wconf 92' lang='lat' dir='ltr'>non</span> <span class='ocrx_word' id='word_1_160' title='bbox 1148 1651 1369 1705; x_wconf 87' lang='lat' dir='ltr'>equivoce,</span> <span class='ocrx_word' id='word_1_161' title='bbox 1416 1661 1455 1691; x_wconf 90' lang='lat' dir='ltr'>et</span> <span class='ocrx_word' id='word_1_162' title='bbox 1500 1660 1618 1705; x_wconf 89' lang='lat' dir='ltr'>patet</span> <span class='ocrx_word' id='word_1_163' title='bbox 1658 1652 1845 1691; x_wconf 90' lang='lat' dir='ltr'>secundo</span> <span class='ocrx_word' id='word_1_164' title='bbox 1863 1673 1905 1694; x_wconf 83' lang='lat'>20</span> 
     </span>
    </p>
   </div>
   <div class='ocr_carea' id='block_1_3' title="bbox 279 1693 463 1720">
    <p class='ocr_par' dir='ltr' id='par_1_3' title="bbox 279 1693 463 1720">
     <span class='ocr_line' id='line_1_22' title="bbox 279 1693 463 1720; baseline 0 -1"><span class='ocrx_word' id='word_1_165' title='bbox 279 1693 391 1719; x_wconf 89' lang='lat' dir='ltr'>orders</span> <span class='ocrx_word' id='word_1_166' title='bbox 413 1700 463 1720; x_wconf 88' lang='lat' dir='ltr'>are</span> 
     </span>
    </p>
   </div>
   <div class='ocr_carea' id='block_1_4' title="bbox 260 1721 1845 1798">
    <p class='ocr_par' dir='ltr' id='par_1_4' title="bbox 260 1721 1845 1798">
     <span class='ocr_line' id='line_1_23' title="bbox 260 1721 1845 1790; baseline 0 -30"><span class='ocrx_word' id='word_1_167' title='bbox 260 1727 479 1790; x_wconf 51' lang='lat' dir='ltr'>Cgffssbissgdtfiss}</span> <span class='ocrx_word' id='word_1_168' title='bbox 527 1722 641 1774; x_wconf 91' lang='lat' dir='ltr'>quod</span> <span class='ocrx_word' id='word_1_169' title='bbox 677 1722 786 1761; x_wconf 90' lang='lat' dir='ltr'>sicut</span> <span class='ocrx_word' id='word_1_170' title='bbox 809 1735 873 1761; x_wconf 89' lang='lat' dir='ltr'>res</span> <span class='ocrx_word' id='word_1_171' title='bbox 914 1721 1167 1761; x_wconf 85' lang='lat' dir='ltr'>sacramenti</span> <span class='ocrx_word' id='word_1_172' title='bbox 1191 1721 1365 1773; x_wconf 89' lang='lat' dir='ltr'>ordinis,</span> <span class='ocrx_word' id='word_1_173' title='bbox 1400 1722 1457 1760; x_wconf 87' lang='lat' dir='ltr'>sic</span> <span class='ocrx_word' id='word_1_174' title='bbox 1490 1735 1554 1761; x_wconf 92' lang='lat' dir='ltr'>res</span> <span class='ocrx_word' id='word_1_175' title='bbox 1581 1721 1845 1760; x_wconf 88' lang='lat' dir='ltr'>diversorum</span> 
     </span>
     <span class='ocr_line' id='line_1_24' title="bbox 340 1784 347 1798; baseline 0 0"><span class='ocrx_word' id='word_1_176' title='bbox 340 1784 347 1798; x_wconf 83' lang='lat'>‚</span> 
     </span>
    </p>
   </div>
   <div class='ocr_carea' id='block_1_5' title="bbox 245 1791 1943 2404">
    <p class='ocr_par' dir='ltr' id='par_1_5' title="bbox 245 1791 1943 2404">
     <span class='ocr_line' id='line_1_25' title="bbox 250 1791 1845 1860; baseline -0.002 -28"><span class='ocrx_word' id='word_1_177' title='bbox 250 1798 493 1860; x_wconf 43' lang='lat' dir='ltr'>gssaacceraffiieexiitffl</span> <span class='ocrx_word' id='word_1_178' title='bbox 527 1801 899 1830; x_wconf 88' lang='lat' dir='ltr'>sacramentorum</span> <span class='ocrx_word' id='word_1_179' title='bbox 932 1805 1022 1830; x_wconf 90' lang='lat' dir='ltr'>sese</span> <span class='ocrx_word' id='word_1_180' title='bbox 1055 1791 1342 1830; x_wconf 90' lang='lat' dir='ltr'>essencialiter</span> <span class='ocrx_word' id='word_1_181' title='bbox 1365 1801 1701 1845; x_wconf 90' lang='lat' dir='ltr'>consequuntur.</span> <span class='ocrx_word' id='word_1_182' title='bbox 1737 1792 1845 1831; x_wconf 89' lang='lat' dir='ltr'>Nam</span> 
     </span>
     <span class='ocr_line' id='line_1_26' title="bbox 250 1860 1846 1930; baseline 0 -30"><span class='ocrx_word' id='word_1_183' title='bbox 250 1867 506 1930; x_wconf 51' lang='lat' dir='ltr'>corilhbgnreesstwnh</span> <span class='ocrx_word' id='word_1_184' title='bbox 526 1871 696 1913; x_wconf 89' lang='lat' dir='ltr'>oportet</span> <span class='ocrx_word' id='word_1_185' title='bbox 721 1861 998 1913; x_wconf 86' lang='lat' dir='ltr'>recipientem</span> <span class='ocrx_word' id='word_1_186' title='bbox 1024 1860 1253 1901; x_wconf 83' lang='lat' dir='ltr'>efficaciter</span> <span class='ocrx_word' id='word_1_187' title='bbox 1277 1862 1472 1900; x_wconf 87' lang='lat' dir='ltr'>ordinem</span> <span class='ocrx_word' id='word_1_188' title='bbox 1498 1862 1614 1914; x_wconf 88' lang='lat' dir='ltr'>prius</span> <span class='ocrx_word' id='word_1_189' title='bbox 1640 1861 1846 1914; x_wconf 85' lang='lat' dir='ltr'>baptizari</span> 
     </span>
     <span class='ocr_line' id='line_1_27' title="bbox 441 1924 1845 1985; baseline 0 -15"><span class='ocrx_word' id='word_1_190' title='bbox 441 1924 447 1930; x_wconf 62' lang='grc'><strong>’</strong></span> <span class='ocrx_word' id='word_1_191' title='bbox 527 1931 740 1983; x_wconf 88' lang='lat' dir='ltr'>baptismo</span> <span class='ocrx_word' id='word_1_192' title='bbox 766 1931 965 1983; x_wconf 87' lang='lat' dir='ltr'>flaminis,</span> <span class='ocrx_word' id='word_1_193' title='bbox 989 1931 1099 1971; x_wconf 87' lang='lat' dir='ltr'>sicut</span> <span class='ocrx_word' id='word_1_194' title='bbox 1125 1940 1297 1983; x_wconf 90' lang='lat' dir='ltr'>oportet</span> <span class='ocrx_word' id='word_1_195' title='bbox 1321 1944 1418 1970; x_wconf 88' lang='lat' dir='ltr'>eum</span> <span class='ocrx_word' id='word_1_196' title='bbox 1435 1930 1679 1970; x_wconf 87' lang='lat' dir='ltr'>confirmari</span> <span class='ocrx_word' id='word_1_197' title='bbox 1703 1931 1845 1985; x_wconf 88' lang='lat' dir='ltr'>aliquo</span> 
     </span>
     <span class='ocr_line' id='line_1_28' title="bbox 524 2000 1903 2053; baseline 0.001 -13"><span class='ocrx_word' id='word_1_198' title='bbox 524 2001 660 2053; x_wconf 84' lang='lat' dir='ltr'>gradu</span> <span class='ocrx_word' id='word_1_199' title='bbox 695 2001 836 2040; x_wconf 81' lang='lat' dir='ltr'>divine</span> <span class='ocrx_word' id='word_1_200' title='bbox 871 2000 1230 2052; x_wconf 87' lang='lat' dir='ltr'>confirmacionis,</span> <span class='ocrx_word' id='word_1_201' title='bbox 1271 2001 1465 2053; x_wconf 84' lang='lat' dir='ltr'>sponsari</span> <span class='ocrx_word' id='word_1_202' title='bbox 1499 2001 1625 2053; x_wconf 85' lang='lat' dir='ltr'>capiti</span> <span class='ocrx_word' id='word_1_203' title='bbox 1660 2001 1903 2053; x_wconf 82' lang='lat' dir='ltr'>ecclesie,25</span> 
     </span>
     <span class='ocr_line' id='line_1_29' title="bbox 523 2071 1844 2124; baseline -0.001 -14"><span class='ocrx_word' id='word_1_204' title='bbox 523 2072 678 2110; x_wconf 86' lang='lat' dir='ltr'>habere</span> <span class='ocrx_word' id='word_1_205' title='bbox 734 2071 923 2111; x_wconf 89' lang='lat' dir='ltr'>fructum</span> <span class='ocrx_word' id='word_1_206' title='bbox 973 2072 1225 2124; x_wconf 89' lang='lat' dir='ltr'>penitencie,</span> <span class='ocrx_word' id='word_1_207' title='bbox 1277 2071 1478 2110; x_wconf 87' lang='lat' dir='ltr'>unionem</span> <span class='ocrx_word' id='word_1_208' title='bbox 1528 2071 1750 2110; x_wconf 86' lang='lat' dir='ltr'>eucaristie</span> <span class='ocrx_word' id='word_1_209' title='bbox 1805 2080 1844 2110; x_wconf 92' lang='lat' dir='ltr'>et</span> 
     </span>
     <span class='ocr_line' id='line_1_30' title="bbox 523 2140 1943 2194; baseline 0.001 -14"><span class='ocrx_word' id='word_1_210' title='bbox 523 2142 777 2181; x_wconf 90' lang='lat' dir='ltr'>unccionem</span> <span class='ocrx_word' id='word_1_211' title='bbox 824 2142 963 2194; x_wconf 81' lang='lat' dir='ltr'>gracie</span> <span class='ocrx_word' id='word_1_212' title='bbox 1010 2150 1319 2181; x_wconf 88' lang='lat' dir='ltr'>consummate.</span> <span class='ocrx_word' id='word_1_213' title='bbox 1367 2141 1706 2194; x_wconf 89' lang='lat' dir='ltr'>Verumptamen</span> <span class='ocrx_word' id='word_1_214' title='bbox 1754 2140 1943 2194; x_wconf 52' lang='lat' dir='ltr'>in4÷199¹⁸</span> 
     </span>
     <span class='ocr_line' id='line_1_31' title="bbox 523 2211 1842 2263; baseline 0 -13"><span class='ocrx_word' id='word_1_215' title='bbox 523 2212 799 2251; x_wconf 85' lang='lat' dir='ltr'>sacramentis</span> <span class='ocrx_word' id='word_1_216' title='bbox 834 2212 992 2251; x_wconf 90' lang='lat' dir='ltr'>nostris</span> <span class='ocrx_word' id='word_1_217' title='bbox 1025 2212 1299 2251; x_wconf 87' lang='lat' dir='ltr'>sensibilibus</span> <span class='ocrx_word' id='word_1_218' title='bbox 1334 2221 1396 2250; x_wconf 91' lang='lat' dir='ltr'>est</span> <span class='ocrx_word' id='word_1_219' title='bbox 1419 2211 1525 2250; x_wconf 92' lang='lat' dir='ltr'>ordo</span> <span class='ocrx_word' id='word_1_220' title='bbox 1549 2225 1625 2263; x_wconf 90' lang='lat' dir='ltr'>per</span> <span class='ocrx_word' id='word_1_221' title='bbox 1648 2211 1842 2251; x_wconf 90' lang='lat' dir='ltr'>accidens</span> 
     </span>
     <span class='ocr_line' id='line_1_32' title="bbox 245 2281 1839 2334; baseline 0 -14"><span class='ocrx_word' id='word_1_222' title='bbox 245 2298 303 2326; x_wconf 83' lang='lat' dir='ltr'>We</span> <span class='ocrx_word' id='word_1_223' title='bbox 324 2306 374 2326; x_wconf 75' lang='lat' dir='ltr'>are</span> <span class='ocrx_word' id='word_1_224' title='bbox 397 2303 499 2333; x_wconf 83' lang='lat' dir='ltr'>aptto</span> <span class='ocrx_word' id='word_1_225' title='bbox 524 2295 572 2320; x_wconf 80' lang='lat' dir='ltr'>ex</span> <span class='ocrx_word' id='word_1_226' title='bbox 617 2282 892 2320; x_wconf 86' lang='lat' dir='ltr'>institucione</span> <span class='ocrx_word' id='word_1_227' title='bbox 946 2282 1132 2333; x_wconf 85' lang='lat' dir='ltr'>ecclesie,</span> <span class='ocrx_word' id='word_1_228' title='bbox 1181 2282 1232 2320; x_wconf 89' lang='lat' dir='ltr'>ad</span> <span class='ocrx_word' id='word_1_229' title='bbox 1285 2294 1412 2334; x_wconf 89' lang='lat' dir='ltr'>quem</span> <span class='ocrx_word' id='word_1_230' title='bbox 1464 2281 1657 2320; x_wconf 91' lang='lat' dir='ltr'>ordinem</span> <span class='ocrx_word' id='word_1_231' title='bbox 1705 2282 1839 2334; x_wconf 87' lang='lat' dir='ltr'>magis</span> 
     </span>
     <span class='ocr_line' id='line_1_33' title="bbox 265 2334 1902 2404; baseline 0.002 -15"><span class='ocrx_word' id='word_1_232' title='bbox 265 2334 479 2396; x_wconf 48' lang='grc' dir='ltr'>Ῑέᾗῖἔὲῗοῑῖἶζρ</span> <span class='ocrx_word' id='word_1_233' title='bbox 524 2352 809 2404; x_wconf 87' lang='lat' dir='ltr'>appreciando</span> <span class='ocrx_word' id='word_1_234' title='bbox 855 2352 1119 2391; x_wconf 88' lang='lat' dir='ltr'>intendimus</span> <span class='ocrx_word' id='word_1_235' title='bbox 1166 2364 1296 2404; x_wconf 87' lang='lat' dir='ltr'>quam</span> <span class='ocrx_word' id='word_1_236' title='bbox 1338 2351 1389 2390; x_wconf 87' lang='lat' dir='ltr'>ad</span> <span class='ocrx_word' id='word_1_237' title='bbox 1430 2365 1518 2390; x_wconf 90' lang='lat' dir='ltr'>rem</span> <span class='ocrx_word' id='word_1_238' title='bbox 1557 2352 1622 2390; x_wconf 91' lang='lat' dir='ltr'>vel</span> <span class='ocrx_word' id='word_1_239' title='bbox 1655 2350 1841 2390; x_wconf 89' lang='lat' dir='ltr'>fructum</span> <span class='ocrx_word' id='word_1_240' title='bbox 1859 2360 1902 2392; x_wconf 80' lang='lat'>30</span> 
     </span>
    </p>
   </div>
   <div class='ocr_carea' id='block_1_6' title="bbox 252 2404 1842 2474">
    <p class='ocr_par' dir='ltr' id='par_1_6' title="bbox 252 2404 1842 2474">
     <span class='ocr_line' id='line_1_34' title="bbox 252 2404 1842 2474; baseline 0 -14"><span class='ocrx_word' id='word_1_241' title='bbox 252 2404 390 2431; x_wconf 72' lang='lat' dir='ltr'>outward</span> <span class='ocrx_word' id='word_1_242' title='bbox 412 2412 491 2439; x_wconf 55' lang='lat'>‘³¹3⁰&#39;</span> <span class='ocrx_word' id='word_1_243' title='bbox 524 2422 780 2461; x_wconf 89' lang='lat' dir='ltr'>sacramenti</span> <span class='ocrx_word' id='word_1_244' title='bbox 822 2421 1045 2472; x_wconf 89' lang='lat' dir='ltr'>sensibilis,</span> <span class='ocrx_word' id='word_1_245' title='bbox 1087 2431 1126 2461; x_wconf 89' lang='lat' dir='ltr'>et</span> <span class='ocrx_word' id='word_1_246' title='bbox 1158 2421 1238 2460; x_wconf 85' lang='lat' dir='ltr'>ista</span> <span class='ocrx_word' id='word_1_247' title='bbox 1271 2421 1557 2473; x_wconf 83' lang='lat' dir='ltr'>irregularitas</span> <span class='ocrx_word' id='word_1_248' title='bbox 1593 2434 1677 2474; x_wconf 89' lang='lat' dir='ltr'>qua</span> <span class='ocrx_word' id='word_1_249' title='bbox 1709 2422 1842 2473; x_wconf 84' lang='lat' dir='ltr'>magis</span> 
     </span>
    </p>
   </div>
   <div class='ocr_carea' id='block_1_7' title="bbox 522 2579 1843 2709">
    <p class='ocr_par' dir='ltr' id='par_1_7' title="bbox 522 2579 1843 2709">
     <span class='ocr_line' id='line_1_35' title="bbox 574 2579 1842 2617; baseline 0.001 -9"><span class='ocrx_word' id='word_1_250' title='bbox 574 2589 596 2608; x_wconf 87' lang='lat'>1.</span> <span class='ocrx_word' id='word_1_251' title='bbox 616 2582 646 2608; x_wconf 83' lang='lat' dir='ltr'>A</span> <span class='ocrx_word' id='word_1_252' title='bbox 671 2580 701 2607; x_wconf 91' lang='lat' dir='ltr'>in</span> <span class='ocrx_word' id='word_1_253' title='bbox 728 2587 844 2615; x_wconf 59' lang='lat' dir='ltr'>marg:</span> <span class='ocrx_word' id='word_1_254' title='bbox 869 2579 1095 2607; x_wconf 74' lang='lat' dir='ltr'>Crisostomus.</span> <span class='ocrx_word' id='word_1_255' title='bbox 1123 2579 1226 2606; x_wconf 86' lang='lat' dir='ltr'>Prima</span> <span class='ocrx_word' id='word_1_256' title='bbox 1252 2580 1424 2606; x_wconf 86' lang='lat' dir='ltr'>conclusio.</span> <span class='ocrx_word' id='word_1_257' title='bbox 1569 2587 1595 2616; x_wconf 91' lang='lat'>7.</span> <span class='ocrx_word' id='word_1_258' title='bbox 1619 2580 1645 2606; x_wconf 75' lang='lat'>8.</span> <span class='ocrx_word' id='word_1_259' title='bbox 1668 2580 1710 2607; x_wconf 84' lang='lat' dir='ltr'>B:</span> <span class='ocrx_word' id='word_1_260' title='bbox 1732 2588 1842 2617; x_wconf 79' lang='lat' dir='ltr'>quam-</span> 
     </span>
     <span class='ocr_line' id='line_1_36' title="bbox 523 2625 1843 2663; baseline -0.001 -9"><span class='ocrx_word' id='word_1_261' title='bbox 523 2636 645 2663; x_wconf 84' lang='lat' dir='ltr'>cunque</span> <span class='ocrx_word' id='word_1_262' title='bbox 667 2636 765 2663; x_wconf 81' lang='lat' dir='ltr'>spem.</span> <span class='ocrx_word' id='word_1_263' title='bbox 894 2635 927 2654; x_wconf 81' lang='lat'>11.</span> <span class='ocrx_word' id='word_1_264' title='bbox 949 2627 1021 2654; x_wconf 90' lang='lat' dir='ltr'>Ain</span> <span class='ocrx_word' id='word_1_265' title='bbox 1041 2634 1158 2660; x_wconf 56' lang='lat' dir='ltr'>marg:</span> <span class='ocrx_word' id='word_1_266' title='bbox 1180 2625 1271 2653; x_wconf 76' lang='lat' dir='ltr'>Nota.</span> <span class='ocrx_word' id='word_1_267' title='bbox 1399 2634 1436 2661; x_wconf 91' lang='lat'>¹7-</span> <span class='ocrx_word' id='word_1_268' title='bbox 1461 2626 1486 2652; x_wconf 88' lang='lat' dir='ltr'><strong>A</strong></span> <span class='ocrx_word' id='word_1_269' title='bbox 1509 2625 1538 2652; x_wconf 90' lang='lat' dir='ltr'>in</span> <span class='ocrx_word' id='word_1_270' title='bbox 1562 2633 1677 2661; x_wconf 61' lang='lat' dir='ltr'>marg:</span> <span class='ocrx_word' id='word_1_271' title='bbox 1700 2625 1843 2653; x_wconf 74' lang='lat' dir='ltr'>Secunda</span> 
     </span>
     <span class='ocr_line' id='line_1_37' title="bbox 522 2672 1841 2709; baseline -0.001 -8"><span class='ocrx_word' id='word_1_272' title='bbox 522 2674 696 2701; x_wconf 85' lang='lat' dir='ltr'>conclusio.</span> <span class='ocrx_word' id='word_1_273' title='bbox 849 2681 891 2700; x_wconf 83' lang='lat'>22.</span> <span class='ocrx_word' id='word_1_274' title='bbox 920 2675 959 2701; x_wconf 72' lang='lat' dir='ltr'>B:</span> <span class='ocrx_word' id='word_1_275' title='bbox 987 2677 1230 2709; x_wconf 79' lang='lat' dir='ltr'>consequentur.</span> <span class='ocrx_word' id='word_1_276' title='bbox 1375 2674 1420 2700; x_wconf 61' lang='lat'>20³.</span> <span class='ocrx_word' id='word_1_277' title='bbox 1443 2674 1469 2700; x_wconf 85' lang='lat' dir='ltr'><strong>A</strong></span> <span class='ocrx_word' id='word_1_278' title='bbox 1491 2673 1546 2707; x_wconf 61' lang='lat' dir='ltr'>Al:</span> <span class='ocrx_word' id='word_1_279' title='bbox 1577 2672 1710 2699; x_wconf 83' lang='lat' dir='ltr'>fructum</span> <span class='ocrx_word' id='word_1_280' title='bbox 1741 2673 1841 2700; x_wconf 80' lang='lat' dir='ltr'>finem.</span> 
     </span>
    </p>
   </div>
   <div class='ocr_carea' id='block_1_8' title="bbox 522 2720 968 2756">
    <p class='ocr_par' dir='ltr' id='par_1_8' title="bbox 522 2720 968 2756">
     <span class='ocr_line' id='line_1_38' title="bbox 522 2720 968 2756; baseline 0.002 -10"><span class='ocrx_word' id='word_1_281' title='bbox 522 2728 567 2756; x_wconf 80' lang='lat'>27.</span> <span class='ocrx_word' id='word_1_282' title='bbox 591 2720 630 2747; x_wconf 81' lang='lat' dir='ltr'>B:</span> <span class='ocrx_word' id='word_1_283' title='bbox 652 2720 755 2756; x_wconf 83' lang='lat' dir='ltr'>gracie</span> <span class='ocrx_word' id='word_1_284' title='bbox 776 2721 968 2748; x_wconf 84' lang='lat' dir='ltr'>confirmate.</span> 
     </span>
    </p>
   </div>
   <div class='ocr_carea' id='block_1_9' title="bbox 583 2836 1398 2881">
    <p class='ocr_par' dir='ltr' id='par_1_9' title="bbox 583 2836 1398 2881">
     <span class='ocr_line' id='line_1_39' title="bbox 583 2836 1398 2881; baseline -0.002 -12"><span class='ocrx_word' id='word_1_285' title='bbox 583 2848 635 2879; x_wconf 80' lang='lat'>24.</span> <span class='ocrx_word' id='word_1_286' title='bbox 663 2839 836 2881; x_wconf 75' lang='lat' dir='ltr'>baptismo</span> <span class='ocrx_word' id='word_1_287' title='bbox 866 2838 1031 2878; x_wconf 85' lang='lat' dir='ltr'>flaminis;</span> <span class='ocrx_word' id='word_1_288' title='bbox 1059 2839 1101 2869; x_wconf 83' lang='lat' dir='ltr'>cs.</span> <span class='ocrx_word' id='word_1_289' title='bbox 1129 2838 1234 2869; x_wconf 83' lang='lat' dir='ltr'>Trial.</span> <span class='ocrx_word' id='word_1_290' title='bbox 1262 2849 1293 2879; x_wconf 86' lang='lat' dir='ltr'>p.</span> <span class='ocrx_word' id='word_1_291' title='bbox 1324 2836 1398 2870; x_wconf 69' lang='lat'>285.</span> 
     </span>
    </p>
   </div>
  </div>
 </body>
</html>
