2051 3343
210 238 262 276 80
945 245 1169 277 JOHANNIS
1196 245 1390 277 WYCLIF.
1642 231 1747 289 [CAP.
1762 241 1814 268 iv.

232 359 457 423 Clo-tilgffaegslfid
556 352 616 389 Ex
647 350 733 389 istis
765 350 927 388 videtur
957 349 1070 402 quod
1096 348 1287 388 Christus
1319 362 1482 401 semper
1516 348 1648 402 diligit
1679 356 1811 388 totam
1831 357 1909 403 139b
1929 359 1966 392 H

230 431 352 468 not-be
378 429 458 464 truly
497 419 713 459 ecclesiam
744 427 791 459 ut
824 432 865 457 se
896 419 1049 471 ipsum,
1083 418 1181 471 quia
1213 418 1441 471 aliquando
1464 417 1521 457 sic
1547 417 1701 470 diliget,
1734 417 1810 456 sci-

207 465 410 527 marssiiiirctii.
431 466 479 491 me
494 490 588 529 licet
620 497 716 542 post
747 488 858 528 diem
890 487 1045 539 iudicii,
1091 488 1262 540 quando
1300 487 1488 541 regnabit
1520 500 1619 526 cum
1656 500 1706 526 eo
1746 485 1811 540 (ut

494 568 608 611 patet
647 572 694 598 ex
734 571 932 611 processu
974 557 1136 597 Cantici
1171 555 1479 612 Canticorum).
1532 557 1663 596 Aliter
1701 556 1814 596 enim

494 642 579 668 non
622 627 728 667 foret
767 641 915 667 verum
954 626 1280 666 matrimonium
1320 641 1368 666 ex
1407 626 1572 666 caritate
1612 634 1847 679 perpetua5

494 698 646 738 Christi
681 696 987 737 consencientis
1021 696 1073 735 ad
1106 696 1266 736 divinas
1298 696 1488 749 nupcias,
1522 696 1601 735 nisi
1633 709 1813 748 sponsus

493 768 565 820 qui
598 776 658 807 est
692 780 777 806 una
809 779 990 819 persona
1024 779 1122 805 cum
1155 779 1310 818 sponsa
1342 765 1480 818 ipsam
1513 765 1656 819 diligat
1694 774 1740 805 ut
1773 778 1814 804 se

492 837 646 889 ipsum.
671 837 897 889 Exemplar
916 835 1028 875 enim
1047 844 1214 888 oportet
1231 835 1382 874 habere
1401 849 1620 875 summum
1638 835 1815 887 gradum

493 906 867 957 denominacionis,
901 919 1029 959 quam
1053 905 1296 958 exemplatis
1320 905 1620 956 communicat,
1653 913 1692 944 et
1718 904 1815 944 hinc

493 977 646 1029 EpheS.
679 977 750 1027 VO,
808 977 872 1027 25,
929 976 995 1027 28,
1052 975 1221 1014 dicitur:
1287 975 1378 1015 Viri
1436 975 1602 1028 diligite
1655 987 1872 1014 uxoresm

495 1053 674 1095 vestras,
708 1046 819 1085 sicut
839 1045 1039 1085 Christus
1063 1044 1213 1085 dilexit
1235 1044 1456 1084 ecclesiam
1480 1051 1519 1084 et
1540 1045 1812 1097 semetipsum

492 1115 674 1156 tradidit
696 1129 782 1167 pro
816 1128 880 1163 ea,
915 1121 958 1153 ut
988 1127 1081 1154 eam
1106 1114 1412 1168 sanctificaret,
1452 1114 1669 1154 mundans
1692 1115 1812 1154 illam

493 1186 666 1225 lavacro
698 1198 807 1237 aque
840 1185 881 1224 in
915 1184 1044 1224 verbo
1079 1187 1174 1236 vite,
1209 1191 1251 1223 ut
1284 1185 1373 1236 ipse
1404 1184 1624 1225 exhiberet
1645 1185 1808 1238 glorio-

493 1268 584 1294 sam
608 1256 845 1306 ecclesiam,
870 1268 953 1294 non
978 1254 1200 1295 habentem
1225 1255 1437 1294 maculam
1462 1261 1536 1294 aut
1558 1268 1715 1307 rugam
1740 1260 1814 1293 aut

495 1325 662 1378 aliquid
693 1324 954 1375 huiusmodi,
989 1332 1033 1364 ut
1065 1326 1119 1364 sit
1150 1331 1304 1364 sancta
1337 1331 1376 1364 et
1416 1325 1708 1363 immaculata.
1743 1324 1811 1363 Ita
1832 1329 1868 1362 15

494 1402 532 1435 et
566 1395 650 1435 viri
680 1394 832 1434 debent
862 1394 1044 1448 diligere
1078 1407 1242 1434 uxores
1273 1406 1377 1433 suas
1418 1400 1461 1433 ut
1493 1407 1682 1445 corpora
1715 1407 1810 1433 sua.

495 1463 555 1503 Ex
593 1465 670 1504 ista
708 1463 789 1503 fide
831 1464 1033 1517 scripture
1072 1464 1122 1503 de
1154 1472 1296 1503 sancta
1328 1472 1459 1503 matre
1492 1463 1668 1503 ecclesia
1698 1471 1812 1516 patet

495 1548 591 1574 cum
625 1534 734 1573 dicto
768 1534 986 1573 correlario
1020 1534 1136 1586 quod
1158 1533 1280 1572 debet
1303 1546 1466 1586 semper
1485 1532 1655 1586 diligere
1677 1541 1811 1572 totam

495 1613 681 1644 sanctam
720 1603 937 1643 ecclesiam
976 1604 1082 1643 sicut
1122 1603 1264 1656 diliget
1296 1612 1392 1656 post
1424 1602 1535 1642 diem
1567 1602 1727 1654 iudicii;
1772 1611 1811 1642 et

495 1688 568 1727 per
604 1674 715 1713 idem
754 1687 917 1726 semper
957 1674 1046 1713 odit
1085 1686 1383 1726 quemcunque
1416 1673 1658 1726 prescitum,
1704 1672 1810 1711 sicut
1827 1688 1869 1710 20

496 1758 685 1797 unquam
717 1753 812 1796 post
845 1743 956 1782 diem
988 1742 1142 1782 iudicii.
1178 1742 1289 1782 Cum
1317 1743 1430 1782 enim
1454 1743 1565 1781 Deus
1590 1742 1712 1795 plene
1735 1742 1810 1781 scit

496 1814 664 1866 qualem
696 1812 825 1852 finem
856 1813 1100 1866 quicunque
1133 1812 1335 1866 prescitus
1369 1826 1467 1851 cum
1498 1812 1592 1864 ipso
1626 1811 1747 1851 faciet
1770 1821 1810 1851 et

496 1892 698 1936 quantam
731 1883 1012 1936 penitenciam
1042 1882 1067 1909 ἦε
1099 1891 1221 1935 agent
1260 1882 1501 1935 quicunque
1541 1881 1808 1933 predestinati
1828 1886 1903 1928 139⁶

497 1953 642 2005 casuri,
692 1953 970 2005 postmodum
1014 1960 1218 2005 perpetuo
1252 1951 1328 1990 Dei
1371 1951 1488 2003 grati,
1536 1959 1650 2003 patet
1692 1952 1809 2003 quod

497 2023 728 2062 necessario
797 2036 972 2061 omnem
1023 2021 1357 2074 predestinatum
1431 2024 1864 2073 quantumcunque25

496 2092 744 2132 criminosus
768 2091 891 2131 fuerit
928 2092 1024 2144 plus
1048 2090 1194 2143 diligit,
1219 2105 1347 2144 quam
1374 2091 1557 2143 aliquem
1585 2090 1813 2143 prescitum

495 2163 536 2201 in
570 2172 894 2216 quantacunque
923 2161 1059 2214 gracia
1082 2161 1205 2200 fuerit
1227 2161 1462 2213 temporali,
1496 2160 1594 2214 quia
1627 2160 1811 2213 primum

496 2233 727 2272 eternaliter
771 2233 860 2271 vult
903 2232 1053 2270 habere
1095 2230 1398 2270 beatitudinem
1432 2240 1471 2270 et
1502 2231 1631 2269 alium
1671 2230 1812 2283 ignem

495 2311 760 2355 perpetuum.
795 2303 991 2341 Testatur
1023 2310 1164 2340 autem
1197 2301 1401 2353 scriptura
1434 2301 1549 2353 quod
1577 2301 1689 2339 Deus
1722 2301 1810 2339 odit

495 2381 749 2425 peccatores,
799 2380 843 2411 ut
892 2380 1005 2424 patet
1048 2371 1217 2410 Psalmo
1255 2371 1326 2422 VO,
1381 2381 1424 2424 7:
1483 2369 1620 2409 Odisti
1664 2383 1810 2409 omnes
1828 2372 1868 2404 30

495 2444 568 2495 qui
600 2449 838 2494 operantur
870 2442 1149 2494 iniquitatem.

234 2533 457 2568 50bjec1iffl„
554 2512 634 2552 Sed
677 2513 813 2552 adhuc
854 2513 1030 2552 instatur
1073 2512 1223 2565 quinto
1259 2526 1332 2565 per
1365 2513 1445 2551 hoc
1481 2511 1597 2564 quod
1625 2524 1711 2550 non
1741 2522 1840 2555 ex-1

209 2568 286 2595 This
306 2568 432 2602 opinion
458 2568 481 2595 is
742 2582 765 2602 ,-
870 2582 877 2589 .
1154 2582 1159 2587 .
1384 2582 1390 2587 .
1506 2581 1512 2586 .

228 2608 279 2629 not
300 2603 469 2637 supported
497 2596 636 2634 presse
670 2582 837 2622 fulcitur
868 2591 945 2621 ista
978 2591 1188 2621 sentenCia
1221 2596 1268 2621 ex
1300 2590 1544 2621 testimonio
1568 2588 1809 2619 sanctorum

209 2637 266 2699 [ξέ
287 2638 481 2699 ἓξῐῗὲἳῖἧὲᾧ,
498 2653 721 2691 doctorum
760 2652 824 2691 vel
868 2660 981 2691 textu
1032 2651 1130 2691 iuris
1171 2651 1372 2704 canonici,
1423 2651 1510 2690 imo
1552 2650 1721 2703 fingitur
1759 2649 1811 2688 ad

556 2796 578 2814 2.
595 2787 623 2814 A
644 2789 672 2814 in
694 2795 804 2821 marg:
830 2788 969 2815 Christus
991 2788 1088 2822 diligit
1106 2792 1200 2815 totam
1219 2787 1383 2815 ecclesiam
1401 2787 1489 2814 sicud
1506 2795 1537 2814 se
1552 2787 1665 2822 ipsum.
1729 2793 1758 2820 9·
1772 2784 1810 2811 B:

499 2834 692 2868 exemplaris.
836 2842 880 2867 24.
901 2835 929 2862 A
951 2835 979 2861 in
1002 2843 1115 2869 marg:
1140 2833 1318 2862 Conclusio,
1450 2841 1499 2867 29.
1520 2833 1558 2860 13:
1580 2831 1727 2860 Testatur
1748 2836 1809 2859 aut.

499 2880 538 2906 152.
555 2881 582 2906 A
599 2880 626 2906 in
645 2888 758 2915 marga
782 2880 896 2915 Quinta
916 2880 1066 2908 obicccio.
