2051 3273
204 232 293 261 CAP.
315 220 367 279 x]
704 235 762 266 DE
788 234 1025 266 ECCLESIA.

54 353 188 386 F158¹³
203 341 284 380 sibi
322 340 576 379 restituatur
608 352 633 377 a
673 339 762 387 tali,
808 352 890 378 non
936 345 1019 377 tam
1060 338 1280 379 intendens
1306 339 1511 391 fructum

196 410 398 462 pecunie,
429 422 556 461 quam
582 415 628 448 ut
654 409 866 448 hominem
895 408 1089 462 corrigat
1110 410 1181 448 cui
1210 409 1384 448 indubie
1408 422 1512 461 per-

204 480 410 519 niciosum
444 485 507 518 est
527 478 731 526 detinere,
765 491 859 516 cum
893 478 1047 517 haheat
1079 478 1190 516 unde
1221 477 1398 526 reddat;
1429 492 1512 517 non

201 549 339 588 solum
386 561 469 587 non
511 548 709 600 peccabit
752 548 826 587 sed
856 547 1057 600 proderit
1092 548 1331 599 plurimum
1377 549 1511 587 eciam

169 618 406 669 5dehit0ri,-
441 618 568 657 aliter
599 618 710 657 enim
743 617 842 657 dum
867 618 1055 657 alienam
1081 618 1314 669 pecuniam
1345 618 1512 657 lucrum

204 687 475 741 vultfacere,
497 683 1082 740 dampnumfide'ipacietur.
1108 687 1219 727 Cum
1242 701 1339 740 ergo
1369 700 1514 726 sensus

202 766 419 810 pretensus
462 756 586 795 huius
617 756 822 809 privilegii
862 756 1042 796 excludit
1080 757 1187 796 hanc
1225 757 1513 808 elemosinam,

203 840 300 866 cum
322 825 504 879 protegit
526 825 805 866 indifferenter
826 835 1044 879 potentem
1067 836 1106 866 et
1137 827 1353 866 nolentem
1380 825 1513 865 aliena

202 896 372 935 reddere
406 909 534 948 quam
558 895 689 934 eciam
710 896 990 948 inpotentem,
1012 895 1287 935 manifestum
1316 905 1377 935 est
1399 896 1513 949 quod

148 990 187 1012 10
202 965 323 1018 ponit
354 965 622 1005 obstaculum
651 965 803 1017 regulis
836 965 1025 1005 caritatis.

1721 227 1799 263 213

103 1050 140 1084 G
160 1051 187 1084 2
259 1036 336 1074 Per
365 1035 442 1074 hec
473 1043 587 1087 patet
609 1035 829 1087 responsio
862 1036 911 1074 ad
942 1036 1189 1086 secundum,
1223 1049 1320 1074 cum
1354 1034 1514 1074 dictum
1545 1040 1657 1075 Money
1694 1041 1780 1068 debffi

1528 1084 1597 1111 inay
1618 1076 1655 1103 bc
1671 1076 1800 1102 chn1ncd

203 1103 356 1144 Christi
377 1104 620 1156 intelligitur
643 1105 693 1144 de
725 1105 865 1144 debito
895 1105 1015 1157 culpe
1048 1104 1165 1144 cuius
1197 1103 1513 1144 satisfactoriam
1527 1110 1607 1138 from
1626 1111 1713 1137 those
1734 1113 1802 1137 who

203 1174 468 1213 solucionem
500 1174 638 1213 omnis
669 1174 916 1214 christianus
947 1184 1112 1214 tenetur
1142 1174 1356 1213 humiliter
1386 1173 1512 1213 iudici

202 1256 401 1295 supremo
434 1242 657 1283 remittere.
691 1243 734 1283 Si
767 1244 879 1283 enim
901 1244 1199 1297 intelligeretur
1231 1245 1279 1282 de
1305 1243 1513 1295 corporali

151 1312 357 1363 15debito,
401 1321 503 1352 tunc
548 1326 696 1352 omnes
740 1313 923 1365 religiosi
967 1313 1263 1366 possessiouati
1301 1323 1341 1352 et
1378 1312 1512 1352 clerici

201 1390 440 1422 tenerentur
471 1395 518 1420 ex
540 1382 756 1435 privilegio
780 1382 933 1422 Christi
957 1396 1042 1436 quo
1071 1382 1250 1435 amplius
1274 1382 1514 1434 obligantur

201 1453 289 1491 eius
321 1451 505 1491 consiliis
545 1461 584 1491 et
621 1452 840 1504 preceptis,
878 1453 1088 1492 remittere
1131 1462 1172 1492 et
1210 1466 1296 1491 non
1328 1460 1512 1505 repetere

201 1534 327 1560 omne
358 1521 415 1560 eis
452 1521 642 1561 debitum
680 1522 916 1573 corporale;
961 1531 1000 1561 et
1031 1530 1171 1561 tamen
1213 1522 1363 1561 dicitur
1394 1522 1512 1575 quod

202 1591 289 1629 sine
319 1590 603 1630 misericordia
642 1591 811 1644 exigunt
850 1591 981 1631 eciam
1017 1592 1068 1631 ab
1105 1591 1393 1644 inpotentibus
1430 1591 1511 1631 tale

145 1685 187 1707 20
203 1660 390 1700 debitum
423 1674 496 1712 per
530 1660 769 1699 exacciones
793 1661 995 1700 seculares
1027 1671 1067 1701 et
1098 1661 1392 1701 ecclesiasticas
1415 1675 1510 1700 cen-

201 1743 315 1770 suras
347 1729 563 1768 ardencius
596 1743 726 1782 quam
758 1730 919 1769 domini
950 1731 1165 1770 seculares.
1199 1732 1297 1770 Non
1329 1744 1428 1783 ergo
1452 1740 1512 1770 est

202 1800 258 1838 eis
290 1799 556 1851 privilegium
596 1799 735 1838 fovere
772 1800 912 1839 hostes
952 1800 1135 1851 ecclesie,
1179 1814 1231 1839 ne
1276 1801 1351 1839 sibi
1391 1800 1509 1839 satis-

202 1868 367 1919 faciant,
401 1882 499 1908 cum
521 1878 662 1908 tamen
685 1868 906 1921 sufficiant,
940 1869 1036 1923 quia
1061 1868 1125 1925 (ut
1148 1870 1246 1909 alias
1270 1869 1371 1926 dixi)
1395 1872 1509 1910 Deus

202 1952 288 1978 non
320 1947 458 1990 potest
479 1938 697 1978 licenciare
719 1939 952 1990 hominem,
986 1948 1032 1979 ut
1055 1949 1189 1979 servet
1213 1941 1401 1980 debitum
1424 1941 1509 1979 sine

144 2021 184 2053 25
200 2008 281 2047 hoc
313 2008 427 2061 quod
460 2007 681 2047 satisfaciat
713 2008 860 2047 saltem
892 2010 995 2060 Deo,
1040 2010 1138 2062 quia
1180 2010 1255 2048 uisi
1289 2010 1510 2050 satisfaciat

199 2077 466 2116 restitucione
498 2077 563 2116 vel
594 2077 806 2116 meritoria
834 2078 1075 2131 punicione,
1109 2089 1169 2119 est
1201 2080 1509 2132 dampnandus.

200 2147 313 2185 Deus
345 2155 487 2186 autem
518 2160 605 2186 non
643 2156 783 2200 potest
820 2148 1036 2187 licenciare
1076 2149 1293 2188 hominem
1333 2150 1384 2188 ad
1415 2163 1510 2202 pec-

201 2217 403 2268 candum3
446 2216 527 2255 hoc
574 2225 717 2256 autem
763 2216 869 2257 foret
918 2217 1187 2271 privilegium
1230 2219 1299 2258 tali
1342 2218 1511 2258 ecclesie

111 2298 186 2330 1580
201 2286 316 2338 quod
348 2285 515 2325 haberet
554 2300 577 2325 a
620 2286 705 2325 suis
744 2285 1203 2339 patronisssseculares
1248 2288 1416 2327 divicias
1460 2289 1511 2327 ad

141 2368 184 2400 30
200 2354 525 2394 ministrandum
576 2355 758 2409 fugitivis
808 2357 1113 2410 impotentibus
1165 2372 1206 2397 se
1266 2358 1418 2410 iuvare,
1473 2368 1512 2397 et

201 2424 428 2478 (quantum
460 2424 632 2464 facultas
664 2424 867 2481 suppetit)
901 2440 978 2480 pro
1010 2428 1109 2479 ipsis
1141 2427 1367 2479 restituere,
1413 2428 1511 2480 quia

199 2494 281 2532 hoc
313 2504 479 2534 sonaret
500 2494 712 2547 utrimque
735 2496 775 2534 in
800 2509 908 2548 opus
930 2496 1225 2548 misericordie,
1259 2511 1345 2536 non
1369 2507 1510 2537 autem

200 2562 387 2603 defensio
451 2564 737 2619 cuiuscunque
799 2565 963 2618 fugitivi
1025 2566 1334 2619 quantumlibet
1389 2581 1509 2607 exco-

253 2766 274 2786 1.
299 2759 344 2786 A:
364 2758 506 2786 intendes
526 2759 583 2793 Ax:
603 2758 804 2786 intendendo.
866 2792 877 2801 ,
944 2760 970 2788 5.
988 2761 1026 2788 A.
1042 2762 1100 2796 A‚:
1121 2761 1208 2789 aliter
1229 2762 1309 2789 enim
1326 2777 1357 2780 —
1372 2761 1510 2796 pacietur

201 2805 295 2832 deest,
437 2812 476 2831 21.
496 2805 525 2832 A
545 2804 575 2832 in
596 2812 711 2840 marg:
743 2803 922 2832 Conclusio.
1065 2815 1109 2843 27.
1132 2807 1250 2835 Codd.:
1283 2809 1363 2835 bens
1387 2812 1507 2841 autenm

201 2851 330 2879 rectius:
352 2852 434 2879 Deus
456 2851 548 2879 enim.

1595 1153 1650 1172 can
1672 1154 1740 1181 pay.
