2051 3273
181 236 261 276 302
903 241 1125 274 JOHANNJS
1150 239 1346 273 WYCLIF.
1568 227 1673 285 [CAP.
1694 238 1776 266 x1v.

468 347 635 396 Christi,
689 360 771 399 qua
821 346 1053 385 temeritate
1106 344 1398 398 sompniarent
1449 345 1595 384 discoli
1657 345 1779 384 istam
1801 353 1929 399 171¹‘B

467 412 795 469 blasphemiam?

179 497 208 524 If
227 496 330 524 Christ
352 495 443 534 could
526 487 623 525 Ideo
658 483 722 539 (ut
756 498 852 537 sepe
887 484 1033 523 diffuse
1067 482 1259 538 exposui)
1295 483 1485 524 Christus
1517 497 1604 523 non
1643 486 1821 538 potuit4

175 531 451 617 iigivssiziiihcilsvi'eigffi
468 555 675 595 dominari
708 554 893 605 civiliter,
926 554 1147 606 quomodo
1182 566 1279 605 ergo
1313 554 1481 593 doceret
1513 567 1652 593 servos
1686 554 1778 593 imi-

206 606 293 627 vams
315 600 354 627 do
375 607 423 625 ὅθ’
467 634 618 665 tatores
651 624 872 677 precipuos
904 623 1040 662 taliter
1072 620 1302 662 dominari?
1348 624 1500 662 Nonne
1533 623 1630 662 dicit
1662 627 1814 676 Apo—5

468 695 613 745 stolus,
632 694 685 733 lla
707 692 1040 743 Corinthiorum,
1059 692 1186 744 V1110,
1210 707 1247 745 9,
1272 693 1386 746 quod
1401 706 1486 745 pro
1510 694 1631 732 nobis
1661 693 1782 746 inops

469 774 507 804 et
529 777 690 817 egenus
710 763 865 817 factus
894 760 977 802 est?
1001 787 1050 790 »ἢ
1074 763 1226 802 Nonne
1258 762 1399 802 recitat
1423 763 1639 816 apostolus
1664 763 1781 815 Thy-

469 833 641 873 motheo
658 847 735 872 suo
753 832 1005 885 coepiscopo
1025 832 1053 883 I,
1074 832 1187 871 Tim.
1205 832 1294 883 V10‚
1312 833 1355 871 8:
1380 832 1616 883 Habentes,
1633 832 1782 884 inquit,

469 904 674 943 alimenta
707 909 747 943 et
777 902 931 955 quibus
968 909 1172 955 tegamur
1210 901 1287 941 lziis
1326 903 1510 942 contenti
1541 898 1701 942 simus?
1742 901 1782 940 Si

470 987 566 1026 ergo
601 973 651 1013 sit
684 972 944 1025 blasphemia
983 972 1199 1025 imponere
1233 971 1402 1012 Christo
1437 973 1550 1026 quod
1591 971 1663 1012 sibi
1699 985 1784 1011 non
1807 991 1844 1013 κο

470 1051 608 1094 potest
642 1051 877 1095 conpetere,
918 1050 957 1081 et
996 1041 1061 1096 (ut
1093 1056 1190 1095 sepe
1224 1042 1408 1082 ostendit
1446 1042 1645 1082 dominus
1677 1041 1783 1080 Ard-

470 1110 687 1166 macanus)
744 1125 830 1151 non
875 1120 1013 1164 potest
1055 1121 1291 1164 competere
1336 1111 1501 1152 Christo
1546 1111 1785 1151 dominacio

474 1181 614 1233 civilis,
635 1195 732 1221 cum
746 1181 871 1221 trahit
893 1195 1036 1221 secum
1060 1182 1109 1221 de
1132 1190 1277 1221 natura
1300 1181 1357 1221 rei
1380 1190 1600 1234 peccatum
1614 1181 1786 1232 veniale,

471 1265 554 1304 qua
588 1251 722 1291 fronte
745 1259 1004 1304 presumeret
1025 1250 1158 1290 fidelis
1182 1251 1400 1304 imponere
1433 1251 1685 1303 redemptori
1709 1265 1786 1290 suo

471 1321 593 1360 istam
625 1321 945 1374 blasphemiam,
991 1321 1223 1374 specialiter
1256 1335 1353 1361 cum
1392 1335 1467 1361 nec
1507 1335 1553 1360 ex
1587 1320 1844 1373 scriptura15

470 1391 618 1430 veteris
641 1391 879 1430 testamenti
899 1404 973 1430 nec
997 1391 1096 1430 novi
1121 1391 1171 1430 sit
1194 1391 1418 1430 fundabilis
1437 1391 1529 1431 talis
1548 1389 1787 1429 dominacio

473 1460 567 1500 cleri
601 1458 776 1500 Christi?
809 1460 852 1500 Si
884 1461 997 1500 enim
1031 1461 1081 1500 sit
1104 1460 1327 1500 fundabilis
1357 1461 1467 1500 dicas
1490 1458 1584 1500 ubi?
1608 1461 1660 1499 Et
1693 1473 1789 1499 cum

472 1544 559 1570 non
592 1531 643 1570 sit
675 1530 954 1570 contradiccio
988 1530 1029 1569 in
1063 1530 1265 1583 scriptura
1287 1544 1413 1581 sacra,
1447 1538 1613 1583 oportet
1645 1530 1789 1569 tollere

472 1601 582 1653 leges
614 1600 761 1640 veteris
792 1600 1030 1641 testamenti
1072 1609 1111 1640 et
1143 1600 1242 1639 novi
1274 1614 1356 1653 que
1394 1608 1545 1639 sonant
1576 1599 1619 1638 in
1653 1613 1788 1652 oppo-

474 1670 616 1722 situm,
649 1679 695 1710 ut
726 1679 839 1723 patet
862 1671 912 1709 de
944 1670 1023 1708 illis
1045 1669 1205 1722 legibus
1228 1670 1411 1723 allegatis
1435 1669 1501 1709 hic
1533 1679 1572 1709 et
1594 1668 1789 1722 proximo
1809 1689 1848 1710 20

474 1741 670 1794 capitulo.
704 1741 862 1780 Ymmo
887 1753 984 1779 cum
1006 1740 1117 1793 leges
1140 1749 1185 1780 ut
1207 1740 1300 1793 plus
1323 1739 1348 1767 ³³⁶
1371 1739 1597 1779 necessarie
1620 1747 1718 1778 sunt
1748 1738 1790 1777 in
1812 1751 1887 1790 ιγιο

475 1811 676 1863 scriptura
720 1823 833 1849 sacra
880 1809 1027 1849 clarius
1073 1818 1307 1863 expressate
1353 1808 1417 1864 (ut
1460 1817 1573 1862 patet
1606 1809 1696 1860 IV0,
1730 1809 1791 1847 De

474 1881 674 1920 Doctrina
698 1878 966 1934 Christiana),
994 1893 1197 1933 magnum
1226 1879 1438 1919 defectum
1469 1879 1705 1931 imponeret
1736 1877 1791 1916 sic

476 1950 653 2003 opinans
687 1950 842 1989 auctori
878 1949 1079 2002 scripture
1111 1950 1227 2003 quod
1251 1949 1398 1988 nullibi
1428 1948 1621 2001 exprimit
1653 1947 1790 1987 domi-

476 2021 697 2060 nacionem
731 2020 845 2059 illam
878 2029 964 2059 tam
997 2019 1272 2059 necessariam
1306 2033 1378 2059 sue
1412 2018 1593 2059 ecclesie.
1811 2027 1849 2060 25

186 2093 289 2122 Christ
304 2093 394 2121 could
411 2098 463 2121 not
536 2091 653 2142 Item,
685 2089 875 2129 Christus
910 2103 995 2128 non
1032 2089 1170 2142 potuit
1204 2089 1411 2128 dominari
1446 2088 1618 2128 civiliter
1647 2098 1834 2130 secun-5
1862 2097 1893 2130 o

209 2129 276 2156 rule
297 2129 393 2155 either
414 2129 444 2156 in

192 2163 457 2225 lssissfflgffiffidof
477 2161 581 2200 dum
642 2159 839 2199 deitatem
891 2172 965 2198 nec
1024 2159 1257 2198 secundum
1314 2157 1634 2208 humanitatem,
1698 2170 1794 2210 ergo

186 2238 326 2294 oggltoeffi
343 2233 457 2294 ῒξνιῂίἱοῆι
478 2243 564 2269 non
602 2229 742 2282 potuit
786 2228 991 2268 dominari
1039 2228 1210 2267 civiliter
1248 2228 1389 2282 quoad
1435 2227 1644 2266 deitatem.
1699 2227 1795 2265 Non

185 2287 201 2302 δ
291 2285 296 2294 ‘
333 2288 339 2302 7

186 2302 463 2364 vgffngtmbffmiffie
479 2308 538 2339 est
583 2299 762 2338 dubium
804 2298 929 2351 fideli,
975 2313 1073 2338 cum
1116 2299 1350 2338 secundum
1387 2297 1500 2336 illam
1540 2310 1626 2336 non
1659 2304 1797 2349 potest

293 2371 361 2404 ΗΜ
478 2383 565 2408 esse
602 2367 760 2407 activus
804 2368 938 2408 viator
977 2368 1275 2421 proprietarius
1312 2368 1377 2407 vel
1408 2381 1501 2420 pars
1539 2366 1685 2419 populi
1720 2379 1794 2405 nec
1811 2377 1853 2409 30

478 2439 711 2478 secundum
736 2452 855 2478 suam
888 2438 1209 2489 humanitatem,
1243 2437 1326 2476 sive
1360 2438 1472 2476 solus
1496 2435 1618 2475 fuerit
1647 2435 1793 2482 homo,

477 2508 561 2547 sive
593 2508 633 2546 in
668 2522 774 2561 puro
817 2517 923 2548 statu
972 2508 1216 2547 innocencie
1255 2521 1352 2547 cum
1393 2516 1483 2546 toto
1522 2519 1598 2545 suo
1632 2518 1795 2557 genere,

478 2577 562 2616 sive
601 2588 698 2631 post
741 2579 908 2631 lapsum
952 2578 1043 2630 ipso
1088 2578 1227 2630 posito
1274 2577 1406 2630 capite
1445 2575 1614 2615 ecclesie
1654 2583 1699 2614 ut
1739 2582 1798 2613 est

478 2649 622 2697 modo,
657 2649 823 2688 duobus
857 2648 995 2687 modis
1019 2647 1224 2700 prioribus
1249 2660 1334 2686 non
1364 2646 1470 2685 foret
1502 2644 1687 2695 civilitas,
1722 2657 1796 2682 nec

478 2717 605 2756 tercio
639 2718 770 2757 modo
804 2717 909 2757 foret
947 2718 1035 2770 ipse
1075 2726 1162 2757 tam
1194 2715 1504 2769 proprietarius.
1561 2715 1641 2753 Pro
1676 2713 1798 2752 cuius
1818 2723 1857 2755 35

531 2865 558 2891 Η,
582 2865 623 2891 A:
641 2865 677 2891 ad
693 2864 775 2892 Tim.
866 2872 909 2898 27.
931 2865 974 2892 A:
997 2865 1141 2892 deitatem
1157 2864 1317 2898 deitatc1n;
1338 2864 1395 2898 Al:
1421 2862 1610 2890 divinitatem
1644 2861 1800 2889 deitatem.
