2051 3273
245 263 334 293 CAP.
354 253 410 311 x.]
736 267 796 298 DE
823 266 1056 298 ECCLESIA.

93 383 127 414 A
150 380 228 425 157¹³
244 371 507 424 privilegium
540 383 785 410 concessum
819 371 868 409 ab
903 371 1069 421 Edgaro
1103 378 1141 409 et
1174 378 1318 409 sancto
1350 370 1557 408 Edwardo

213 439 495 488 1c0nfessore‚
550 452 798 480 concessum
832 437 1042 493 (inquam)
1076 438 1152 477 sibi
1186 447 1224 478 et
1269 438 1437 478 ecclesie
1481 440 1557 478 sub

1766 258 1843 295 205

243 509 318 548 hac
357 509 511 549 forma:
567 510 821 563 Cognoscat,
869 508 1005 561 inquit
1054 508 1256 560 Edgarus‚
1302 508 1557 561 magnitudo
1597 516 1819 545 westminster

1631 551 1794 587 privileges

242 591 316 618 seu
350 580 511 619 utilitas
544 586 683 618 vestra
711 591 838 630 quam
863 577 1148 617 discernimus
1170 585 1208 618 et
1232 579 1275 617 in
1293 584 1555 630 perpetuum
1571 587 1697 621 granted
1725 586 1765 622 by
1785 586 1846 614 Ed-

210 659 496 691 5nzansurum
545 649 739 688 iubemus
783 654 908 700 atque
951 649 1260 699 constituimus,
1301 655 1345 687 ut
1371 660 1456 699 pro
1489 661 1555 687 re-

245 720 441 758 verencia
486 719 771 771 reliquiarum
819 718 1124 771 gloriosissimi
1156 719 1338 770 apostoli
1369 717 1483 756 Petri
1520 724 1560 756 et

243 790 381 841 quiete
406 789 710 828 monachorum
746 788 898 827 ibidem
923 789 1016 828 Deo
1038 787 1384 841 famulancium,
1418 788 1558 827 honor

243 866 280 897 et
312 860 408 897 laus
442 858 575 897 eidem
601 859 776 897 ecclesie
800 858 1023 909 habeatur,
1048 865 1092 897 ut
1125 859 1317 911 quisquis
1337 856 1557 911 fugitivo-

243 941 338 967 rum
386 941 470 980 pro
525 928 709 980 quolibet
760 929 923 967 scelere
970 928 1028 967 ad
1068 929 1290 982 prefatam
1337 927 1556 967 basilicam

190 1017 228 1037 10
242 999 380 1037 sancti
411 998 525 1036 Petri
545 997 734 1050 fugiens
765 999 1035 1049 precinctum
1070 998 1161 1037 eius
1193 998 1433 1048 intraverit,
1470 999 1558 1036 sive

235 1068 370 1119 pedes
413 1069 478 1106 vel
516 1067 729 1119 pedester,
761 1068 848 1107 sive
882 1080 1008 1120 eques
1042 1067 1109 1106 vel
1140 1073 1350 1120 equester,
1389 1068 1476 1106 sive
1509 1067 1559 1105 de

244 1138 367 1176 curia
413 1138 558 1190 regali
600 1139 687 1177 sive
732 1137 783 1176 de
826 1138 996 1177 civitate
1039 1150 1113 1176 seu
1158 1138 1274 1183 villa,
1307 1149 1382 1175 seu
1416 1139 1557 1176 cuius-

243 1220 408 1258 cunque
456 1207 722 1246 condicionis
758 1209 825 1257 sit,
861 1220 1114 1260 quocunque
1146 1207 1300 1246 delicto
1333 1206 1558 1260 facinoris

243 1283 393 1315 contra
439 1290 516 1316 nos
560 1278 625 1315 vel
667 1290 916 1316 succesores
950 1290 1078 1330 reges
1108 1277 1267 1329 Anglie
1301 1277 1366 1315 vel
1405 1283 1557 1315 contra

190 1346 375 1386 15alium
423 1347 651 1398 quemlibet
668 1346 848 1398 fidelem
883 1353 1030 1385 sancte
1063 1346 1238 1385 ecclesie
1258 1345 1382 1399 foris
1403 1346 1558 1399 factus

242 1416 308 1465 sit,
354 1417 579 1455 relaxetur
623 1423 661 1455 et
706 1416 914 1455 liberetur
958 1423 996 1455 et
1043 1417 1170 1455 vitam
1206 1422 1333 1469 atque
1367 1415 1558 1455 membra

243 1485 400 1537 absque
433 1486 521 1524 ulla
555 1486 903 1526 contradiccione
937 1487 1138 1537 optineat.
1188 1486 1392 1525 Preterea
1428 1486 1557 1525 inter—

244 1556 463 1594 minamur
506 1555 651 1595 divina
684 1558 938 1595 anctoritate
972 1563 1012 1595 et
1044 1563 1205 1608 nostra,
1240 1563 1282 1595 ut
1315 1569 1449 1608 neque
1484 1569 1559 1595 nos

244 1638 377 1677 neque
408 1639 679 1665 successores
713 1627 848 1666 nostri
891 1639 1024 1678 neque
1058 1627 1172 1665 ullus
1211 1627 1438 1678 episcopus
1485 1640 1559 1666 nec

187 1696 483 1747 zoquicunque
529 1696 642 1735 alius
693 1696 745 1734 de
796 1695 1026 1734 iudiciaria
1065 1702 1277 1747 potestate
1323 1697 1365 1735 in
1420 1698 1556 1748 szam

241 1771 432 1803 sanctam
479 1766 701 1804 basilicam
748 1766 815 1804 uel
858 1766 899 1803 in
945 1772 1168 1803 manentes
1201 1766 1242 1803 in
1277 1767 1372 1817 ipsa
1408 1767 1474 1804 vel
1516 1767 1558 1805 in

241 1834 434 1874 homines
465 1837 537 1887 qui
567 1849 662 1874 cum
694 1848 774 1874 sua
796 1835 1043 1874 substancia
1079 1836 1147 1874 vel
1177 1836 1303 1875 rebus
1335 1835 1391 1874 ad
1422 1837 1557 1887 ipsam

240 1904 413 1944 tradere
448 1906 511 1943 vel
543 1905 753 1944 devovere
776 1918 821 1944 se
845 1906 1068 1951 voluerint,
1094 1906 1176 1944 nisi
1190 1919 1274 1957 per
1298 1906 1557 1944 voluntatem

241 1975 404 2013 abbatis
437 1981 472 2013 et
504 1988 682 2014 suorum
720 1975 1042 2025 monachorum,
1091 1975 1223 2013 ullam
1262 1988 1450 2028 unquam
1485 1976 1558 2014 Iza-

186 2047 226 2078 25
243 2045 368 2082 beant
393 2051 659 2097 potestatem,
694 2046 770 2085 sed
791 2046 844 2084 sit
875 2045 950 2083 hec
973 2051 1111 2083 mater
1139 2046 1317 2084 ecclesia
1352 2046 1489 2085 libera
1522 2053 1560 2084 et

243 2114 439 2153 absoluta
473 2114 525 2152 ab
558 2115 673 2153 omni
700 2115 923 2153 invasione
955 2115 1023 2153 vel
1054 2114 1346 2165 inquietudine
1370 2115 1557 2155 omnium

243 2184 460 2223 hominum
507 2185 801 2237 cuiuscunque
844 2184 1011 2223 ordinis
1055 2185 1122 2223 vel
1165 2186 1406 2235 potestatis.
1476 2184 1557 2224 Ob—

242 2266 463 2293 secramus
505 2255 641 2292 eciam
676 2267 823 2293 omnes
853 2266 1124 2293 successores
1157 2261 1328 2294 nostros
1360 2268 1485 2308 reges
1520 2261 1560 2294 et

295 2446 325 2469 4.
355 2437 387 2463 ln
416 2441 515 2463 carta:
548 2436 752 2463 decernimus.
896 2445 924 2471 7.
958 2436 1018 2463 ibi:
1049 2441 1076 2462 et
1103 2445 1158 2471 pro
1186 2437 1297 2472 quiete.
1440 2437 1467 2464 ὃ.
1498 2437 1556 2464 ibi:

245 2483 382 2510 eiusdem
404 2483 532 2509 ecclesie
554 2483 701 2510 habeatur
721 2482 750 2509 id
771 2487 818 2509 est
838 2487 878 2509 ut.
1026 2491 1065 2510 ιο.
1088 2483 1169 2510 ibid:
1202 2484 1281 2510 beati
1309 2484 1440 2518 apostoli
1468 2484 1557 2511 Petri.

245 2537 282 2556 12.
300 2528 384 2557 13.1n
406 2530 496 2556 codd.
515 2529 584 2556 villa
599 2529 826 2564 cuiuscunque;
842 2529 961 2556 correxi
983 2539 997 2556 e
1019 2529 1196 2565 privilegio;
1217 2530 1287 2557 vide
1309 2530 1386 2557 Cod.
1409 2531 1469 2564 dipl
1492 2539 1555 2558 aev.

244 2576 314 2604 Sax.
344 2576 380 2611 11,
411 2575 479 2603 366.
624 2575 660 2602 13.
691 2575 723 2602 In
751 2575 843 2602 codd.
865 2575 1053 2603 facinoriter.
1083 2576 1171 2603 Coria
1194 2585 1208 2602 e
1230 2577 1308 2611 priv.
1452 2584 1494 2603 22.
1520 2577 1556 2604 ad

244 2623 343 2657 ipsam
365 2622 394 2649 in
416 2622 506 2649 codd.
529 2622 624 2648 deest.
640 2622 758 2649 Addidi
778 2630 792 2647 e
815 2622 892 2656 priv.
1036 2630 1081 2656 27.
1103 2623 1148 2649 vel
1171 2623 1350 2657 potestatis;
1372 2623 1466 2650 adde:
1490 2631 1557 2649 esse

243 2669 415 2696 videantur.

306 2764 333 2795 3.
362 2765 485 2806 Comp.
512 2770 584 2794 tom
613 2764 651 2804 ΙΙ,
680 2774 755 2806 pag.
791 2763 867 2796 363.
900 2765 986 2796 Cod.
1021 2765 1165 2806 diplom.
1200 2765 1272 2796 aevi
1302 2764 1461 2796 Saxonici
1489 2764 1556 2806 (ed.

245 2819 418 2865 Kemble).
457 2821 603 2852 Kemble
629 2821 723 2863 gives
750 2821 808 2853 the
841 2828 937 2853 exact
962 2822 1079 2853 words
1108 2822 1147 2854 of
1170 2821 1228 2853 the
1259 2828 1395 2864 greater
1421 2829 1496 2865 part
1522 2823 1562 2854 of

246 2879 314 2910 this
340 2879 484 2910 charter.

1675 629 1740 656 gas,
