2051 3273
222 235 306 263 CAP.
338 225 424 283 xv]
723 239 782 270 DE
811 239 1043 270 ECCLESIA.
1741 230 1818 270 353

64 342 434 397 31782catholicas
479 351 518 381 et
564 342 810 395 approbavit
855 351 1035 395 quatuor
1084 342 1242 380 hereses
1289 342 1527 393 cardinales,
1561 351 1629 378 who
1651 355 1807 393 approved

211 411 317 451 sicut
349 411 433 450 vidi
478 419 672 451 notatum
714 411 758 449 in
801 411 984 464 quadam
1018 410 1193 463 epistola
1225 410 1445 450 maledicta
1478 411 1527 449 ab
1569 385 1793 450 fmiiefeasigssiml

210 481 395 533 homine,
448 481 519 520 sed
569 495 592 519 a
643 480 811 519 nemine
863 480 1093 532 reprobata.
1147 480 1233 519 Nec
1284 479 1528 519 horreamus

211 550 555 589 malediccionem
587 549 846 600 huiusmodi,
880 563 977 588 cum
1008 548 1153 588 veritas
1187 548 1277 601 ipsa
1309 556 1368 587 est
1399 549 1527 588 male-

177 620 318 662 5dicta
350 620 536 672 pendens
558 619 601 657 in
625 632 744 658 cruce
786 617 851 672 (ut
882 627 999 658 notat
1031 619 1264 670 Apostolus
1298 618 1403 658 Gall.
1438 619 1526 669 1110,

209 698 248 728 et
291 688 463 741 exponit
506 688 754 727 Ambrosius
800 687 974 740 epistola
1016 685 1305 742 XXXVHIva).
1350 688 1460 726 Nam
1504 702 1526 727 a

208 757 351 797 multis
385 757 534 797 dicitur
566 757 820 797 catholicum
853 770 926 810 per
958 771 1055 796 eum
1089 758 1204 810 quod
1237 771 1286 796 eo
1319 757 1411 809 ipso
1439 770 1524 810 quo
1556 764 1647 802 Many
1667 775 1721 803 say
1740 768 1761 795 it
1781 769 1806 796 is

208 827 295 879 ipse
327 827 390 865 vel
422 827 526 866 alius
550 840 659 879 papa
682 827 900 865 Romanus
932 826 1140 878 pretendit
1167 840 1209 865 se
1238 826 1523 879 quovismodo
1539 800 1817 870 {foffetiiaiuhassiihde

210 897 368 935 solvere
399 896 465 935 vel
495 896 633 949 ligare,
669 909 718 935 eo
760 895 851 948 ipso
905 895 961 934 sic
1000 896 1125 935 solvit
1161 896 1226 935 vel
1269 895 1381 949 ligat,
1428 909 1525 935 cum
1550 878 1586 897 or
1606 871 1747 941 ,0315ῑῆξὸ
1768 874 1804 900 he

157 985 193 1006 10
210 966 297 1005 eius
320 965 567 1018 oppositum
603 974 823 1018 tamquam
855 965 1223 1004 sceleratissimum
1246 965 1297 1005 sit
1319 966 1523 1018 dampna-

208 1044 313 1074 tum.
348 1035 401 1074 Et
431 1036 566 1075 audeo
601 1035 732 1074 dicere
767 1034 883 1088 quod
927 1048 949 1073 a
982 1043 1174 1087 tempore
1207 1035 1342 1088 prime
1375 1034 1524 1074 funda—

209 1104 338 1144 cionis
371 1105 563 1144 Romane
597 1104 765 1144 ecclesie
805 1118 891 1143 non
926 1104 1003 1143 fuit
1033 1112 1118 1143 tam
1153 1103 1372 1144 manifesta
1417 1105 1522 1143 anti-

207 1173 424 1213 christiana
447 1174 599 1214 heresis
622 1182 707 1213 tam
729 1174 895 1226 publice
924 1174 1200 1226 proclamata3
1234 1187 1332 1212 nam
1364 1175 1522 1213 nedum
1567 1183 1619 1211 but
1640 1184 1697 1212 mis
1718 1185 1742 1212 is
1763 1195 1779 1214 a

206 1243 407 1296 scriptura
439 1257 550 1283 sacra
584 1244 654 1283 sed
685 1244 796 1296 leges
819 1243 988 1295 papales
1012 1252 1217 1282 testantur
1239 1244 1354 1296 quod
1377 1244 1522 1282 Petrus
1615 1221 1734 1256 neresy.

154 1321 246 1356 15et
268 1326 414 1352 omnes
437 1326 695 1352 successores
728 1313 791 1352 sui
825 1326 954 1351 errare
988 1321 1193 1365 poterant,
1226 1321 1311 1351 tarn
1353 1312 1394 1351 in
1427 1326 1520 1351 exe-

207 1382 378 1422 cucione
409 1383 588 1422 clavium
627 1397 754 1436 quam
788 1383 919 1422 eciam
957 1382 998 1420 in
1030 1382 1096 1421 via
1124 1396 1308 1433 morum,
1341 1383 1456 1435 quod
1490 1382 1522 1421 si

206 1451 338 1491 dictus
373 1452 597 1504 Gregorius
632 1466 717 1491 non
740 1460 892 1504 potest,
926 1451 1014 1503 ipse
1044 1451 1289 1503 blaspheme
1312 1451 1524 1490 extollitur

206 1535 330 1574 super
361 1535 487 1561 omne
527 1522 642 1575 quod
674 1521 825 1561 dicitur
868 1520 993 1560 Deus.
1043 1521 1128 1559 Nec
1160 1520 1282 1559 video
1327 1521 1377 1559 ad
1422 1520 1523 1573 quid

206 1591 311 1631 foret
341 1592 443 1631 illud
466 1600 684 1645 tamquam
717 1604 852 1630 novus
875 1590 1076 1629 articulus
1100 1589 1195 1628 fidei
1218 1589 1521 1643 divulgandum

148 1681 190 1703 20
206 1660 282 1699 nisi
326 1669 496 1714 propter
546 1660 699 1700 fastum
750 1669 789 1699 et
839 1668 1036 1713 questum
1086 1659 1286 1712 episcopo
1332 1659 1520 1698 Scarioth

205 1730 525 1783 adquirendum.
559 1731 667 1770 Nam
691 1731 787 1770 dato
816 1729 887 1768 illo
911 1729 1084 1768 articulo
1117 1728 1205 1781 ipse
1226 1738 1368 1781 posset
1390 1729 1521 1768 eciam

204 1799 339 1839 invito
372 1800 461 1839 Deo
494 1800 664 1839 liberare
694 1813 841 1839 omnes
880 1798 1039 1837 animas
1076 1807 1163 1838 tam
1196 1799 1245 1837 de
1277 1798 1519 1851 purgatorio

203 1884 331 1923 quam
353 1870 529 1921 inferno,
564 1883 661 1909 cum
693 1870 732 1908 in
758 1878 918 1909 tantam
939 1868 1153 1908 vesaniam
1177 1877 1319 1921 posset
1341 1868 1520 1907 incidere

202 1941 317 1993 quod
350 1941 567 1993 pretendat
595 1954 636 1979 se
659 1940 736 1979 ista
768 1939 912 1990 facere,
947 1938 1054 1977 sicut
1086 1939 1319 1991 loquuntur
1356 1937 1412 1975 illi
1447 1936 1519 1990 qui

145 2020 183 2051 25
201 2010 346 2048 dicunt
376 2011 492 2062 quod
525 2019 585 2049 est
616 2010 728 2048 Deus
759 2009 801 2047 in
834 2008 963 2048 terris.

155 2088 185 2120 Τ
259 2079 311 2118 Et
343 2088 551 2132 quantum
583 2080 634 2117 ad
667 2088 876 2132 questum,
925 2086 1037 2131 patet
1068 2078 1185 2130 quod
1217 2076 1295 2116 isto
1340 2076 1514 2115 articulo
1554 2096 1728 2136 otherwise
1748 2099 1784 2125 he

201 2147 448 2188 catholicato
495 2157 638 2201 posset
696 2148 868 2188 faciliter
911 2147 1146 2201 perquirere
1191 2146 1334 2185 omnia
1388 2132 1808 2205 regnasssssgffiqrssssgehisse

201 2218 360 2269 mundi,
394 2217 491 2271 quia
524 2216 593 2271 (da
626 2218 872 2271 oppositum
905 2218 954 2256 de
986 2230 1114 2270 regno
1148 2213 1317 2268 Anglie)
1357 2224 1514 2266 contra,
1538 2201 1575 2228 ³¹¹
1595 2206 1633 2229 “⁵
1653 2210 1798 2229 revenue.

200 2287 231 2326 si
277 2287 483 2339 pretendit
529 2301 571 2327 se
603 2288 729 2341 ligare
774 2301 914 2340 regem
947 2295 1139 2326 nostrum
1183 2295 1221 2325 et
1253 2299 1429 2339 regnum
1472 2285 1515 2323 in

145 2365 358 2408 3opartem
406 2356 594 2396 salutaris
633 2357 879 2409 penitencie,
926 2365 972 2396 ut
1017 2357 1086 2395 det
1128 2364 1333 2408 perpetuo
1375 2363 1515 2394 totum

201 2425 383 2465 fructum
433 2425 548 2478 regni
601 2425 730 2465 nostri
777 2427 959 2465 tenendo
1005 2425 1203 2477 episcopo
1242 2425 1439 2464 Romano
1472 2424 1515 2462 in

200 2494 333 2547 capite
376 2503 594 2548 tamquam
642 2508 840 2547 supremo
879 2495 1055 2534 domino
1088 2493 1276 2544 seculari,
1320 2502 1421 2533 tunc
1464 2506 1513 2533 eo

198 2563 291 2616 ipso
324 2563 380 2602 sic
412 2564 613 2615 ligantur3
646 2564 717 2603 sed
750 2564 805 2603 sic
838 2573 978 2616 potest
1010 2564 1253 2617 pretendere
1285 2577 1327 2603 se
1366 2563 1511 2616 ligare:

200 2646 296 2686 ergo
328 2632 478 2672 virtute
523 2633 632 2672 illius
670 2633 887 2686 potestatis
933 2633 1112 2672 clavium
1159 2641 1299 2685 potest
1342 2632 1514 2672 faciliter

252 2765 284 2783 ιι.
306 2757 332 2783 A
355 2757 384 2784 in
406 2765 518 2792 marg:
542 2757 677 2784 Heresis.
700 2757 779 2792 Papa
808 2765 871 2784 non
895 2765 1020 2792 semper
1044 2757 1168 2792 quando
1190 2757 1344 2792 pretendit
1367 2756 1511 2784 absolvit.

198 2810 236 2830 21.
266 2804 295 2830 A
323 2803 353 2830 in
383 2811 496 2838 marg.:
523 2803 626 2830 Prima
656 2804 749 2830 racio.
893 2804 940 2831 26.
969 2804 998 2831 A
1027 2803 1056 2830 in
1088 2810 1205 2838 marg.:
1242 2802 1386 2831 Secunda
1416 2802 1511 2831 racio.

199 2857 242 2884 27.
266 2849 302 2875 B:
326 2848 455 2876 faciliter
475 2849 569 2877 deest.

1354 2897 1392 2930 23
