2051 3343
205 223 358 280 CApv]
711 236 770 268 DE
797 236 1031 269 ECCLESIA.

54 351 434 395 H142bnusquam;
478 341 553 380 iste
586 349 728 379 autem
766 340 892 380 simul
936 340 1112 380 circulus
1156 339 1425 392 intelligibilis
1474 349 1512 379 et

204 411 456 465 quadratum
488 411 721 449 secundum
751 409 1030 463 multiplicem
1053 409 1266 449 racionem
1289 409 1511 448 miserendi

203 480 372 520 ecclesie
417 479 633 520 constituit
681 480 935 533 quadratum
986 479 1191 530 sensibile,
1247 479 1417 532 quando
1470 478 1511 517 in

201 549 460 603 plenitudine
493 548 694 601 temporis
731 548 1043 602 compaginavit
1085 557 1268 602 quatuor
1310 549 1514 587 elementa

170 619 242 661 5in
288 628 486 673 quattuor
529 619 728 658 humores
782 633 827 658 ac
872 627 1071 672 quattuor
1116 617 1430 671 complexiones
1476 625 1514 656 et

201 688 428 741 assumpsit
478 689 654 741 plenum
698 688 917 728 hominem
961 702 1086 742 quem
1137 687 1192 727 sic
1238 687 1344 726 fecit.
1390 687 1513 725 Tunc

202 758 314 797 enim
345 758 537 798 sensibile
569 759 821 811 quadratum
842 757 1113 797 humanitatis
1129 766 1167 797 et
1191 756 1370 796 circulus
1393 755 1511 794 intel-

200 827 365 880 ligibilis
398 828 622 867 divinitatis
655 827 813 867 factum
847 836 908 867 est
940 836 1167 880 utrumque
1210 835 1357 866 natura
1400 825 1513 864 idem

201 897 473 950 suppositum
504 898 616 937 verbi
650 897 739 937 Dei.

169 975 188 1008 1
259 968 312 1006 Et
352 967 475 1007 istam
520 967 775 1007 sentenciam
818 967 997 1006 inculcat
1041 976 1207 1007 sanctus
1255 975 1294 1005 et
1336 966 1513 1005 devotus

202 1038 349 1076 doctor
379 1037 573 1090 magister
593 1037 803 1076 Johannes
836 1037 885 1076 de
911 1036 1120 1088 Howdan,
1144 1037 1362 1089 alloquens
1394 1048 1511 1074 amo-

200 1120 289 1146 rem
320 1106 391 1160 qui
423 1106 652 1146 incarnavit
684 1106 819 1146 filium
850 1106 894 1145 in
926 1107 1001 1145 hec
1033 1106 1177 1147 verba:
1211 1107 1356 1145 Artem
1388 1106 1512 1154 nosti,

200 1176 483 1228 quadrantem
505 1177 712 1215 circulum
731 1189 852 1229 quem
868 1175 1107 1229 quadrasti,
1132 1177 1277 1215 carnis
1292 1175 1513 1229 quadran-

199 1246 349 1299 gulum
401 1259 525 1298 spere
576 1246 659 1285 Dei
709 1246 820 1286 dans
844 1259 929 1298 per
966 1246 1223 1285 miraculum
1269 1246 1511 1286 sauciatum

147 1322 185 1356 15
201 1315 398 1355 sanando
431 1315 636 1356 seculum.
671 1315 740 1355 Isti
774 1315 929 1356 circulo
953 1324 1121 1369 oportet
1152 1316 1371 1356 hominem
1393 1316 1512 1356 inniti

201 1394 240 1424 et
284 1385 517 1424 secundum
569 1385 865 1438 quadraturam
911 1394 1094 1438 quatuor
1138 1385 1346 1425 virtutum
1381 1387 1511 1425 cardi-

199 1454 360 1494 nalium
391 1454 661 1507 incorporari,
694 1455 727 1495 si
760 1455 907 1495 debeat
946 1469 1034 1495 esse
1068 1456 1308 1495 membrum
1343 1456 1511 1496 ecclesie

200 1524 361 1564 dicente
392 1523 562 1564 veritate
596 1524 797 1564 Johannis
841 1526 939 1565 XV0
982 1535 1028 1576 4:
1063 1526 1180 1565 Sicut
1209 1526 1381 1578 palmes
1426 1539 1509 1566 non

192 1601 334 1646 potest
352 1594 484 1648 ferre
503 1594 705 1648 fructum
740 1595 824 1634 nisi
861 1595 1068 1635 manserit
1105 1595 1146 1633 in
1185 1596 1279 1644 vite,
1328 1597 1390 1636 sic
1435 1609 1510 1636 nec

143 1681 184 1704 20
201 1677 274 1704 vos
306 1665 390 1704 nisi
421 1665 462 1704 in
496 1679 561 1705 me
594 1666 849 1705 manseritis.
886 1665 1068 1718 Oportet
1101 1665 1214 1704 enim
1237 1664 1511 1706 christianum

1727 239 1796 265 101

1597 485 1644 513 He
1670 486 1725 513 has

1580 521 1748 548 combined

1597 555 1648 582 the
1669 555 1740 582 four

1558 590 1706 617 elements
1726 598 1768 617 on

1546 633 1618 651 man
1639 625 1698 651 and
1721 625 1777 651 has

1547 659 1693 686 assumed
1713 660 1762 686 the

1564 702 1675 729 square
1696 694 1767 721 thus

1611 729 1714 756 made.

1542 1667 1610 1695 The
1632 1667 1788 1696 Christian

1560 1703 1671 1730 should
1692 1704 1758 1731 lose

199 1748 286 1774 esse
308 1734 398 1774 Deo
418 1734 655 1788 insorptum
678 1749 751 1788 per
782 1749 984 1787 amorem,
1017 1735 1073 1775 sic
1096 1736 1213 1789 quod
1245 1744 1333 1776 tota
1364 1745 1508 1776 terres·
1525 1737 1654 1765 himself
1678 1739 1707 1765 ΠΙ
1730 1738 1800 1766 God

198 1804 311 1844 tritas
366 1804 494 1844 instar
544 1804 638 1844 ferri
688 1805 753 1845 vel
805 1805 994 1845 carbonis
1040 1805 1253 1845 candentis
1299 1819 1376 1858 pro
1419 1806 1510 1845 zelo

197 1874 369 1914 honoris
401 1874 490 1927 Dei,
528 1874 688 1914 honore
721 1875 846 1915 seculi
879 1876 1133 1928 postposito,
1178 1875 1229 1915 sit
1260 1875 1410 1928 ignita;
1466 1876 1509 1915 in

200 1944 317 1983 cuius
341 1944 509 1998 signum
531 1944 710 1997 apostoli
744 1959 791 1983 ex
824 1945 1013 1985 doctrina
1047 1945 1201 1986 Christi
1232 1946 1345 1985 Luce
1374 1947 1510 1986 ΧΧΙΙΟ

142 2019 182 2051 25
198 2023 402 2054 vocarunt
434 2028 475 2054 se
506 2014 548 2053 in
582 2028 754 2054 suarum
787 2015 1060 2068 epistolarum
1093 2015 1226 2055 iniciis
1259 2029 1399 2055 servos
1434 2016 1509 2055 Dei

199 2092 238 2122 et
270 2083 429 2123 domini
464 2084 558 2123 Jesu
592 2084 760 2136 Christi,
793 2093 838 2124 ut
871 2098 944 2137 per
975 2085 1055 2125 hoc
1094 2085 1346 2138 reprimatur
1378 2084 1419 2123 in
1453 2085 1508 2125 eis

198 2154 326 2193 fastus
358 2154 422 2193 vel
455 2154 666 2207 dignitatis
699 2155 960 2207 apparencia,
980 2156 1049 2194 sed
1073 2155 1113 2193 in
1137 2155 1361 2195 dominum
1385 2169 1510 2194 suum

199 2232 464 2263 convertatur
495 2233 582 2263 tota
615 2224 826 2278 dignitatis
860 2225 1089 2266 tendencia.
1131 2225 1211 2264 Sed
1253 2225 1377 2264 hodie
1416 2239 1507 2278 pre-

197 2303 362 2347 postere
395 2294 443 2332 de
476 2293 686 2347 dignitate,
719 2295 903 2347 primatu
949 2304 987 2334 et
1034 2295 1268 2334 reverencia
1313 2295 1422 2334 servi
1464 2295 1510 2334 fit

143 2374 286 2410 30tota
317 2363 514 2415 intencio,
549 2365 598 2404 de
629 2364 790 2404 honore
835 2378 934 2404 vero
981 2364 1133 2404 Christi
1177 2366 1239 2404 vel
1285 2378 1363 2404 suo
1409 2378 1507 2404 con-

250 2509 269 2527 1.
293 2501 330 2527 13:
351 2500 408 2528 iste
429 2505 488 2528 aut.
578 2508 603 2528 2.
626 2502 653 2528 A
674 2501 729 2535 Al:
752 2501 910 2528 racionum
933 2500 1100 2528 miserendi
1116 2501 1262 2533 ecclesie;
1284 2500 1322 2527 B:
1346 2502 1508 2529 miterendi

197 2547 261 2575 eice.
379 2548 405 2575 6.
426 2547 463 2573 ss:
485 2555 545 2583 que
567 2547 609 2574 sic
628 2547 709 2574 fecit.
829 2548 855 2574 8.
878 2549 922 2574 A:
946 2552 1117 2583 utramque.
1139 2547 1160 2573 B
1182 2547 1211 2574 in
1233 2555 1348 2582 marga
1367 2547 1508 2575 Circulus

199 2594 379 2630 quadratus.
497 2602 538 2621 ιο.
558 2594 586 2621 Α
607 2594 637 2621 in
658 2602 772 2629 marg:
792 2594 819 2621 J.
840 2595 993 2622 Howdan.
1124 2601 1158 2620 11.
1178 2593 1211 2620 In
1233 2594 1341 2621 codd.:
1363 2594 1510 2629 magister

197 2641 222 2670 J.
255 2641 291 2668 de
306 2641 461 2668 Howdan.
603 2650 649 2678 17.
671 2641 692 2668 B
714 2642 743 2669 in
774 2650 888 2676 marg.:
916 2642 949 2669 ln
980 2641 1111 2668 ecclesia
1132 2649 1199 2668 esse
1220 2646 1276 2668 etc.
1412 2649 1453 2676 19.
1475 2640 1508 2676 In

198 2688 307 2715 codd.:
332 2687 433 2716 facere
454 2688 600 2716 fructum.
619 2688 737 2717 Correx
757 2697 792 2716 ex
810 2689 878 2716 Joh.
901 2688 958 2716 XV
989 2697 1018 2723 4.
1144 2695 1182 2715 21.
1205 2688 1244 2715 B:
1266 2688 1349 2724 quod
1370 2696 1438 2715 nOS.

249 2815 299 2837 11.
319 2805 408 2837 John
434 2805 475 2837 of
497 2806 657 2837 Howden
684 2805 720 2848 (†
753 2808 852 2850 1275)
884 2817 957 2839 was
989 2806 1048 2839 the
1086 2806 1245 2849 chaplain
1277 2806 1317 2837 of
1348 2807 1510 2840 Eleanor,

197 2862 255 2894 the
282 2862 417 2894 mother
442 2863 481 2894 of
503 2864 653 2895 Edward
680 2865 702 2896 l.

1590 1774 1629 1809 by
1650 1774 1727 1800 love.
