2051 3273
263 216 351 243 CAP.
375 205 470 261 xlv]
757 218 816 249 DE
842 217 1077 249 ECCLESIA.
1775 208 1793 245 3
1810 222 1848 245 ΙΙ

113 333 150 366 Η
173 337 247 377 172⁰
320 322 399 361 Hic
445 322 709 360 concedenda
743 330 802 360 est
834 321 1047 359 conclusio
1094 319 1158 374 (ut
1189 320 1286 359 alias
1320 320 1465 359 diffuse
1498 334 1566 359 ex·
1599 364 1623 390 It
1645 332 1837 393 ‘Antswertkt

1644 373 1669 391 IS
1704 373 1756 391 sue
1810 374 1825 392 a

262 389 419 446 posui),
463 404 561 430 nam
605 391 703 430 iusti
743 397 843 430 sunt
885 391 1025 430 omnia
1074 390 1163 429 iure
1208 389 1294 442 poli
1344 388 1407 443 (ut
1446 390 1830 461 docetlmeriiglhffiqus

1590 442 1658 461 lave
1685 442 1700 460 a
1776 443 1843 466 inf-{S

261 462 507 514 Apostolus,
538 461 829 499 Romanorum
857 460 984 509 VIII0‚
1018 468 1056 499 et
1084 459 1361 512 Augustinus,
1394 458 1568 511 epistola
1583 468 1635 507 bur
1652 473 1682 495 to
1697 477 1753 508 usq
1770 457 1854 516 tljem'

260 530 484 581 XXXVlla,
515 530 565 569 ad
594 527 922 582 Macedonium).
957 529 1077 569 Unde
1100 528 1233 568 clerici
1267 529 1418 567 debent
1450 528 1567 581 sequi
1627 502 1811 565 mseCriiigssis

228 609 422 652 5patrem
454 613 580 638 suum
611 598 828 638 abiciendo
861 597 1206 637 dominacionem
1229 598 1405 648 civilem,
1431 597 1565 636 domi-

260 669 399 708 nando
431 682 533 721 pure
566 667 799 720 evangelice
834 682 881 706 ex
913 668 1035 707 titulo
1076 667 1266 708 caritatis,
1327 668 1421 705 Hoc
1455 666 1567 705 enirn

259 739 413 777 habent
457 737 741 789 exemplatum
785 751 807 775 a
851 736 1018 776 Christo
1064 746 1102 775 et
1147 737 1258 776 aliud
1303 744 1512 788 usurpant
1544 750 1567 774 a

261 819 414 859 cesare3
468 807 583 860 quod
635 806 667 845 si
719 807 813 859 plus
859 806 1150 858 appreciantur
1197 805 1348 845 imitari
1385 819 1566 845 cesarem

260 890 388 930 quam
427 876 653 926 Christum,
693 876 785 929 quis
825 876 988 915 dubitat
1020 875 1122 928 quin
1155 890 1202 915 ex
1240 876 1566 929 degeneracione

205 965 244 986 10
259 947 438 999 perdunt
464 942 715 999 utrumque?
747 945 890 984 Potest
913 958 1010 998 ergo
1032 945 1163 985 clerus
1186 946 1336 984 habere
1359 945 1567 998 quotlibet

260 1017 370 1055 bona
401 1029 449 1054 ex
480 1015 603 1054 titulo
647 1014 873 1054 elemosine
906 1015 957 1053 ad
990 1015 1274 1067 supplendum
1308 1028 1432 1054 suum
1471 1014 1563 1053 offi-

258 1085 370 1125 cium
415 1093 453 1124 et
492 1084 831 1124 distribuendum
870 1084 1138 1136 pauperibus,
1172 1092 1211 1123 et
1241 1084 1284 1122 in
1314 1084 1394 1123 hoc
1426 1084 1562 1124 imita-

258 1163 399 1195 rentur
438 1154 651 1194 Christum
703 1163 742 1193 et
793 1153 880 1193 eius
926 1154 1154 1206 apostolos,
1202 1167 1287 1192 non
1337 1162 1478 1193 autem
1521 1154 1563 1192 in

258 1224 516 1263 dominando
569 1223 753 1273 civiliter,
808 1236 905 1262 cum
951 1223 1031 1262 hoc
1077 1222 1183 1262 foret
1227 1223 1471 1275 oppositum
1521 1223 1562 1261 in

206 1301 240 1332 15
256 1294 429 1344 adiecto,
464 1302 502 1332 et
534 1293 767 1332 secundum
814 1293 936 1331 istam
967 1292 1178 1332 racionem
1212 1292 1318 1332 foret
1349 1292 1405 1330 eis
1438 1292 1560 1344 patri-

256 1363 449 1402 monium
482 1362 675 1402 crucifixi.
706 1363 827 1402 Unde
856 1361 1211 1400 consideraremus
1241 1375 1292 1400 ne
1321 1362 1560 1413 blaspheme

255 1433 523 1472 nominemus
557 1432 886 1484 occupacionem
918 1432 1129 1471 bonorum
1160 1430 1314 1471 Christi
1347 1431 1559 1470 abutendo

254 1503 310 1542 eis
357 1502 532 1541 heretice
576 1500 640 1556 (ut
685 1501 844 1540 dictum
876 1509 936 1540 est
967 1501 1009 1539 in
1041 1500 1122 1539 fine
1156 1500 1335 1552 proximi
1369 1498 1557 1554 capituli)

252 1573 317 1611 vel
348 1586 399 1611 ne
432 1572 701 1611 nominemus
734 1570 900 1609 divicias
935 1570 1166 1609 secundum
1200 1569 1316 1608 illam
1348 1569 1559 1608 racionem

196 1657 237 1678 20
253 1642 557 1695 patrimonium
589 1640 782 1680 crucifixi.
836 1640 891 1691 Si,
936 1640 1122 1692 inquam⁷
1166 1639 1217 1678 sit
1256 1638 1559 1691 patrimonium

160 1714 237 1758 172d
252 1711 446 1762 crucifixi,
492 1710 803 1750 faciamus÷ut
849 1711 1005 1749 utendo
1051 1709 1106 1748 eis
1146 1708 1197 1746 ad
1239 1708 1558 1747 similitudinem

252 1781 432 1821 crucifixi
466 1781 761 1833 imperciamus
794 1793 839 1818 ea
871 1778 1045 1818 fideliter
1075 1778 1274 1817 membris
1303 1778 1557 1830 pauperibus

252 1850 445 1901 crucifixi,
500 1859 545 1890 ut
597 1851 769 1889 demum
814 1848 1111 1901 participemus
1159 1848 1308 1887 merito
1361 1846 1555 1898 crucifixi,

250 1921 360 1960 unde
404 1920 557 1959 abusus
604 1928 744 1959 noster
788 1918 894 1958 foret
925 1918 1105 1957 maxime
1138 1916 1380 1956 revocabilis
1420 1916 1555 1955 consi-

193 1991 435 2029 25derando
467 1999 624 2029 attente
657 1990 707 2028 de
740 1989 913 2028 nomine
945 1987 1186 2040 patrimonii
1221 1985 1414 2025 crucifixi.

216 2063 234 2095 I
306 2060 463 2099 Contra
494 2060 570 2099 ista
593 2073 735 2112 arguo,
770 2059 908 2111 primo
932 2059 1047 2111 quod
1071 2057 1213 2097 omnia
1236 2057 1344 2095 bona
1369 2055 1575 2122 ecclesie,1
1608 2061 1794 2124 ἓιῐῐῐῒεῃερίοηε

247 2129 331 2168 sive
354 2129 395 2168 in
418 2129 530 2168 laicis
554 2129 637 2168 sive
660 2129 701 2167 in
726 2129 846 2178 clero,
878 2136 974 2167 sunt
996 2128 1045 2166 de
1069 2126 1324 2179 patrimonio
1354 2123 1551 2175 crucifixi,
1582 2117 1587 2122 ’
1631 2106 1774 2170 Εὴτίᾞὲεῗ
1790 2107 1841 2126 are

247 2198 334 2250 ipse
378 2199 490 2238 enim
538 2207 597 2238 est
641 2198 757 2237 heres
806 2197 961 2236 habens
1006 2197 1047 2235 in
1092 2195 1225 2248 capite
1258 2194 1401 2233 omnia
1440 2194 1551 2232 bona

247 2268 408 2319 mundi,
453 2277 491 2307 et
536 2281 612 2306 nos
655 2267 776 2307 titulo
809 2266 1053 2319 adopcionis
1085 2265 1219 2304 filialis
1251 2263 1550 2317 participamus

297 2435 317 2454 1.
343 2428 371 2454 A
390 2427 420 2454 in
442 2435 556 2462 marg:
586 2427 770 2462 Responsio.
801 2427 873 2454 Iusti
906 2430 977 2453 sunt
1007 2424 1122 2452 omnia.
1266 2430 1305 2449 ιο.
1337 2421 1358 2448 Β
1380 2421 1409 2448 in
1433 2428 1547 2455 marg.:

245 2472 355 2500 Clerici
376 2473 462 2500 titulo
484 2474 652 2500 elemosine
673 2478 804 2508 possunt
824 2473 936 2499 habere
957 2471 1111 2506 quotlibet
1132 2470 1222 2496 bona.
1418 2474 1454 2494 12.
1475 2467 1500 2493 A
1519 2466 1547 2493 in

243 2528 358 2555 marg.:
391 2519 470 2547 Nota
492 2521 527 2547 de
548 2520 735 2555 patrimonio
765 2519 911 2547 crucifixi.
941 2518 1022 2545 Nota
1052 2516 1209 2552 quomodo
1237 2513 1412 2541 sacerdotes
1440 2513 1551 2539 debent

244 2567 395 2594 dominari
437 2567 612 2601 evangelice
641 2567 695 2594 toti
726 2566 842 2593 mundo
874 2570 901 2592 et
930 2573 991 2592 non
1026 2562 1203 2590 seculariter
1232 2568 1370 2587 cesarem
1400 2557 1549 2586 imitando

244 2613 358 2647 (Below
382 2619 442 2647 1720
462 2613 594 2640 without
614 2613 700 2640 mark
721 2612 755 2639 of
772 2612 950 2645 reference).
1070 2610 1116 2636 26.
1137 2608 1239 2635 Prima
1261 2606 1354 2634 racio.
1376 2604 1472 2632 Color
1493 2612 1548 2639 pro

244 2659 464 2687 dominacione
485 2659 566 2686 civili
587 2659 671 2686 cleri.
797 2665 844 2692 29.
866 2658 904 2684 B:
927 2657 1109 2692 adopcionis
1129 2656 1235 2683 finalis.

298 2776 329 2806 4.
357 2766 420 2807 Ep.
448 2765 550 2797 CLIII
592 2765 626 2797 in
661 2765 719 2797 the
751 2765 898 2796 modern
932 2763 1103 2796 Editions.
1249 2765 1298 2797 18.
1330 2764 1418 2800 Vide
1445 2779 1548 2811 supra

244 2833 320 2865 pag.
349 2833 423 2865 297.
