2051 3273
227 216 247 241 [ο

256 216 275 240 ιο

283 202 305 240 00

938 215 1161 247 „IOHANNIS
1188 215 1384 247 WYCLIF.
1653 199 1759 258 [CAP.
1775 210 1825 238 xi.

515 319 649 358 tencia
672 319 1107 370 Excomunicacionis‚
1138 320 1257 359 Inter
1278 317 1402 372 alia),
1424 332 1492 358 rex
1515 326 1656 357 autem
1680 317 1828 370 Anglie
1849 326 1925 360 160c
1948 328 1982 360 A

224 393 500 456 iiiiissffiigi‘eiffrlies
515 388 637 426 debet
669 389 896 428 concedere
930 397 968 427 et
991 390 1169 428 condere
1192 388 1302 442 leges
1335 388 1435 427 tales
1458 387 1637 440 privatas
1670 388 1720 426 de
1753 401 1829 426 suo

235 464 307 491 with
328 465 377 491 the
399 463 490 499 King,
516 457 641 510 regali
673 457 865 496 dominio
889 458 940 496 ad
973 457 1289 497 edificacionem
1314 456 1501 497 ecclesie:
1536 457 1630 496 ideo
1664 456 1829 509 capien-

516 527 619 565 dum
654 536 714 566 est
747 535 966 579 tamquam
997 541 1070 580 per
1102 541 1144 567 se
1177 536 1328 566 notum
1362 527 1476 580 quod
1511 526 1617 578 regis
1652 534 1711 565 est
1742 525 1830 564 illas

514 596 624 648 leges
664 596 845 648 privatas
885 610 931 636 ac
971 597 1220 636 elemosinas
1258 596 1517 649 interpretari
1556 604 1595 635 et
1626 596 1669 634 in
1710 595 1862 635 recti-5

515 665 660 704 tudine
693 679 766 704 sua
799 666 1033 706 defendere.
1067 667 1288 706 Romanus
1312 675 1454 705 autem
1485 665 1672 718 pontifex
1705 678 1831 718 super

515 733 593 772 isto
633 736 864 787 consultus,
902 745 941 776 et
974 737 1166 776 sacerdos
1205 750 1305 776 suus
1338 736 1470 789 legius
1513 735 1736 787 requisitus
1780 736 1831 774 de

515 803 860 856 interpretacione
884 819 1028 846 sensus
1053 806 1258 856 catholici,
1291 814 1486 845 tenentur
1508 805 1557 843 de
1589 805 1678 857 lege
1706 818 1828 843 evan-

515 873 607 925 gelii
643 883 851 926 quantum
884 875 1021 914 sciunt
1052 875 1268 914 humiliter
1300 875 1524 925 declarare3
1559 873 1711 927 quibus
1744 887 1830 913 non

515 951 577 982 est
608 944 843 996 parendum
876 944 952 983 nisi
986 945 1036 983 de
1065 953 1225 998 quanto
1260 944 1515 984 sentenciam
1540 957 1660 983 suam
1682 942 1830 982 funda·
1852 961 1889 983 10

514 1012 649 1052 verint
680 1013 722 1052 in
756 1014 959 1066 scriptura
993 1028 1117 1054 sacra.
1158 1016 1280 1054 Unde
1314 1014 1500 1054 secundo
1533 1021 1702 1066 oportet
1733 1021 1871 1065 sup-2

224 1084 499 1154 ggfflgdigy1goffid
515 1095 671 1134 ponere
705 1084 820 1135 quod
860 1097 1021 1123 sacram
1058 1084 1317 1137 theologiam
1360 1097 1526 1122 necesse
1571 1082 1621 1122 sit
1659 1096 1830 1122 omnem

284 1155 439 1189 theology.
515 1153 641 1191 talem
674 1152 898 1192 scienciam
930 1153 1212 1206 principaliter
1249 1155 1457 1206 regulare;
1508 1161 1621 1206 patet
1660 1166 1708 1190 ex
1752 1152 1831 1190 hoc

515 1222 630 1274 quod
674 1222 742 1261 illa
786 1223 874 1261 sola
913 1223 1197 1276 principaliter
1242 1225 1365 1262 docet
1396 1223 1507 1262 viam
1557 1236 1640 1275 qua
1684 1222 1832 1261 celeste

516 1291 764 1343 coniugium
781 1292 1025 1341 honoratur,
1052 1294 1121 1331 sed
1137 1293 1249 1332 iuxta
1266 1293 1378 1332 hunc
1401 1292 1529 1331 finem
1552 1292 1833 1344 regulandum
1853 1298 1888 1328 15

515 1369 575 1400 est
607 1374 734 1400 omne
768 1361 925 1400 factum
958 1362 1128 1401 viatoris
1160 1362 1419 1414 legitimum3
1465 1376 1562 1415 ergo
1603 1361 1830 1401 conclusio.

514 1431 567 1469 Et
599 1430 675 1470 ista
708 1440 768 1470 est
801 1432 1010 1471 sentencia
1044 1433 1140 1471 XXss
1172 1432 1265 1471 dist.
1300 1432 1366 1471 De
1399 1431 1568 1484 quibus,
1603 1431 1672 1471 ubi
1706 1431 1831 1470 Inno-

515 1501 682 1540 cencius
727 1515 836 1553 papa
882 1502 1003 1540 docet
1056 1502 1244 1555 quinque
1295 1502 1449 1554 gradus
1493 1501 1744 1554 procedendi
1791 1500 1831 1538 in

514 1570 650 1609 dubiis
685 1570 980 1622 discernendis,
1013 1572 1160 1623 primo
1193 1572 1233 1610 in
1270 1577 1475 1624 quantum
1509 1570 1828 1611 recurrendum

513 1646 574 1679 est
623 1640 680 1678 ad
736 1641 953 1692 scripture
1005 1642 1305 1681 auctoritatem
1369 1654 1498 1693 quam
1556 1641 1741 1693 episcopi
1792 1646 1832 1680 et
1849 1654 1890 1676 20

513 1709 758 1761 specialiter
794 1723 916 1762 papa
958 1723 1090 1763 usque
1131 1710 1187 1749 ad
1223 1712 1483 1764 sanguinem
1525 1717 1726 1751 tenentur
1759 1710 1830 1749 de-

502 1780 712 1832 fendere,
749 1787 793 1819 ut
808 1788 929 1833 patet
949 1779 1113 1828 XXV&
1146 1794 1184 1833 q.
1209 1781 1242 1820 I.
1279 1782 1387 1820 Sunt
1408 1782 1599 1834 quidam.
1635 1780 1830 1820 Secundo

513 1852 549 1889 si
580 1864 634 1890 ex
664 1852 887 1902 scriptura
920 1864 1049 1890 sacra
1084 1852 1124 1890 in
1159 1852 1314 1904 lingua
1348 1853 1484 1891 latina
1516 1853 1680 1891 solucz'o
1714 1850 1834 1889 dubii

514 1931 597 1959 non
631 1921 750 1959 clare
781 1922 959 1973 eluceat,
1007 1927 1270 1960 recurratur
1309 1922 1367 1960 ad
1397 1922 1560 1973 scripta
1591 1933 1742 1974 greca,
1790 1927 1834 1958 ut

516 1989 583 2029 vel
612 1991 675 2029 sic
707 1990 853 2030 divina
885 1991 1101 2029 sentencia
1134 1990 1360 2030 habeatur.
1412 1991 1561 2030 Tercio
1593 1991 1632 2029 si
1664 2003 1740 2029 nec
1771 1991 1834 2029 sic
1850 1990 1888 2023 25

515 2060 592 2098 lux
613 2060 809 2099 veritatis
827 2067 1054 2112 appareat,
1072 2060 1129 2099 ad
1142 2061 1454 2100 ecclesiasticas
1468 2061 1671 2099 historias
1690 2060 1832 2099 catho-

516 2130 620 2168 licas
652 2137 947 2183 congregatas
970 2143 995 2169 a
1021 2132 1183 2169 sanctis
1206 2130 1469 2178 doctoribus,
1493 2130 1608 2169 mitte
1641 2141 1831 2169 manum.

520 2198 685 2246 Quarto
717 2200 755 2238 si
787 2213 864 2239 nec
895 2201 981 2239 illis
1020 2200 1189 2239 eluceat
1226 2199 1462 2254 difficultas
1501 2212 1583 2252 que
1620 2199 1833 2251 queritur,

514 2274 764 2307 sanctorum
790 2270 990 2321 exempla
1014 2270 1330 2321 perspicaciter
1353 2269 1603 2316 recordare,
1637 2267 1833 2319 exempla

515 2339 625 2378 enim
660 2340 740 2378 vite
763 2345 1015 2378 sanctorum
1050 2339 1201 2378 debent
1223 2352 1313 2378 esse
1338 2339 1457 2378 nobis
1485 2338 1708 2390 speculum
1734 2350 1832 2376 con—
1850 2336 1890 2368 30

567 2482 594 2509 7.
616 2474 653 2501 B:
675 2482 751 2501 suus
768 2475 864 2501 deest.
986 2483 1014 2510 9.
1036 2474 1076 2501 B:
1098 2474 1254 2502 humiliter
1276 2474 1443 2502 declinare.
1561 2482 1601 2509 17.
1621 2474 1649 2500 A
1666 2474 1694 2500 in
1717 2480 1831 2507 marg:

514 2520 595 2548 Nota
624 2521 784 2556 quomodo
814 2526 859 2548 est
889 2520 1018 2548 dubium
1046 2521 1300 2549 discernendum.
1444 2529 1484 2556 17.
1513 2520 1545 2546 In
1567 2520 1637 2546 cod.
1659 2519 1728 2546 dist.
1750 2518 1831 2545 XXI.

516 2566 557 2593 25.
585 2566 605 2592 Β
628 2567 657 2593 in
680 2575 795 2602 marg:
826 2567 875 2594 Ad
897 2575 989 2602 quem
1011 2567 1079 2602 quis
1101 2568 1191 2594 debet
1212 2575 1371 2595 recurrere
1396 2575 1453 2602 pro
1475 2566 1577 2594 dubiis
1598 2566 1731 2593 discrete
1753 2565 1832 2592 deci-

516 2612 636 2639 dendis,
780 2620 824 2646 27.
848 2613 866 2639 Β
890 2613 947 2640 alia
968 2621 1062 2640 manu
1083 2621 1180 2642 corn:
1204 2613 1333 2641 mittere.

578 2719 628 2750 ¹7·
657 2708 754 2746 Quae
790 2714 890 2739 autor
923 2707 978 2739 hic
1014 2708 1137 2739 diffuse
1172 2709 1328 2751 explicat,
1371 2708 1511 2740 mutatis
1553 2707 1685 2750 aliquot
1717 2707 1832 2739 verbis

517 2765 722 2808 deprompta
750 2772 829 2796 sunt
860 2775 876 2796 e
907 2766 1039 2797 Decreti
1067 2766 1078 2797 I
1123 2773 1230 2808 parte,
1259 2767 1337 2798 dist.
1367 2767 1441 2806 XX,
1470 2776 1497 2797 c.
1525 2766 1578 2807 111,
1605 2773 1638 2797 et
1672 2767 1769 2798 Decr.
1805 2766 1831 2796 lI

517 2830 624 2864 parte,
652 2834 754 2854 causa
781 2824 886 2864 XXV,
914 2834 945 2865 q,
975 2824 996 2863 Ι,
1024 2834 1096 2866 cap.
1128 2825 1182 2856 VI.
