2051 3273
257 212 345 240 CAP.
367 205 467 258 xm]
754 217 811 247 DE
838 216 1069 248 ECCLESIA.
1764 206 1844 257 455

207 331 378 373 Lsuper
428 320 724 360 testificacione
786 320 983 359 ordinum
1035 320 1118 359 dati
1171 319 1384 371 presbiteri
1437 318 1560 359 fuerit

167 387 499 443 1910requisitus?
532 389 597 429 Sic
630 390 743 428 enirn
782 389 887 428 facta
926 389 1219 442 apostolorum
1241 388 1263 411 ²¹⁴
1293 389 1558 428 ostenderant

254 473 295 499 se
339 473 426 498 esse
470 459 715 510 sacerdotes,
761 458 856 498 licet
898 458 1131 498 nesciamus
1176 458 1346 511 quando
1392 466 1431 497 et
1476 471 1559 510 qua

252 528 385 567 forma
416 527 567 568 fuerint
598 542 621 567 a
652 528 826 568 domino
860 528 1050 569 ordinati.

199 606 238 638 M
310 596 606 648 Confirmatur,
646 597 678 636 si
711 597 906 636 ordinans
937 598 1002 637 vel
1040 597 1255 637 ordinatus
1286 597 1352 635 vel
1384 604 1559 649 uterque
1575 606 1847 646 Douiprsastotloe

252 666 373 706 fuerit
410 680 486 719 pro
525 676 715 719 tempore
764 667 1043 706 ordinacionis
1083 665 1325 719 simpliciter
1367 664 1558 717 infidelis,
1599 642 1827 704 ξὲἐῑῑᾞῗῑὶἶπεοὶ

251 744 322 775 aut
367 735 575 775 ordinanti
624 736 737 775 deest
784 736 967 775 intencio
1013 750 1109 775 cum
1140 735 1275 774 verbis
1314 735 1559 774 sacramenti

250 805 406 844 ordinis
429 818 508 858 que
531 805 701 858 profert,
734 813 834 844 tunc
859 819 956 844 cum
977 805 1146 857 paribus
1169 818 1256 843 non
1277 804 1323 844 fit
1345 804 1556 843 ordinacio

248 874 446 927 legitima,
479 875 549 913 sed
580 874 662 913 hoc
694 888 742 913 ex
774 874 847 913 tibi
880 874 1009 913 dubio
1033 874 1207 927 contigit
1229 874 1279 913 de
1302 887 1558 927 quocunque

197 962 234 982 10
250 944 461 983 sacerdote
506 943 572 983 cui
617 944 740 983 debes
772 943 1065 983 testimonium
1097 943 1338 996 prohibere:
1381 956 1477 996 ergo
1510 957 1557 982 ex

248 1013 321 1052 tibi
354 1013 483 1052 dubio
531 1026 618 1052 non
663 1012 740 1052 fuit
783 1013 967 1066 legitime
1000 1013 1226 1054 ordinatus
1275 1016 1557 1065 Assumptum

247 1082 409 1121 videtur
446 1095 495 1121 eo
535 1083 650 1135 quod
691 1095 816 1121 nemo
849 1082 997 1134 accipit
1035 1083 1294 1135 baptismum
1332 1083 1448 1135 quod
1497 1093 1557 1122 est

248 1160 555 1191 sacramentum
599 1151 997 1191 necessariissimurn
1036 1151 1123 1190 sine
1155 1151 1249 1203 fide,
1283 1165 1380 1204 ergo
1414 1165 1436 1190 a
1467 1151 1555 1204 pari

248 1235 322 1260 nec
368 1221 447 1260 alia
494 1221 632 1261 minus
679 1221 907 1261 necessaria
952 1231 1222 1273 sacramenta,
1262 1231 1300 1261 et
1339 1235 1413 1274 per
1444 1221 1557 1260 idem

196 1291 408 1330 15videtur
438 1291 552 1343 quod
586 1291 762 1329 omnino
794 1290 971 1329 infidelis
1004 1304 1089 1330 non
1121 1290 1327 1330 ministrat
1364 1289 1556 1329 fidelibus

247 1369 516 1401 sacramenta.
561 1360 626 1400 Sic
672 1360 784 1399 enirn
828 1374 1027 1413 paganus,
1072 1360 1219 1400 iudeus
1262 1361 1326 1399 vel
1379 1360 1555 1399 omnino

245 1430 450 1469 hereticus
495 1430 722 1469 deridendo
767 1438 807 1469 et
844 1429 1099 1469 intendendo
1140 1429 1386 1482 oppositum
1429 1429 1554 1468 mini-

246 1508 389 1539 straret
426 1499 468 1538 in
501 1513 596 1539 casu
640 1499 832 1539 fidelibus
871 1508 1140 1550 sacramenta,
1175 1508 1213 1538 et
1256 1513 1329 1551 per
1359 1499 1471 1538 idern
1512 1498 1553 1537 in

246 1583 343 1609 casu
381 1568 479 1620 avis,
519 1568 648 1607 bestia
686 1569 750 1607 vel
782 1582 845 1607 res
876 1568 1105 1607 inanimata
1137 1568 1361 1607 infundens
1401 1581 1554 1621 aquam

189 1653 230 1674 20
246 1648 285 1678 et
316 1638 500 1677 formans
531 1651 693 1688 vocem,
729 1638 845 1690 quod
876 1637 1039 1677 videtur
1074 1637 1300 1677 ridiculum
1335 1646 1373 1676 et
1411 1646 1555 1676 contra

246 1709 407 1747 decreta
439 1706 618 1746 ecclesie.
650 1708 757 1746 Nam
786 1708 835 1756 Ia,
868 1721 907 1760 q.
942 1707 955 1745 Ι
989 1706 1179 1746 scribitur
1211 1708 1286 1747 sub
1310 1707 1554 1746 auctoritate

244 1776 349 1816 beati
379 1776 585 1828 Gregorii:
614 1776 864 1829 Quicunque
894 1789 1041 1816 sacros
1073 1776 1242 1816 ordines
1275 1777 1460 1816 vendunt
1480 1784 1555 1816 aut

243 1853 388 1885 emunt
428 1845 667 1885 sacerdotes
712 1859 802 1885 esse
847 1859 927 1885 non
965 1853 1160 1898 possunt.
1200 1846 1317 1885 Unde
1347 1847 1552 1899 scriptum

243 1922 304 1955 est
345 1916 572 1954 anathema
615 1915 732 1954 danti
778 1922 816 1954 et
857 1915 1082 1955 anathema
1114 1916 1345 1968 accipienti,
1379 1916 1456 1954 lzoc
1492 1923 1555 1955 est

187 1985 491 2038 &symoniaca
526 1985 696 2025 heresis.
735 1985 952 2032 Quomodo
975 1998 1096 2038 ergo,
1128 1986 1166 2025 si
1194 1986 1420 2025 anathema
1452 1992 1554 2025 sunt

243 2061 281 2094 et
301 2055 436 2094 sancti
459 2068 540 2093 non
564 2061 677 2105 sunt,
709 2055 977 2108 sanctificare
999 2055 1106 2094 alios
1131 2055 1348 2107 possunt?
1380 2054 1434 2093 Et
1455 2067 1549 2094 cum

242 2124 284 2162 in
304 2124 466 2163 Christo
482 2137 659 2176 corpore
674 2137 756 2163 non
771 2131 882 2175 sunt,
897 2124 1106 2176 quomodo
1122 2137 1276 2176 corpus
1297 2124 1450 2164 Christi
1463 2132 1548 2163 tra·

241 2193 342 2232 dere
356 2194 424 2233 vel
435 2194 849 2246 acciperepossunt?
872 2194 954 2242 Qui
968 2194 1218 2233 maledictus
1233 2200 1294 2233 est
1308 2194 1550 2234 benedicere

242 2262 448 2314 quomodo
473 2263 646 2315 potest?
697 2263 818 2302 Talia
861 2273 957 2303 sunt
1003 2263 1135 2302 multa
1168 2263 1342 2314 decreta,
1384 2272 1429 2303 ut
1463 2264 1549 2315 IXa,

187 2337 282 2385 3oq.
329 2332 357 2383 I,
403 2341 441 2371 et
480 2346 577 2384 sepe
616 2332 725 2372 alibi.
775 2333 827 2372 Et
870 2332 1073 2385 quicquid
1121 2333 1313 2372 doctores
1359 2333 1548 2384 dixerint,

244 2402 458 2454 ignoratur
491 2402 539 2440 de
571 2401 652 2441 alio
686 2411 828 2441 utrum
857 2401 907 2441 sit
936 2410 1141 2454 perpetuo
1169 2400 1345 2441 infidelis
1382 2415 1549 2441 excom-

293 2569 322 2593 4.
337 2561 366 2588 A
379 2561 436 2595 Al:
452 2561 584 2588 fuerunt.
685 2560 710 2588 5.
731 2561 759 2588 A
773 2560 802 2587 in
818 2568 932 2595 marga
954 2560 1172 2589 Confirmacio.
1272 2569 1313 2595 14.
1335 2560 1374 2587 B:
1395 2568 1447 2596 per
1461 2561 1549 2588 illud.

242 2607 283 2635 18.
298 2608 337 2635 ss:
354 2616 407 2642 per
429 2608 514 2635 illud.
622 2615 661 2634 21.
682 2608 711 2634 A
731 2608 762 2634 in
777 2615 892 2642 marg:
913 2607 1003 2635 Nota.
1020 2607 1184 2635 Dubitatur
1198 2616 1235 2635 an
1251 2608 1303 2643 qui
1324 2607 1549 2643 pretenduntur

242 2663 308 2682 esse
337 2654 510 2682 sacerdotes
537 2654 597 2681 sint
625 2653 800 2681 sacerdotes
832 2662 901 2680 cum
932 2653 1053 2681 motivis
1083 2654 1287 2688 (Above1910
1305 2653 1436 2681 whitout
1462 2654 1549 2681 mark

242 2700 276 2728 of
293 2701 467 2735 reference).
618 2707 664 2734 24.
686 2700 719 2727 In
741 2700 852 2727 decret.
875 2701 967 2727 dandi
990 2721 995 2726 .
1018 2721 1025 2729 .
1048 2721 1054 2727 .
1077 2700 1259 2736 accipiendi.

303 2829 353 2850 21.
379 2819 480 2850 Decr.
506 2829 574 2851 sec.
601 2829 692 2861 pars,
720 2829 821 2851 causa
851 2821 870 2859 Ι,
899 2830 931 2861 q.
959 2820 982 2860 I,
1009 2828 1082 2860 cap.
1109 2819 1179 2850 XII.
