2051 3273
771 212 987 247 GENERAL
1016 213 1165 245 INDEX.

103 318 160 346 Per
211 317 362 346 iusticiam
413 318 616 352 temporalem
670 316 742 352 quid
794 321 927 343 meretur

139 363 310 399 prescitus?
333 364 372 391 66
393 362 491 398 (193b)
510 373 542 388 =
561 364 623 392 468.

101 410 146 438 De
166 409 370 445 indulgenciis
390 410 426 445 76
447 407 545 444 (20312)
567 420 597 434 =
616 409 667 438 549
689 416 775 444 seqq.

489 483 543 514 K.

103 536 224 564 Karitas
257 541 284 564 et
316 536 421 570 gracia
450 536 521 563 Jesu
553 535 670 564 Christi
700 540 746 562 est
777 535 928 562 terminus

136 582 312 610 communis
338 582 488 617 copulans
515 582 724 618 quodcunque
751 581 927 608 membrum

138 629 265 656 ecclesie
287 628 410 656 cuilibet
430 628 517 655 alteri
538 628 568 655 16
588 626 684 662 (14312)
706 637 736 652 =
756 629 817 656 107.

103 675 147 703 Ex
159 675 287 702 karitate
300 679 371 701 sunt
384 674 454 701 mali
467 674 673 709 persequendi
685 674 711 701 31
722 672 779 707 (158
790 674 814 707 ⁴³)
826 684 854 697 z
868 674 927 701 211.

102 721 250 748 Karacter
286 721 404 748 ordinis
443 721 517 755 quid
551 725 596 747 est
635 725 663 746 et
695 725 796 747 utrum
830 719 869 746 sit
899 719 929 745 in

138 767 297 802 prescitis?
318 765 354 794 63
373 765 435 801 (189
447 767 472 800 d)
494 776 524 791 =
543 767 604 797 443,
624 767 685 794 444.

494 838 538 870 L.

104 906 166 933 Lex
179 905 235 933 Dei
255 909 301 933 est
315 909 420 932 noster
440 904 637 932 adversarius
658 911 690 931 22
704 904 769 938 (146
780 904 806 938 b)
824 914 853 928 z
868 904 929 933 150.

102 951 176 987 Legi
208 952 286 987 regis
317 960 384 979 esse
416 950 649 978 inobedientem
683 955 772 978 nocet
798 951 929 978 multum

135 1006 168 1025 22
187 1000 252 1033 (149
265 1000 287 1033 c)
308 1009 338 1024 z
358 999 420 1027 151.

488 1061 546 1092 M.

103 1114 288 1142 Miraculum
302 1114 376 1150 quid
389 1119 473 1142 estet
485 1115 522 1141 de
534 1114 691 1141 miraculis
704 1121 720 1149 7
732 1111 794 1148 (134
806 1113 832 1147 b)
844 1123 874 1138 =
885 1113 930 1142 45.

104 1161 230 1189 Presciti
260 1165 333 1188 sunt
361 1160 503 1188 membra
532 1159 649 1188 Christi
678 1160 708 1186 in
741 1160 884 1195 potencia
913 1167 929 1194 9

136 1207 232 1241 (13612)
254 1217 284 1232 =
303 1207 348 1237 58-

104 1253 245 1281 Membra
256 1258 361 1280 sancte
371 1252 499 1280 ecclesie
513 1257 585 1280 sunt
599 1252 684 1279 unita
700 1260 722 1279 11
738 1250 797 1286 (137
808 1252 832 1285 Β)
845 1262 874 1276 z
886 1253 928 1281 68.

103 1299 208 1328 Sancti
233 1307 302 1327 cum
330 1300 499 1327 formidine
524 1304 551 1326 et
576 1299 634 1326 sub
656 1306 709 1333 spe
735 1298 878 1325 dixerunt
899 1306 930 1324 se

137 1354 204 1373 esse
224 1346 364 1373 membra
383 1345 511 1373 ecclesie
533 1353 554 1372 ιι
577 1343 635 1379 (137
647 1347 670 1379 ο)
691 1354 721 1369 :-
741 1345 783 1373 67.

103 1392 278 1420 Membrum
317 1391 434 1420 Christi
471 1396 517 1419 est
554 1392 666 1427 aliquis
705 1391 866 1426 tripliciter
906 1398 928 1417 11

139 1437 236 1474 (13812)
257 1449 287 1463 Ξ
308 1440 350 1468 73.

103 1485 278 1513 Membrum
311 1485 554 1520 predestinatum
588 1484 704 1512 Christi
737 1491 799 1510 non
835 1488 933 1518 potest

137 1540 259 1559 cessare
279 1540 346 1558 esse
367 1532 428 1558 tale
450 1538 477 1558 12
498 1529 560 1564 (138
571 1532 595 1565 ο)
617 1541 647 1556 z
668 1533 711 1560 74.

105 1579 138 1606 In
163 1579 264 1606 medio
285 1578 389 1613 posuit
403 1586 435 1605 se
450 1577 592 1606 Christus
613 1579 721 1605 crebr.
743 1578 772 1605 16
788 1578 884 1613 (14312)
900 1588 931 1604 =

139 1626 199 1660 107,
219 1626 280 1654 108.

109 1671 221 1698 Utrum
242 1671 344 1698 omnis
365 1678 495 1705 peccans
522 1670 692 1697 mortaliter
714 1679 773 1697 non
802 1672 841 1697 sit
861 1676 934 1697 tunc

143 1718 318 1744 membrum
339 1716 486 1744 ecclesie?
506 1724 532 1743 21
553 1715 618 1751 (148
628 1719 652 1751 ¹³)
672 1727 703 1742 z
724 1719 783 1746 141.

110 1764 152 1791 De
172 1764 334 1791 mendacio
364 1772 401 1790 an
432 1763 471 1790 sit
499 1763 634 1798 licitum;
665 1772 702 1790 an
732 1763 813 1790 Deus
836 1768 934 1798 potest

142 1809 284 1838 mentiri?
303 1817 340 1842 24
361 1809 419 1843 (150
430 1810 465 1844 d),
487 1810 520 1843 37
540 1810 605 1843 (164
616 1811 640 1844 ²²)
659 1820 689 1834 Ξ
712 1810 771 1843 159,
792 1811 852 1842 160,
872 1811 933 1839 161.

108 1879 224 1914 Mal-tyr
235 1855 677 1938 <ῑ>ἶξξῑ6ῗ12ῖο1001211>
687 1878 722 1906 ²6
733 1878 789 1911 (¹5²
801 1880 824 1913 θ)
835 1889 864 1904 ³:
873 1880 933 1907 ΓΗ

108 1949 178 1976 Mali
193 1954 265 1976 sunt
280 1948 486 1984 persequendi
498 1957 534 1977 ex
548 1949 675 1977 karitate
690 1948 714 1976 31
728 1949 785 1984 (158
796 1952 819 1984 ὃ)
833 1961 862 1975 z
874 1952 935 1979 211.

109 1995 152 2022 De
181 1995 335 2022 malorum
364 1995 571 2030 prosperitate
600 2000 628 2023 et
658 1996 811 2023 bonorum
842 1997 936 2023 tribu-

143 2042 261 2068 lacione
282 2039 313 2068 32
335 2040 396 2075 (158
406 2041 435 2076 ⁴¹)
454 2052 485 2067 =
505 2042 565 2071 215.

109 2086 170 2122 Qui
185 2087 314 2114 malefici
334 2096 351 2114 a
368 2087 550 2115 defensione
562 2089 692 2116 ecclesie
706 2088 934 2117 excluduntur?

143 2132 176 2161 33
197 2133 258 2168 (159
269 2134 292 2168 d)
313 2143 344 2159 Ξ
365 2135 425 2163 223.

115 2178 230 2207 Contra
251 2180 498 2207 misericordiam
526 2181 672 2208 iniustam
697 2186 724 2208 et
744 2180 853 2209 falsam
875 2182 937 2217 pie-

145 2230 237 2253 tatem
258 2224 294 2259 39
316 2225 376 2260 (165
388 2228 411 2260 0)
433 2237 463 2252 =
483 2228 547 2256 261.

111 2271 193 2299 Mala
213 2273 406 2300 consuetudo
426 2281 467 2308 40
489 2273 554 2307 (166
566 2275 589 2308 ⁰)
611 2284 641 2300 =
661 2275 721 2304 268.

112 2318 268 2346 Maioritas
289 2323 317 2345 et
332 2318 465 2354 dignitas
480 2324 526 2347 est
540 2320 653 2355 duplex
667 2329 704 2355 47
717 2321 781 2354 (174
790 2321 815 2355 b)
832 2331 862 2345 z
877 2322 936 2350 323.

111 2364 156 2392 Ex
167 2365 324 2392 meretrice
336 2365 407 2393 facit
416 2366 564 2401 virginem
575 2365 688 2394 Christi
698 2368 903 2402 desponsacio
915 2368 938 2401 ⁸)

147 2411 183 2439 62
203 2409 266 2446 (188
277 2412 299 2446 ο)
320 2421 350 2436 =
370 2413 431 2441 432.

113 2458 158 2485 De
187 2459 384 2486 matrimonio
414 2459 528 2487 Christi
558 2465 586 2487 et
612 2468 728 2495 sponsa
749 2459 876 2487 ecclesie
903 2459 939 2494 67

147 2502 208 2539 (193
219 2504 244 2538 ¹³)
264 2514 295 2530 =
313 2506 375 2539 473,
395 2506 456 2534 474.

114 2550 172 2578 Pro
199 2551 329 2579 mortuis
355 2552 500 2587 suffragia
521 2552 546 2579 si
567 2556 595 2580 et
622 2552 782 2587 quomodo
809 2557 941 2588 prosunt

150 2605 189 2631 70
209 2597 309 2632 (196³)
329 2608 361 2624 =
379 2599 440 2628 494-

115 2642 272 2679 Mitigacio
283 2645 782 2679 penedampnatorumdupliciter
792 2645 941 2680 accipitur

149 2696 187 2722 70
207 2691 270 2726 (197
282 2691 306 2725 ²²)
328 2700 357 2714 z
377 2691 439 2720 498.

1748 199 1824 253 593

999 315 1163 342 Mendaces
1182 315 1341 349 quomodo
1362 318 1432 340 sunt
1453 312 1601 340 irridendi
1630 312 1663 347 73
1681 313 1745 348 (199
1756 312 1780 346 ⁴¹)
1795 322 1826 338 =

1000 363 1212 435 Pr5ol9mortuis
1233 407 1360 443 exequie
1381 407 1540 442 quomodo
1556 410 1686 441 prosunt
1707 411 1735 432 et
1750 413 1828 441 quo-

1035 454 1261 481 modo-nocent
1281 453 1340 481 illis
1362 453 1393 487 75
1416 454 1479 487 (202
1490 454 1514 487 ὃ)
1534 462 1564 478 =
1584 453 1645 482 538.

1001 499 1117 527 Contra
1142 501 1281 533 lugentes
1309 503 1449 526 mortuos
1470 498 1503 533 75
1532 499 1596 533 (202
1607 500 1645 533 b),
1666 498 1701 533 76
1722 499 1788 532 (202
1799 498 1827 531 b)

1035 555 1066 570 =
1085 546 1145 574 540.

1002 647 1199 683 Negligencia
1221 649 1355 681 pastoris
1377 648 1394 675 8
1414 648 1470 682 (135
1481 650 1504 682 ἃ)
1525 659 1556 673 =
1575 649 1619 677 49.

1003 694 1123 729 Nupcie
1133 694 1244 722 Christi
1258 702 1311 730 per
1320 694 1572 722 incarnacionem
1583 702 1613 729 19
1623 693 1683 727 (145
1694 694 1718 727 ti)
1728 703 1758 718 z
1767 694 1828 722 124.

1004 739 1119 768 Contra
1144 741 1300 768 nundinas
1327 746 1355 767 et
1381 740 1531 767 secularia
1552 740 1680 775 negocia
1701 740 1730 766 in
1752 740 1829 766 locis

1038 787 1134 813 sacris
1156 785 1187 813 35
1208 786 1265 819 (161
1278 788 1299 821 c)
1321 797 1352 812 z
1372 787 1432 816 235.

1003 832 1302 860 Nabuchodonozor
1314 837 1358 859 est
1368 834 1504 860 salvatus
1516 830 1561 867 38,
1574 832 1604 859 53
1616 830 1679 866 (180
1689 832 1713 867 b)
1726 842 1756 856 =
1768 832 1827 860 369-

1004 879 1152 911 Nativitas
1186 879 1340 906 bonorum
1374 887 1407 906 ex
1442 878 1531 906 malis
1569 883 1598 905 et
1635 883 1759 906 econtra
1792 878 1829 913 67

1037 926 1098 961 (193
1110 928 1131 960 c)
1151 935 1182 951 =
1201 927 1262 955 470,

1396 975 1441 1008 O.

1004 1030 1061 1057 Pro
1083 1030 1262 1057 obediencia
1290 1031 1327 1057 ad
1354 1031 1547 1065 superiorem
1571 1029 1764 1057 consulenda
1785 1034 1831 1056 est

1038 1076 1191 1111 scriptura
1212 1084 1300 1104 sacra
1321 1084 1336 1111 7
1357 1076 1414 1110 (133
1426 1076 1448 1110 c)
1469 1086 1500 1101 =
1520 1077 1563 1109 38,
1584 1077 1627 1105 39.

1003 1122 1158 1149 Officiales
1174 1128 1202 1150 et
1217 1123 1354 1150 membra
1369 1123 1398 1150 in
1412 1123 1540 1149 ecclesia
1555 1130 1625 1149 vera
1640 1126 1668 1149 et
1684 1126 1827 1156 pretensa

1036 1177 1059 1196 11
1081 1169 1178 1203 (13812)
1198 1179 1230 1194 =
1250 1171 1292 1203 71,
1313 1171 1356 1198 72.

1004 1216 1060 1242 Pro
1081 1215 1261 1243 obediencia
1281 1215 1316 1242 ad
1339 1223 1439 1251 regern
1458 1216 1615 1251 quomodo
1635 1215 1781 1242 fundatur
1801 1214 1830 1241 in

1037 1261 1209 1294 scriptura?
1229 1269 1261 1288 22
1281 1260 1345 1296 <148
1355 1261 1380 1295 d)
1402 1271 1432 1287 =
1453 1263 1512 1291 146.

1005 1307 1169 1342 Obligatus
1199 1307 1342 1335 Christus
1373 1309 1443 1342 plus
1475 1316 1529 1334 sue
1561 1312 1701 1336 creature
1734 1314 1828 1342 quarn

1041 1359 1165 1381 econtra
1187 1359 1214 1381 et
1234 1354 1375 1381 similiter
1395 1354 1542 1381 sacerdos
1557 1354 1627 1389 plus
1641 1354 1719 1381 laico
1736 1361 1829 1389 quam

1039 1405 1164 1427 econtra
1185 1400 1219 1432 45
1240 1401 1298 1434 (172
1309 1401 1334 1434 b)
1355 1411 1386 1425 =
1406 1402 1467 1434 307,
1487 1402 1548 1430 308.

1004 1446 1075 1474 Non
1103 1454 1228 1481 semper
1258 1447 1381 1474 ordinat
1407 1447 1586 1482 episcopus,
1615 1445 1739 1481 quando
1762 1453 1830 1479 pre-

1039 1493 1138 1520 tendit
1158 1501 1190 1520 se
1211 1493 1356 1520 ordinare
1377 1493 1415 1525 611
1435 1493 1502 1527 (190
1515 1493 1538 1527 0)
1557 1502 1589 1518 =
1608 1493 1669 1521 448.

1007 1539 1114 1567 Utrum
1138 1539 1169 1566 in
1191 1539 1320 1573 singulis
1339 1539 1504 1566 ordinibus
1523 1543 1660 1565 caracter
1680 1537 1833 1573 imprimi-

1039 1585 1111 1614 tur?
1132 1594 1162 1621 71
1183 1586 1245 1621 (197
1257 1588 1279 1620 c)
1301 1596 1331 1611 =
1349 1586 1411 1619 501,
1431 1586 1495 1615 502.

1007 1633 1094 1659 Ordo
1115 1632 1275 1666 tripliciter
1295 1633 1444 1667 accipitur
1464 1640 1496 1667 72
1516 1631 1580 1667 (198
1592 1634 1616 1666 0)
1637 1642 1667 1656 z
1687 1632 1750 1661 509.

1006 1679 1116 1706 Utrum
1131 1679 1283 1706 orandum
1304 1683 1349 1706 est
1364 1687 1419 1713 pro
1435 1677 1630 1713 dampnatis?
1650 1677 1687 1704 Et
1709 1677 1835 1712 ponitur

1041 1725 1229 1753 trimembris
1240 1725 1564 1752 distincciooracionis
1574 1734 1611 1760 74
1621 1725 1689 1758 (200
1700 1724 1833 1758 d)=529.

1007 1772 1176 1806 Quomodo
1198 1777 1243 1799 est
1259 1772 1412 1799 orandum
1429 1779 1485 1807 pro
1506 1771 1662 1800 mortuis?
1682 1779 1718 1807 74
1733 1769 1834 1806 (2029)

1399 1880 1445 1911 P.

1009 1945 1089 1980 Papa
1105 1953 1164 1972 non
1183 1945 1273 1972 debet
1283 1952 1462 1980 presumere
1477 1953 1509 1972 se
1521 1952 1589 1971 esse
1601 1949 1695 1978 caput
1707 1944 1835 1972 ecclesie

1042 1999 1057 2018 2
1078 1990 1139 2025 (128
1150 1993 1174 2025 ⁰)
1195 2001 1225 2016 =
1246 1991 1273 2020 5.

1010 2037 1207 2072 Privilegium
1246 2037 1326 2064 Petri
1364 2037 1479 2071 ligandi
1517 2042 1607 2069 atque
1647 2035 1788 2064 solvendi
1821 2044 1837 2063 2

1044 2085 1106 2119 (129
1117 2085 1142 2119 ὃ)
1164 2095 1195 2109 z
1214 2085 1240 2113 9.

1010 2132 1092 2166 Papa
1112 2130 1136 2157 si
1158 2135 1203 2157 est
1227 2130 1457 2166 predestinatus
1485 2135 1512 2156 et
1539 2134 1658 2156 exercet
1684 2128 1838 2164 pastorale

1044 2176 1192 2213 officium,
1227 2182 1271 2203 est
1299 2181 1390 2211 caput
1421 2181 1502 2203 tante
1533 2176 1660 2203 ecclesie
1690 2179 1838 2210 quantam

1044 2224 1123 2258 regit
1140 2232 1161 2257 4
1178 2223 1238 2257 (130
1250 2226 1284 2257 ⁰),
1307 2231 1339 2256 14
1359 2223 1452 2257 (141b)
1473 2232 1504 2248 =
1524 2224 1568 2259 19,
1588 2223 1631 2255 93,
1653 2223 1695 2255 94,
1717 2221 1761 2250 95.

1011 2270 1079 2296 Duo
1101 2274 1171 2296 sunt
1193 2269 1331 2304 paracliti
1351 2269 1381 2296 in
1402 2267 1514 2296 divinis
1533 2277 1553 2302 4
1575 2268 1633 2301 (130
1645 2267 1669 2303 (1)
1689 2278 1719 2292 ε
1740 2268 1784 2296 22.

1010 2314 1121 2342 Nullus
1143 2323 1221 2350 papa
1242 2323 1297 2342 nec
1318 2319 1519 2350 aggregatum
1541 2323 1577 2341 ex
1597 2314 1657 2341 illis
1679 2318 1725 2341 est
1745 2317 1837 2348 caput

1045 2361 1173 2388 ecclesie
1191 2361 1206 2389 5
1227 2359 1314 2396 (131⁰)
1336 2371 1366 2386 =
1387 2362 1431 2390 27.

1011 2408 1082 2436 Non
1113 2414 1157 2436 est
1187 2411 1224 2436 de
1250 2409 1430 2435 necessitate
1462 2407 1569 2434 salutis
1599 2406 1730 2433 subesse
1759 2412 1838 2440 pape

1046 2455 1060 2483 5
1081 2455 1138 2488 (132
1148 2455 1173 2489 ¹³)
1193 2465 1224 2480 =
1244 2456 1288 2484 31.

1013 2501 1057 2530 De
1076 2501 1243 2538 prepositis
1264 2501 1424 2538 quomodo
1450 2504 1593 2527 tenentur
1617 2497 1742 2525 credere
1763 2496 1838 2524 sub—

1048 2548 1121 2576 diti?
1141 2557 1157 2584 7
1177 2548 1273 2583 (¹34⁸)
1292 2557 1324 2573 =
1342 2548 1387 2577 43.

1013 2596 1149 2623 Pastoris
1170 2594 1361 2630 negligencia
1382 2593 1398 2621 8
1418 2592 1474 2628 (135
1485 2594 1507 2627 ³⁵)
1528 2602 1560 2618 =
1577 2593 1623 2621 49.

1015 2643 1181 2677 Paupertas
1210 2641 1283 2668 cleri
1311 2641 1395 2667 iuxta
1415 2639 1530 2667 Christi
1557 2637 1687 2665 consilia
1708 2643 1725 2669 9
1745 2633 1801 2669 (135
1814 2636 1838 2669 ⁰)

1049 2709 1079 2714 -
1097 2689 1142 2723 52,
1161 2688 1205 2717 53.

194 2782 216 2816 ²²)
246 2782 280 2809 In
312 2782 400 2809 cod.:
431 2789 525 2817 quere
554 2784 624 2818 plus
655 2785 692 2811 de
717 2784 746 2811 Μ
774 2785 804 2811 111
835 2784 893 2814 fine
931 2785 1064 2820 registri.
1096 2785 1281 2819 (Sequencia
1315 2779 1406 2807 huius
1436 2778 1541 2806 literae
1572 2776 1604 2803 in
1634 2774 1694 2803 fine
1727 2772 1840 2801 indicis

117 2828 232 2863 scripta
252 2830 346 2863 sunt.)

1659 2878 1702 2912 38
