2051 3273
256 211 337 250 368
976 217 1199 250 JOHANNIS
1227 217 1421 251 WYCLIF.
1637 202 1743 259 [CAP.
1768 211 1850 240 xvi.

542 323 729 376 possibili
769 323 884 375 quod
917 322 1070 361 electus
1108 323 1159 360 ad
1196 322 1300 360 illud
1332 320 1521 361 officium
1553 329 1707 372 peccet,
1740 320 1851 359 inor-
1875 329 2005 362 180211

543 392 681 431 dinate
728 391 951 444 aspirando
996 391 1047 430 ad
1091 391 1299 429 honorem
1343 399 1383 429 et
1427 390 1588 429 cultum
1630 388 1758 428 seculi
1817 397 1856 428 et

542 462 828 514 imprudenter
872 460 1154 513 dispensando
1208 460 1318 499 bona
1368 469 1623 512 pauperum;
1664 467 1703 498 et
1745 467 1856 511 patet

545 530 918 570 contradictorium
950 530 1118 569 maioris
1151 539 1378 582 assumpte.

602 601 723 639 Pono
781 599 959 639 tercium
1018 599 1259 651 exemplum
1319 598 1361 637 in
1413 612 1499 651 quo
1551 598 1645 651 quis
1695 606 1897 641 tenetur3

544 669 728 722 accipere
762 668 1027 708 eukaristiam
1061 678 1100 708 et
1133 683 1225 708 eam
1256 668 1426 721 indigne
1455 667 1640 720 accipiat,
1675 676 1714 707 et
1745 676 1858 721 patet

545 740 662 791 quod
714 739 756 777 in
810 738 1000 778 faciendo
1047 738 1151 778 illud
1183 731 1312 791 'quod
1357 738 1479 776 debet
1531 737 1662 776 facere
1714 746 1858 790 peccat

546 808 778 848 mortaliter
822 817 993 861 propter
1037 807 1247 847 defectum
1287 806 1403 846 modi
1442 806 1633 858 faciendi⁷
1673 806 1780 846 sicut
1816 806 1857 845 in

548 878 690 917 maiori
743 887 859 931 parte
911 878 1061 918 accidit
1121 877 1163 916 in
1225 876 1471 930 accipiendo
1534 876 1858 916 ecclesiasticum

547 947 812 987 beneficium.
845 948 925 987 Sed
949 948 1073 1000 longe
1096 947 1209 986 aliud
1231 956 1291 986 est
1314 947 1460 997 dicere,
1483 948 1629 986 Petrus
1651 946 1859 999 obligatus
1880 967 1918 988 10

547 1018 624 1057 sub
658 1031 764 1070 pena
796 1017 983 1056 mortalis
1016 1017 1195 1070 recipere
1219 1016 1365 1056 datum
1393 1030 1501 1056 onus
1530 1017 1572 1056 in
1601 1016 1681 1073 lioc
1703 1025 1859 1069 peccat,

549 1096 587 1126 et
630 1086 671 1125 in
717 1096 924 1140 quantum
957 1086 1101 1139 recipit
1131 1086 1235 1126 illud
1267 1100 1375 1125 onus
1414 1086 1456 1125 in
1494 1094 1659 1126 tantum
1698 1094 1860 1138 peccat;

549 1170 647 1195 nam
686 1156 799 1209 prior
837 1156 1080 1209 proposicio
1122 1156 1220 1196 dicit
1258 1156 1299 1195 in
1338 1156 1722 1209 reduplicacionem
1761 1169 1859 1195 con-

550 1225 845 1265 comitanciam
893 1235 931 1265 et
977 1226 1158 1265 secunda
1202 1226 1300 1265 dicit
1344 1225 1725 1278 reduplicacionem
1766 1239 1861 1264 cau-

289 1308 394 1336 There
414 1308 439 1334 is
461 1315 500 1333 no
553 1296 695 1335 salem.
741 1295 881 1335 Minor
926 1295 1058 1335 eciam
1101 1295 1338 1347 argumenti
1382 1304 1442 1335 est
1489 1295 1601 1346 falsa,
1648 1294 1746 1348 quia
1776 1304 1918 1336 non15

283 1343 429 1370 evidence
449 1342 513 1369 that
776 1365 782 1371 .
819 1365 826 1372 .
1368 1365 1375 1371 .
1741 1365 1748 1372 .
1837 1364 1843 1370 .

261 1378 408 1406 silvester
433 1376 537 1403 would
554 1374 614 1404 est
637 1365 869 1405 deducibile
894 1366 1010 1419 quod
1034 1366 1146 1404 Deus
1170 1364 1194 1392 ²³<
1216 1365 1280 1404 vel
1302 1374 1503 1417 scriptura
1526 1379 1638 1404 sacra
1666 1365 1865 1417 obllgavit
1884 1370 1962 1405 180b

274 1415 349 1440 have
369 1411 479 1439 sinned
500 1411 527 1438 in
790 1435 796 1441 .
1441 1435 1448 1440 ,
1574 1434 1580 1440 ,

326 1446 473 1481 refusing.
556 1435 724 1474 beatum
757 1435 1002 1474 Sllvestrum
1036 1435 1112 1473 sub
1144 1448 1252 1487 pena
1284 1435 1471 1474 mortahs
1503 1447 1683 1487 recipere
1707 1434 1862 1473 elemo-

552 1504 662 1543 sinas
695 1505 929 1544 secundum
961 1504 1077 1543 illam
1109 1497 1290 1543 forma1‘n
1313 1518 1336 1543 a
1358 1518 1494 1544 cesare
1527 1505 1599 1543 sed
1627 1503 1863 1556 religiosius

553 1573 725 1625 fecisset,
784 1573 1054 1613 informando
1115 1587 1297 1613 cesarem
1349 1575 1466 1626 quod
1518 1582 1643 1627 caput
1695 1573 1863 1612 ecclesie

554 1643 744 1683 Christus
777 1644 818 1682 in
852 1644 970 1683 cuius
1002 1644 1154 1683 virtute
1186 1652 1353 1683 sanatus
1387 1653 1447 1683 est
1483 1643 1646 1696 aufugit
1681 1643 1863 1682 honores
1880 1661 1921 1683 20

554 1714 794 1752 mundanos
828 1722 866 1752 et
898 1713 1199 1766 proprietatem
1231 1713 1406 1752 civilem.
1442 1714 1538 1752 Ideo
1579 1713 1864 1766 superioribus

555 1783 837 1822 sacerdotibus
881 1783 965 1823 suis
1007 1797 1094 1822 non
1138 1783 1344 1822 incumbit
1386 1792 1473 1822 tam
1510 1796 1632 1836 grave
1676 1782 1864 1822 officium

555 1853 816 1892 ministrandi
865 1853 1133 1905 pauperibus,
1181 1854 1252 1892 sed
1296 1852 1561 1895 inferioribus
1595 1852 1794 1906 dyaconis
1827 1861 1867 1892 et

555 1922 682 1976 laycis
727 1922 879 1975 quibus
923 1922 1129 1962 incumbit
1173 1923 1384 1962 abiectum
1429 1923 1501 1962 sed
1538 1922 1580 1961 in
1619 1923 1750 1975 gradu
1788 1935 1866 1961 suo

557 1992 818 2031 meritorium
851 1992 1142 2042 ministerium,
1178 2006 1251 2031 nec
1290 1992 1419 2031 aliurn
1457 1992 1686 2044 primatum
1725 1991 1868 2031 docuit
1884 1999 1923 2032 25

558 2061 747 2101 Christus
770 2062 984 2114 apostolos
1017 2075 1115 2101 suos
1146 2070 1341 2114 appetere
1364 2059 1441 2100 nisi
1466 2075 1512 2100 ex
1535 2061 1704 2101 veritate
1734 2061 1869 2114 prima

559 2141 804 2184 sequentem
845 2131 1125 2170 maioritatem
1171 2132 1311 2184 quoad
1356 2131 1493 2170 Deum
1526 2130 1691 2170 racione
1730 2130 1868 2169 humi-

558 2201 671 2240 lioris
704 2201 921 2240 ministerii
957 2200 1023 2255 (ut
1056 2202 1229 2240 docetur
1262 2202 1374 2240 Luce
1406 2200 1574 2254 XXIIO).

618 2271 672 2322 Si,
696 2271 882 2324 inquam,
916 2285 1012 2310 cum
1044 2270 1195 2310 talibus
1228 2270 1592 2310 exhortacionibus
1625 2269 1872 2323 evangelicis

560 2341 743 2380 securius
776 2349 1037 2393 procurasset
1069 2340 1263 2380 Silvester
1287 2354 1360 2392 pro
1392 2339 1531 2379 futura
1563 2340 1746 2391 ecclesia,
1771 2349 1870 2379 tunc
1886 2349 1928 2380 30

561 2409 824 2448 verisimilius
857 2410 950 2462 plus
990 2409 1213 2462 profuisset
1246 2410 1412 2463 utrique
1442 2410 1560 2463 parti,
1594 2410 1699 2449 sicut
1727 2410 1872 2449 beatus

563 2480 805 2518 Leonardus
838 2480 932 2531 plus
966 2479 1124 2531 profuit
1146 2479 1231 2531 regi
1254 2479 1424 2519 Francie
1451 2479 1699 2519 retrahendo
1733 2478 1874 2531 ipsum

562 2549 611 2587 ab
645 2549 868 2588 affeccione
900 2549 1116 2588 mundana
1150 2563 1222 2602 per
1253 2549 1333 2588 hoc
1367 2550 1481 2602 quod
1513 2549 1649 2589 renuit
1687 2547 1875 2588 officium

618 2741 654 2770 13.
688 2744 730 2769 A:
762 2742 1014 2778 reduplicacione
1044 2743 1107 2770 sive
1139 2741 1371 2778 reduplicative.
1514 2750 1552 2769 ει.
1576 2742 1613 2768 B:
1645 2741 1822 2769 mundanos
1844 2741 1873 2768 in

566 2789 796 2824 proprietatem.
950 2797 995 2822 29.
1018 2791 1046 2817 A
1068 2789 1097 2816 in
1114 2797 1228 2823 marga
1250 2788 1331 2816 Nota
1346 2788 1484 2815 defectus
1502 2788 1581 2816 beati
1596 2788 1733 2816 Silvestri
1754 2787 1875 2821 (Above

567 2835 634 2862 180b
652 2835 780 2863 without
801 2836 885 2863 mark
908 2835 942 2863 of
960 2837 1137 2869 reference).
