2051 3343
237 267 329 296 CAP.
347 255 426 314 1v.]
755 270 813 302 DE
838 267 1073 301 ECCLESIA.
1794 254 1840 291 81

101 387 120 419 1
149 374 518 429 1390colorandum
549 374 666 426 quod
703 374 845 413 onmia
881 386 963 426 que
1008 371 1178 410 fuerunt
1217 371 1279 409 vel
1312 378 1431 409 erunt
1464 377 1560 409 sunt

241 443 330 483 Deo
353 442 578 495 presencia,
603 451 641 482 et
665 443 722 482 sic
744 443 796 481 ad
811 442 1049 482 tollendum
1070 440 1353 494 principatum
1365 440 1559 478 Romane

238 512 406 552 ecclesie
450 510 620 564 fingitur
664 512 781 565 quod
824 511 997 551 ecclesia
1040 518 1101 550 est
1148 523 1299 562 corpus
1341 517 1381 548 et
1411 508 1558 559 homo,

236 581 477 634 ubicunque
498 589 595 621 sunt
616 580 779 632 fideles;
802 581 918 634 quod
933 580 1144 620 Johannes
1166 594 1276 633 papa
1289 579 1404 619 XXII
1436 587 1560 631 negat

204 659 276 695 5et
307 650 575 704 philosophia
600 651 649 690 de
682 650 1007 690 continuacione
1034 649 1232 703 requisita
1264 649 1315 688 ad
1348 662 1435 688 esse
1468 661 1558 688 cor-

236 720 363 773 poris.
396 721 519 760 Unde
548 719 626 759 nisi
657 734 681 759 a
712 720 831 773 signo
867 719 1050 758 sensibili
1085 732 1308 772 possemus
1331 718 1561 758 discernere

237 790 309 843 qui
342 789 478 830 forent
518 789 794 840 ecclesiastici,
827 802 913 828 non
947 801 1172 841 possemus
1205 788 1272 828 hic
1306 801 1560 840 cognoscere

237 868 417 899 matrem
449 867 664 911 nostram;
708 858 825 912 quod
867 867 1089 911 tamquam
1132 858 1367 897 maximum
1412 857 1559 897 incon-

235 928 405 968 veniens
429 928 705 969 confunderet
726 927 975 980 religionem
999 927 1281 978 christianam,
1312 941 1409 966 cum
1433 940 1559 966 nemo

184 1019 222 1042 10
236 1006 400 1038 tenetur
431 998 600 1050 diligere
633 998 750 1051 quod
781 1011 869 1037 non
901 997 1052 1039 noscit.

293 1067 374 1107 Hic
417 1068 568 1108 dicitur
607 1068 721 1122 quod
759 1067 837 1107 ista
875 1076 935 1108 est
973 1080 1148 1107 concors
1187 1075 1429 1107 sanctorum
1466 1080 1559 1106 sen·
1574 1058 1847 1120 Αῃὲἒξζζξζᾎῃά

234 1137 370 1176 tencia
420 1136 486 1192 (ut
516 1137 669 1191 partim
700 1137 835 1190 patuit
857 1151 905 1176 ex
938 1134 1091 1192 dictis),
1125 1150 1200 1176 nec
1232 1150 1415 1190 usquam
1446 1135 1559 1175 inve·
1587 1127 1840 1198 sainptgracffiup-

236 1206 372 1247 nietur
402 1207 587 1261 aliquem
620 1216 814 1248 sanctum
853 1206 1133 1247 contradicere
1171 1206 1238 1246 isti
1271 1206 1493 1256 sentencie,
1528 1205 1561 1245 si

236 1289 321 1316 non
355 1276 488 1317 fallor.
522 1277 646 1317 Unde
678 1276 809 1317 sancti
841 1277 1050 1327 doctores,
1073 1275 1176 1316 fides
1200 1275 1369 1315 ecclesie
1402 1283 1442 1315 et
1472 1274 1561 1314 iura

184 1356 221 1389 15
237 1345 439 1385 canonica
469 1354 612 1386 tenent
643 1346 759 1385 illam
792 1346 1066 1386 concorditer.
1100 1346 1212 1384 Nam
1234 1345 1375 1398 quoad
1407 1353 1561 1384 etatem

237 1415 406 1455 ecclesie
450 1415 505 1454 sic
538 1415 677 1455 scribit
711 1415 976 1467 Augustinus
1009 1428 1135 1468 super
1164 1415 1333 1454 Psalmo
1368 1413 1559 1454 CXL110:
1585 1404 1832 1475 ᾂῗὶξξὲξξῖξξξξ

237 1483 444 1535 Ecclesia,
461 1484 612 1538 inquit,
630 1498 709 1537 que
728 1491 791 1525 est
822 1486 980 1525 mulier
1005 1485 1199 1537 antiqua,
1233 1484 1384 1523 civitas
1417 1483 1502 1523 Dei
1522 1488 1561 1522 et
1573 1474 1633 1544 ἓξ
1646 1473 1850 1536 Εῶξῇσὴᾼξξῇ

238 1566 396 1606 corpus
416 1554 586 1606 Christi,
621 1554 747 1595 habet
779 1555 955 1595 inicium
989 1554 1043 1594 ab
1066 1554 1186 1606 Abel,
1219 1554 1330 1593 sicut
1352 1552 1468 1591 mala
1502 1552 1559 1591 ci-

239 1624 348 1663 vitas
381 1637 406 1663 a
443 1623 593 1676 Caym.

208 1705 226 1737 1
297 1693 377 1733 Sed
411 1702 555 1733 contra
576 1693 688 1733 istud
711 1694 901 1745 obicitur,
917 1693 1055 1748 primo
1076 1707 1150 1747 per
1170 1693 1251 1733 hoc
1275 1692 1391 1746 quod
1424 1690 1558 1743 angeli
1574 1682 1787 1744 Thssboessiiffdn
1798 1691 1850 1744 ⁵ex

240 1761 473 1802 confirmati
523 1763 596 1817 qui
639 1772 737 1804 sunt
780 1763 1020 1817 principalis
1069 1777 1164 1817 pars
1212 1762 1382 1803 ecclesie
1419 1752 1852 1814 totumfflluddegggnffnfflj

237 1846 370 1886 genus
403 1832 630 1873 hominum
661 1843 960 1886 precesserunt.
985 1834 1103 1885 Item,
1133 1833 1272 1873 Adam
1306 1841 1345 1872 et
1370 1833 1458 1872 Eva
1491 1831 1564 1885 qui
1675 1822 1748 1849 Eve.

196 1910 336 1946 2sunt
380 1902 571 1942 membra
615 1911 756 1942 sancte
796 1903 938 1943 matris
985 1902 1154 1943 ecclesie
1193 1902 1361 1942 fuerunt
1406 1901 1564 1955 priores

237 1971 323 2011 filio
356 1986 433 2013 suo
456 1972 575 2023 Abel,
609 1985 695 2012 non
729 1986 827 2026 ergo
850 1972 1030 2026 sumpsit
1051 1971 1222 2012 ecclesia
1242 1971 1417 2011 inicium
1440 1984 1566 2011 suum

183 2052 223 2086 25
240 2042 290 2081 ab
322 2042 443 2081 Abel.

186 2122 225 2154 Κ
299 2111 517 2159 Quantum
535 2111 587 2150 ad
605 2111 729 2163 istud,
753 2111 905 2151 dicitur
927 2112 1043 2165 quod
1066 2111 1238 2151 ecclesia
1260 2124 1371 2151 nunc
1387 2110 1567 2151 sumitur
1609 2099 1825 2161 ThAenffi‘ffssch

208 2192 225 2223 1
239 2193 315 2233 pro
330 2180 595 2221 universitate
615 2181 842 2221 hominum
864 2181 1246 2234 predestinatorum
1279 2179 1345 2236 (ut
1364 2181 1405 2219 in
1421 2188 1565 2221 aucto·
1599 2170 1780 2234 {3353ng
1796 2176 1832 2230 ἐξ

238 2249 357 2290 ritate
399 2250 585 2303 predicta
623 2250 733 2290 beati
770 2250 1016 2304 Augustini)
1057 2260 1096 2290 et
1134 2264 1246 2290 nunc
1285 2264 1360 2302 pro
1399 2250 1565 2289 univer·
1581 2244 1855 2300 ᾞξῖᾒῖῗζᾎξῃξζῗ

240 2319 358 2359 sitate
403 2328 587 2360 creature
629 2320 754 2359 beate
790 2321 854 2374 (ut
886 2328 999 2373 patet
1031 2319 1314 2360 Encheridion
1346 2318 1494 2374 LV10),
1528 2329 1568 2360 et
1681 2308 1755 2342 geis.

183 2398 226 2431 30
242 2401 341 2428 cum
371 2388 414 2427 in
447 2389 662 2442 equivocis
695 2402 783 2428 non
815 2390 867 2429 sit
890 2389 1186 2442 contradiccio,
1216 2397 1330 2442 patet
1352 2389 1468 2442 quod
1491 2402 1567 2429 nec

293 2531 317 2552 2.
340 2525 379 2560 A¹
399 2524 555 2559 corrigere
574 2526 657 2553 vult:
677 2526 898 2553 tollerandum.
1078 2534 1115 2553 ιι.
1136 2527 1165 2553 A
1184 2525 1214 2553 in
1242 2532 1359 2560 marg:
1378 2524 1563 2561 Responsio.

241 2578 283 2605 14.
305 2572 333 2598 A
352 2571 383 2598 in
404 2579 518 2606 marg:
541 2570 674 2607 Triplex
693 2576 924 2599 testamentum.
1104 2573 1141 2600 15.
1162 2571 1204 2598 B:
1226 2571 1424 2599 concorditer
1444 2576 1566 2600 etatem.

243 2618 282 2645 16.
304 2618 333 2644 A
353 2617 383 2644 in
404 2626 521 2653 marg:
543 2618 751 2652 Augustinus.
797 2625 836 2645 21.
858 2620 886 2646 A
906 2619 937 2646 in
961 2626 1078 2654 marg:
1100 2618 1222 2654 Duplex
1242 2617 1391 2645 obieccio.
1464 2626 1503 2646 21.
1525 2618 1566 2645 13:

243 2663 295 2698 qui
314 2668 385 2691 sunt
405 2664 555 2692 membra.
681 2664 729 2692 26.
750 2664 826 2692 Ain
849 2673 964 2700 marg-z
986 2664 1128 2693 Solucio.
1272 2671 1316 2699 27.
1337 2665 1367 2692 A
1392 2664 1423 2692 in
1451 2673 1565 2700 marg:

244 2709 384 2737 Ecclesie
412 2710 625 2746 equivocacio.
732 2718 779 2746 29.
800 2711 834 2738 In
861 2711 971 2739 codd:
992 2710 1203 2739 Encheridion
1225 2709 1304 2738 XLI.
1326 2709 1465 2740 Correxi.

307 2839 357 2873 19.
384 2831 472 2874 Aug.
499 2831 591 2874 Opp.
617 2837 691 2863 tom
717 2832 759 2871 V,
785 2841 862 2874 pag.
887 2831 985 2875 1589.
1083 2841 1136 2874 29.
1169 2831 1257 2874 Aug.
1292 2831 1384 2874 Opp.
1410 2837 1481 2863 torn
1510 2830 1566 2871 VI,

243 2898 322 2931 pag.
352 2899 426 2932 2¹7·

1419 2950 1438 2979 6
