<?xml version="1.0" encoding="UTF-8"?>
<!DOCTYPE html PUBLIC "-//W3C//DTD XHTML 1.0 Transitional//EN"
    "http://www.w3.org/TR/xhtml1/DTD/xhtml1-transitional.dtd">
<html xmlns="http://www.w3.org/1999/xhtml" xml:lang="en" lang="en">
 <head>
  <title>
</title>
<meta http-equiv="Content-Type" content="text/html;charset=utf-8" />
  <meta name='ocr-system' content='tesseract 3.04.00' />
  <meta name='ocr-capabilities' content='ocr_page ocr_carea ocr_par ocr_line ocrx_word'/>
</head>
<body>
  <div class='ocr_page' id='page_1' title='image "./tractatusdeeccle00wycl_0594.png"; bbox 0 0 2051 3273; ppageno 0'>
   <div class='ocr_carea' id='block_1_1' title="bbox 221 203 1818 261">
    <p class='ocr_par' dir='ltr' id='par_1_1' title="bbox 221 203 1818 261">
     <span class='ocr_line' id='line_1_1' title="bbox 221 203 1818 261; baseline -0.009 -7"><span class='ocrx_word' id='word_1_1' title='bbox 221 207 300 246; x_wconf 81' lang='lat'>560</span> <span class='ocrx_word' id='word_1_2' title='bbox 937 216 1162 248; x_wconf 82' lang='lat' dir='ltr'>JOHANNIS</span> <span class='ocrx_word' id='word_1_3' title='bbox 1189 216 1380 248; x_wconf 80' lang='lat' dir='ltr'>WYCLIF.</span> <span class='ocrx_word' id='word_1_4' title='bbox 1581 203 1688 261; x_wconf 81' lang='lat' dir='ltr'>[CAP.</span> <span class='ocrx_word' id='word_1_5' title='bbox 1708 212 1818 241; x_wconf 79' lang='lat' dir='ltr'>xxm.</span> 
     </span>
    </p>
   </div>
   <div class='ocr_carea' id='block_1_2' title="bbox 221 320 1971 720">
    <p class='ocr_par' dir='ltr' id='par_1_2' title="bbox 508 320 1971 650">
     <span class='ocr_line' id='line_1_2' title="bbox 508 320 1971 374; baseline 0 -15"><span class='ocrx_word' id='word_1_6' title='bbox 508 330 676 361; x_wconf 80' lang='lat' dir='ltr'>vantem</span> <span class='ocrx_word' id='word_1_7' title='bbox 717 330 888 374; x_wconf 91' lang='lat' dir='ltr'>propter</span> <span class='ocrx_word' id='word_1_8' title='bbox 926 320 1199 359; x_wconf 80' lang='lat' dir='ltr'>solitudinem</span> <span class='ocrx_word' id='word_1_9' title='bbox 1237 334 1311 360; x_wconf 90' lang='lat' dir='ltr'>sue</span> <span class='ocrx_word' id='word_1_10' title='bbox 1344 320 1716 374; x_wconf 88' lang='lat' dir='ltr'>supereminencie,</span> <span class='ocrx_word' id='word_1_11' title='bbox 1762 320 1820 359; x_wconf 90' lang='lat' dir='ltr'>sic</span> <span class='ocrx_word' id='word_1_12' title='bbox 1837 335 1915 373; x_wconf 76' lang='lat'><strong>204⁰</strong></span> <span class='ocrx_word' id='word_1_13' title='bbox 1939 332 1971 365; x_wconf 84' lang='grc' dir='ltr'><strong>Ε</strong></span> 
     </span>
     <span class='ocr_line' id='line_1_3' title="bbox 509 389 1820 443; baseline -0.001 -14"><span class='ocrx_word' id='word_1_14' title='bbox 509 398 694 429; x_wconf 84' lang='lat' dir='ltr'>creatura</span> <span class='ocrx_word' id='word_1_15' title='bbox 732 403 818 429; x_wconf 90' lang='lat' dir='ltr'>non</span> <span class='ocrx_word' id='word_1_16' title='bbox 857 398 996 442; x_wconf 90' lang='lat' dir='ltr'>potest</span> <span class='ocrx_word' id='word_1_17' title='bbox 1036 403 1144 442; x_wconf 89' lang='lat' dir='ltr'>opus</span> <span class='ocrx_word' id='word_1_18' title='bbox 1184 390 1469 443; x_wconf 89' lang='lat' dir='ltr'>quodcunque</span> <span class='ocrx_word' id='word_1_19' title='bbox 1507 389 1702 442; x_wconf 90' lang='lat' dir='ltr'>perficere</span> <span class='ocrx_word' id='word_1_20' title='bbox 1741 390 1820 429; x_wconf 88' lang='lat' dir='ltr'>nisi</span> 
     </span>
     <span class='ocr_line' id='line_1_4' title="bbox 509 458 1819 511; baseline 0 -13"><span class='ocrx_word' id='word_1_21' title='bbox 509 473 607 498; x_wconf 88' lang='lat' dir='ltr'>cum</span> <span class='ocrx_word' id='word_1_22' title='bbox 639 459 851 498; x_wconf 87' lang='lat' dir='ltr'>iuvamine</span> <span class='ocrx_word' id='word_1_23' title='bbox 883 458 1049 498; x_wconf 86' lang='lat' dir='ltr'>alterius</span> <span class='ocrx_word' id='word_1_24' title='bbox 1090 467 1234 498; x_wconf 85' lang='lat' dir='ltr'>nature</span> <span class='ocrx_word' id='word_1_25' title='bbox 1273 467 1444 511; x_wconf 88' lang='lat' dir='ltr'>propter</span> <span class='ocrx_word' id='word_1_26' title='bbox 1481 472 1554 511; x_wconf 90' lang='lat' dir='ltr'>per</span> <span class='ocrx_word' id='word_1_27' title='bbox 1586 473 1628 499; x_wconf 91' lang='lat' dir='ltr'>se</span> <span class='ocrx_word' id='word_1_28' title='bbox 1661 458 1819 498; x_wconf 87' lang='lat' dir='ltr'>subiec-</span> 
     </span>
     <span class='ocr_line' id='line_1_5' title="bbox 510 528 1822 581; baseline 0.001 -14"><span class='ocrx_word' id='word_1_29' title='bbox 510 529 673 567; x_wconf 88' lang='lat' dir='ltr'>cionem</span> <span class='ocrx_word' id='word_1_30' title='bbox 708 528 915 568; x_wconf 80' lang='lat' dir='ltr'>servitutis</span> <span class='ocrx_word' id='word_1_31' title='bbox 947 536 987 568; x_wconf 87' lang='lat' dir='ltr'>et</span> <span class='ocrx_word' id='word_1_32' title='bbox 1026 528 1295 567; x_wconf 85' lang='lat' dir='ltr'>essencialem</span> <span class='ocrx_word' id='word_1_33' title='bbox 1328 528 1657 581; x_wconf 81' lang='lat' dir='ltr'>dependenciam</span> <span class='ocrx_word' id='word_1_34' title='bbox 1690 543 1713 568; x_wconf 87' lang='lat' dir='ltr'>a</span> <span class='ocrx_word' id='word_1_35' title='bbox 1745 542 1822 568; x_wconf 90' lang='lat' dir='ltr'>suo</span> 
     </span>
     <span class='ocr_line' id='line_1_6' title="bbox 511 597 1857 650; baseline 0 -14"><span class='ocrx_word' id='word_1_36' title='bbox 511 597 729 650; x_wconf 89' lang='lat' dir='ltr'>principio.</span> <span class='ocrx_word' id='word_1_37' title='bbox 776 598 829 637; x_wconf 91' lang='lat' dir='ltr'>Et</span> <span class='ocrx_word' id='word_1_38' title='bbox 860 611 933 650; x_wconf 88' lang='lat' dir='ltr'>per</span> <span class='ocrx_word' id='word_1_39' title='bbox 965 597 1040 636; x_wconf 89' lang='lat' dir='ltr'>hec</span> <span class='ocrx_word' id='word_1_40' title='bbox 1072 606 1184 649; x_wconf 87' lang='lat' dir='ltr'>patet</span> <span class='ocrx_word' id='word_1_41' title='bbox 1216 598 1446 650; x_wconf 86' lang='lat' dir='ltr'>responsio.</span> <span class='ocrx_word' id='word_1_42' title='bbox 1842 607 1857 640; x_wconf 82' lang='grc'>5</span> 
     </span>
    </p>

    <p class='ocr_par' dir='ltr' id='par_1_3' title="bbox 221 666 1870 720">
     <span class='ocr_line' id='line_1_7' title="bbox 221 666 1870 720; baseline 0.001 -14"><span class='ocrx_word' id='word_1_43' title='bbox 221 686 265 712; x_wconf 81' lang='lat' dir='ltr'>As</span> <span class='ocrx_word' id='word_1_44' title='bbox 293 690 323 711; x_wconf 70' lang='lat'>10</span> <span class='ocrx_word' id='word_1_45' title='bbox 344 684 392 711; x_wconf 78' lang='lat' dir='ltr'>the</span> <span class='ocrx_word' id='word_1_46' title='bbox 412 684 494 711; x_wconf 83' lang='lat' dir='ltr'>third</span> <span class='ocrx_word' id='word_1_47' title='bbox 567 668 635 706; x_wconf 92' lang='lat' dir='ltr'>Ad</span> <span class='ocrx_word' id='word_1_48' title='bbox 667 667 844 706; x_wconf 87' lang='lat' dir='ltr'>tercium</span> <span class='ocrx_word' id='word_1_49' title='bbox 867 666 1016 706; x_wconf 87' lang='lat' dir='ltr'>dicitur</span> <span class='ocrx_word' id='word_1_50' title='bbox 1049 667 1240 719; x_wconf 84' lang='lat' dir='ltr'>negando</span> <span class='ocrx_word' id='word_1_51' title='bbox 1273 666 1495 718; x_wconf 76' lang='lat' dir='ltr'>minorem,</span> <span class='ocrx_word' id='word_1_52' title='bbox 1528 680 1626 707; x_wconf 91' lang='lat' dir='ltr'>nam</span> <span class='ocrx_word' id='word_1_53' title='bbox 1659 676 1870 720; x_wconf 86' lang='lat' dir='ltr'>oportetF</span> 
     </span>
    </p>
   </div>
   <div class='ocr_carea' id='block_1_3' title="bbox 221 719 1826 781">
    <p class='ocr_par' dir='ltr' id='par_1_4' title="bbox 221 719 1826 781">
     <span class='ocr_line' id='line_1_8' title="bbox 221 719 1826 781; baseline 0.001 -6"><span class='ocrx_word' id='word_1_54' title='bbox 221 719 649 781; x_wconf 45' lang='lat' dir='ltr'>argtigmffltnagetheum</span> <span class='ocrx_word' id='word_1_55' title='bbox 686 736 727 775; x_wconf 89' lang='lat' dir='ltr'>in</span> <span class='ocrx_word' id='word_1_56' title='bbox 767 736 884 775; x_wconf 88' lang='lat' dir='ltr'>omni</span> <span class='ocrx_word' id='word_1_57' title='bbox 923 734 1210 775; x_wconf 82' lang='lat' dir='ltr'>satisfaccione</span> <span class='ocrx_word' id='word_1_58' title='bbox 1248 744 1431 776; x_wconf 80' lang='lat' dir='ltr'>creature</span> <span class='ocrx_word' id='word_1_59' title='bbox 1471 750 1543 775; x_wconf 90' lang='lat' dir='ltr'>sue</span> <span class='ocrx_word' id='word_1_60' title='bbox 1583 750 1826 776; x_wconf 87' lang='lat' dir='ltr'>concurrere</span> 
     </span>
    </p>
   </div>
   <div class='ocr_carea' id='block_1_4' title="bbox 228 788 1896 2598">
    <p class='ocr_par' dir='ltr' id='par_1_5' title="bbox 228 788 1896 2598">
     <span class='ocr_line' id='line_1_9' title="bbox 230 788 1825 851; baseline -0.004 0"><span class='ocrx_word' id='word_1_61' title='bbox 230 788 491 851; x_wconf 44' lang='grc' dir='ltr'>ἀιιιξξῗῗῗὲιῖιηοῗῇ</span> <span class='ocrx_word' id='word_1_62' title='bbox 512 815 550 845; x_wconf 87' lang='lat' dir='ltr'>et</span> <span class='ocrx_word' id='word_1_63' title='bbox 583 816 642 846; x_wconf 88' lang='lat' dir='ltr'>est</span> <span class='ocrx_word' id='word_1_64' title='bbox 682 806 724 844; x_wconf 90' lang='lat' dir='ltr'>in</span> <span class='ocrx_word' id='word_1_65' title='bbox 761 805 927 845; x_wconf 88' lang='lat' dir='ltr'>racione</span> <span class='ocrx_word' id='word_1_66' title='bbox 971 804 1096 845; x_wconf 89' lang='lat' dir='ltr'>debiti</span> <span class='ocrx_word' id='word_1_67' title='bbox 1135 805 1320 845; x_wconf 90' lang='lat' dir='ltr'>hominis</span> <span class='ocrx_word' id='word_1_68' title='bbox 1358 806 1409 845; x_wconf 90' lang='lat' dir='ltr'>ad</span> <span class='ocrx_word' id='word_1_69' title='bbox 1449 805 1668 846; x_wconf 90' lang='lat' dir='ltr'>hominem</span> <span class='ocrx_word' id='word_1_70' title='bbox 1706 820 1752 846; x_wconf 85' lang='lat' dir='ltr'>ac</span> <span class='ocrx_word' id='word_1_71' title='bbox 1783 807 1825 845; x_wconf 91' lang='lat' dir='ltr'>in</span> 
     </span>
     <span class='ocr_line' id='line_1_10' title="bbox 240 857 1824 928; baseline 0 -13"><span class='ocrx_word' id='word_1_72' title='bbox 240 859 328 886; x_wconf 52' lang='lat' dir='ltr'>dem</span> <span class='ocrx_word' id='word_1_73' title='bbox 350 863 380 885; x_wconf 63' lang='grc' dir='ltr'>ω</span> <span class='ocrx_word' id='word_1_74' title='bbox 401 857 484 891; x_wconf 81' lang='lat' dir='ltr'>God,</span> <span class='ocrx_word' id='word_1_75' title='bbox 510 876 676 915; x_wconf 88' lang='lat' dir='ltr'>racione</span> <span class='ocrx_word' id='word_1_76' title='bbox 709 874 836 914; x_wconf 91' lang='lat' dir='ltr'>debiti</span> <span class='ocrx_word' id='word_1_77' title='bbox 874 874 1059 914; x_wconf 89' lang='lat' dir='ltr'>hominis</span> <span class='ocrx_word' id='word_1_78' title='bbox 1097 876 1147 914; x_wconf 87' lang='lat' dir='ltr'>ad</span> <span class='ocrx_word' id='word_1_79' title='bbox 1181 875 1318 914; x_wconf 89' lang='lat' dir='ltr'>Deum</span> <span class='ocrx_word' id='word_1_80' title='bbox 1357 876 1547 928; x_wconf 83' lang='lat' dir='ltr'>neganda</span> <span class='ocrx_word' id='word_1_81' title='bbox 1578 875 1824 916; x_wconf 87' lang='lat' dir='ltr'>differencia.</span> 
     </span>
     <span class='ocr_line' id='line_1_11' title="bbox 512 944 1884 998; baseline 0.001 -13"><span class='ocrx_word' id='word_1_82' title='bbox 512 947 657 985; x_wconf 89' lang='lat' dir='ltr'>Homo</span> <span class='ocrx_word' id='word_1_83' title='bbox 696 945 808 984; x_wconf 88' lang='lat' dir='ltr'>enim</span> <span class='ocrx_word' id='word_1_84' title='bbox 852 953 989 998; x_wconf 87' lang='lat' dir='ltr'>potest</span> <span class='ocrx_word' id='word_1_85' title='bbox 1028 944 1205 984; x_wconf 91' lang='lat' dir='ltr'>omnino</span> <span class='ocrx_word' id='word_1_86' title='bbox 1244 944 1348 984; x_wconf 85' lang='lat' dir='ltr'>solvi</span> <span class='ocrx_word' id='word_1_87' title='bbox 1387 959 1409 983; x_wconf 89' lang='lat' dir='ltr'>a</span> <span class='ocrx_word' id='word_1_88' title='bbox 1441 944 1646 997; x_wconf 87' lang='lat' dir='ltr'>corporali</span> <span class='ocrx_word' id='word_1_89' title='bbox 1685 944 1884 986; x_wconf 87' lang='lat' dir='ltr'>debito10</span> 
     </span>
     <span class='ocr_line' id='line_1_12' title="bbox 512 1013 1828 1068; baseline 0 -14"><span class='ocrx_word' id='word_1_90' title='bbox 512 1015 574 1055; x_wconf 87' lang='lat' dir='ltr'>sui</span> <span class='ocrx_word' id='word_1_91' title='bbox 613 1016 664 1054; x_wconf 88' lang='lat' dir='ltr'>ad</span> <span class='ocrx_word' id='word_1_92' title='bbox 709 1014 943 1066; x_wconf 86' lang='lat' dir='ltr'>hominem,</span> <span class='ocrx_word' id='word_1_93' title='bbox 988 1014 1084 1068; x_wconf 86' lang='lat' dir='ltr'>quia</span> <span class='ocrx_word' id='word_1_94' title='bbox 1129 1027 1216 1053; x_wconf 92' lang='lat' dir='ltr'>non</span> <span class='ocrx_word' id='word_1_95' title='bbox 1255 1023 1316 1053; x_wconf 88' lang='lat' dir='ltr'>est</span> <span class='ocrx_word' id='word_1_96' title='bbox 1360 1013 1635 1054; x_wconf 87' lang='lat' dir='ltr'>essencialiter</span> <span class='ocrx_word' id='word_1_97' title='bbox 1667 1013 1828 1054; x_wconf 88' lang='lat' dir='ltr'>debitor</span> 
     </span>
     <span class='ocr_line' id='line_1_13' title="bbox 512 1083 1827 1137; baseline 0 -14"><span class='ocrx_word' id='word_1_98' title='bbox 512 1085 573 1124; x_wconf 87' lang='lat' dir='ltr'>sui</span> <span class='ocrx_word' id='word_1_99' title='bbox 615 1098 690 1137; x_wconf 90' lang='lat' dir='ltr'>pro</span> <span class='ocrx_word' id='word_1_100' title='bbox 736 1084 852 1123; x_wconf 89' lang='lat' dir='ltr'>omni</span> <span class='ocrx_word' id='word_1_101' title='bbox 892 1084 1004 1123; x_wconf 90' lang='lat' dir='ltr'>bono</span> <span class='ocrx_word' id='word_1_102' title='bbox 1044 1084 1160 1137; x_wconf 88' lang='lat' dir='ltr'>quod</span> <span class='ocrx_word' id='word_1_103' title='bbox 1205 1083 1405 1136; x_wconf 86' lang='lat' dir='ltr'>possidet,</span> <span class='ocrx_word' id='word_1_104' title='bbox 1450 1083 1547 1137; x_wconf 87' lang='lat' dir='ltr'>quia</span> <span class='ocrx_word' id='word_1_105' title='bbox 1586 1092 1686 1123; x_wconf 90' lang='lat' dir='ltr'>tunc</span> <span class='ocrx_word' id='word_1_106' title='bbox 1723 1084 1827 1123; x_wconf 86' lang='lat' dir='ltr'>alius</span> 
     </span>
     <span class='ocr_line' id='line_1_14' title="bbox 514 1152 1829 1206; baseline 0 -14"><span class='ocrx_word' id='word_1_107' title='bbox 514 1154 620 1194; x_wconf 89' lang='lat' dir='ltr'>foret</span> <span class='ocrx_word' id='word_1_108' title='bbox 659 1154 771 1194; x_wconf 89' lang='lat' dir='ltr'>Deus</span> <span class='ocrx_word' id='word_1_109' title='bbox 810 1167 924 1205; x_wconf 89' lang='lat' dir='ltr'>suus,</span> <span class='ocrx_word' id='word_1_110' title='bbox 969 1154 1040 1193; x_wconf 92' lang='lat' dir='ltr'>sed</span> <span class='ocrx_word' id='word_1_111' title='bbox 1080 1166 1205 1193; x_wconf 87' lang='lat' dir='ltr'>nemo</span> <span class='ocrx_word' id='word_1_112' title='bbox 1250 1162 1390 1206; x_wconf 87' lang='lat' dir='ltr'>potest</span> <span class='ocrx_word' id='word_1_113' title='bbox 1435 1152 1611 1192; x_wconf 87' lang='lat' dir='ltr'>omnino</span> <span class='ocrx_word' id='word_1_114' title='bbox 1650 1153 1773 1193; x_wconf 88' lang='lat' dir='ltr'>eximi</span> <span class='ocrx_word' id='word_1_115' title='bbox 1806 1168 1829 1192; x_wconf 85' lang='lat' dir='ltr'>a</span> 
     </span>
     <span class='ocr_line' id='line_1_15' title="bbox 515 1223 1829 1276; baseline 0 -14"><span class='ocrx_word' id='word_1_116' title='bbox 515 1224 655 1264; x_wconf 90' lang='lat' dir='ltr'>debito</span> <span class='ocrx_word' id='word_1_117' title='bbox 688 1224 764 1263; x_wconf 89' lang='lat' dir='ltr'>Dei</span> <span class='ocrx_word' id='word_1_118' title='bbox 797 1223 873 1274; x_wconf 89' lang='lat' dir='ltr'>sui,</span> <span class='ocrx_word' id='word_1_119' title='bbox 907 1223 1005 1276; x_wconf 85' lang='lat' dir='ltr'>quia</span> <span class='ocrx_word' id='word_1_120' title='bbox 1036 1232 1136 1262; x_wconf 88' lang='lat' dir='ltr'>tunc</span> <span class='ocrx_word' id='word_1_121' title='bbox 1168 1236 1255 1262; x_wconf 90' lang='lat' dir='ltr'>non</span> <span class='ocrx_word' id='word_1_122' title='bbox 1289 1231 1498 1262; x_wconf 89' lang='lat' dir='ltr'>teneretur</span> <span class='ocrx_word' id='word_1_123' title='bbox 1519 1223 1609 1262; x_wconf 91' lang='lat' dir='ltr'>Deo</span> <span class='ocrx_word' id='word_1_124' title='bbox 1642 1236 1717 1275; x_wconf 93' lang='lat' dir='ltr'>pro</span> <span class='ocrx_word' id='word_1_125' title='bbox 1742 1236 1829 1262; x_wconf 88' lang='lat' dir='ltr'>esse</span> 
     </span>
     <span class='ocr_line' id='line_1_16' title="bbox 516 1292 1885 1345; baseline 0.001 -13"><span class='ocrx_word' id='word_1_126' title='bbox 516 1308 608 1345; x_wconf 84' lang='lat' dir='ltr'>suo,</span> <span class='ocrx_word' id='word_1_127' title='bbox 642 1294 713 1332; x_wconf 90' lang='lat' dir='ltr'>sed</span> <span class='ocrx_word' id='word_1_128' title='bbox 737 1292 843 1332; x_wconf 88' lang='lat' dir='ltr'>foret</span> <span class='ocrx_word' id='word_1_129' title='bbox 864 1293 977 1332; x_wconf 91' lang='lat' dir='ltr'>Deus</span> <span class='ocrx_word' id='word_1_130' title='bbox 1001 1292 1245 1345; x_wconf 87' lang='lat' dir='ltr'>simpliciter</span> <span class='ocrx_word' id='word_1_131' title='bbox 1277 1306 1351 1345; x_wconf 89' lang='lat' dir='ltr'>par</span> <span class='ocrx_word' id='word_1_132' title='bbox 1383 1306 1480 1332; x_wconf 91' lang='lat' dir='ltr'>cum</span> <span class='ocrx_word' id='word_1_133' title='bbox 1511 1292 1596 1332; x_wconf 91' lang='lat' dir='ltr'>illo.</span> <span class='ocrx_word' id='word_1_134' title='bbox 1634 1292 1729 1331; x_wconf 89' lang='lat' dir='ltr'>ldeo</span> <span class='ocrx_word' id='word_1_135' title='bbox 1752 1292 1828 1332; x_wconf 83' lang='lat' dir='ltr'>ista</span> <span class='ocrx_word' id='word_1_136' title='bbox 1851 1302 1885 1334; x_wconf 80' lang='lat'>15</span> 
     </span>
     <span class='ocr_line' id='line_1_17' title="bbox 517 1361 1830 1416; baseline -0.002 -14"><span class='ocrx_word' id='word_1_137' title='bbox 517 1372 576 1402; x_wconf 88' lang='lat' dir='ltr'>est</span> <span class='ocrx_word' id='word_1_138' title='bbox 609 1362 800 1402; x_wconf 88' lang='lat' dir='ltr'>condicio</span> <span class='ocrx_word' id='word_1_139' title='bbox 834 1362 1106 1416; x_wconf 88' lang='lat' dir='ltr'>obligacionis</span> <span class='ocrx_word' id='word_1_140' title='bbox 1138 1361 1322 1401; x_wconf 92' lang='lat' dir='ltr'>hominis</span> <span class='ocrx_word' id='word_1_141' title='bbox 1356 1363 1408 1401; x_wconf 92' lang='lat' dir='ltr'>ad</span> <span class='ocrx_word' id='word_1_142' title='bbox 1440 1363 1591 1412; x_wconf 87' lang='lat' dir='ltr'>Deum,</span> <span class='ocrx_word' id='word_1_143' title='bbox 1633 1362 1748 1415; x_wconf 92' lang='lat' dir='ltr'>quod</span> <span class='ocrx_word' id='word_1_144' title='bbox 1781 1362 1830 1400; x_wconf 93' lang='lat' dir='ltr'>de</span> 
     </span>
     <span class='ocr_line' id='line_1_18' title="bbox 228 1431 1832 1486; baseline -0.001 -14"><span class='ocrx_word' id='word_1_145' title='bbox 228 1442 501 1471; x_wconf 72' lang='lat' dir='ltr'>whichincreases</span> <span class='ocrx_word' id='word_1_146' title='bbox 518 1441 677 1486; x_wconf 87' lang='lat' dir='ltr'>quanto</span> <span class='ocrx_word' id='word_1_147' title='bbox 711 1432 924 1485; x_wconf 86' lang='lat' dir='ltr'>copiosius</span> <span class='ocrx_word' id='word_1_148' title='bbox 957 1441 997 1472; x_wconf 93' lang='lat' dir='ltr'>et</span> <span class='ocrx_word' id='word_1_149' title='bbox 1019 1432 1277 1485; x_wconf 87' lang='lat' dir='ltr'>complecius</span> <span class='ocrx_word' id='word_1_150' title='bbox 1308 1431 1433 1471; x_wconf 80' lang='lat' dir='ltr'>solvit</span> <span class='ocrx_word' id='word_1_151' title='bbox 1464 1431 1539 1470; x_wconf 88' lang='lat' dir='ltr'>sibi</span> <span class='ocrx_word' id='word_1_152' title='bbox 1569 1431 1759 1471; x_wconf 86' lang='lat' dir='ltr'>debitum</span> <span class='ocrx_word' id='word_1_153' title='bbox 1782 1431 1832 1470; x_wconf 90' lang='lat' dir='ltr'>de</span> 
     </span>
     <span class='ocr_line' id='line_1_19' title="bbox 255 1479 1832 1555; baseline 0 -16"><span class='ocrx_word' id='word_1_154' title='bbox 255 1479 305 1506; x_wconf 49' lang='grc' dir='ltr'>Νη</span> <span class='ocrx_word' id='word_1_155' title='bbox 327 1485 412 1548; x_wconf 45' lang='grc' dir='ltr'>Ἓξξῗ</span> <span class='ocrx_word' id='word_1_156' title='bbox 434 1484 479 1503; x_wconf 64' lang='lat' dir='ltr'>We</span> <span class='ocrx_word' id='word_1_157' title='bbox 516 1510 633 1541; x_wconf 85' lang='lat' dir='ltr'>tanto</span> <span class='ocrx_word' id='word_1_158' title='bbox 674 1510 733 1541; x_wconf 90' lang='lat' dir='ltr'>est</span> <span class='ocrx_word' id='word_1_159' title='bbox 772 1501 1000 1555; x_wconf 86' lang='lat' dir='ltr'>obligacior</span> <span class='ocrx_word' id='word_1_160' title='bbox 1037 1502 1178 1555; x_wconf 84' lang='lat' dir='ltr'>quoad</span> <span class='ocrx_word' id='word_1_161' title='bbox 1219 1514 1330 1552; x_wconf 89' lang='lat' dir='ltr'>eum,</span> <span class='ocrx_word' id='word_1_162' title='bbox 1377 1501 1473 1555; x_wconf 89' lang='lat' dir='ltr'>quia</span> <span class='ocrx_word' id='word_1_163' title='bbox 1505 1501 1555 1539; x_wconf 91' lang='lat' dir='ltr'>de</span> <span class='ocrx_word' id='word_1_164' title='bbox 1586 1509 1704 1540; x_wconf 90' lang='lat' dir='ltr'>tanto</span> <span class='ocrx_word' id='word_1_165' title='bbox 1737 1500 1832 1554; x_wconf 89' lang='lat' dir='ltr'>plus</span> 
     </span>
     <span class='ocr_line' id='line_1_20' title="bbox 518 1570 1833 1624; baseline 0 -14"><span class='ocrx_word' id='word_1_166' title='bbox 518 1571 618 1611; x_wconf 93' lang='lat' dir='ltr'>boni</span> <span class='ocrx_word' id='word_1_167' title='bbox 650 1572 699 1611; x_wconf 87' lang='lat' dir='ltr'>ab</span> <span class='ocrx_word' id='word_1_168' title='bbox 732 1585 782 1611; x_wconf 92' lang='lat' dir='ltr'>eo</span> <span class='ocrx_word' id='word_1_169' title='bbox 814 1571 972 1624; x_wconf 87' lang='lat' dir='ltr'>recipit.</span> <span class='ocrx_word' id='word_1_170' title='bbox 1017 1572 1071 1611; x_wconf 89' lang='lat' dir='ltr'>Et</span> <span class='ocrx_word' id='word_1_171' title='bbox 1108 1571 1184 1610; x_wconf 91' lang='lat' dir='ltr'>hec</span> <span class='ocrx_word' id='word_1_172' title='bbox 1220 1571 1331 1611; x_wconf 90' lang='lat' dir='ltr'>racio</span> <span class='ocrx_word' id='word_1_173' title='bbox 1365 1584 1491 1624; x_wconf 84' lang='lat' dir='ltr'>quare</span> <span class='ocrx_word' id='word_1_174' title='bbox 1529 1570 1661 1610; x_wconf 89' lang='lat' dir='ltr'>homo</span> <span class='ocrx_word' id='word_1_175' title='bbox 1694 1579 1833 1623; x_wconf 88' lang='lat' dir='ltr'>potest</span> 
     </span>
     <span class='ocr_line' id='line_1_21' title="bbox 517 1640 1890 1695; baseline 0 -14"><span class='ocrx_word' id='word_1_176' title='bbox 517 1642 698 1695; x_wconf 89' lang='lat' dir='ltr'>recipere</span> <span class='ocrx_word' id='word_1_177' title='bbox 733 1640 1064 1681; x_wconf 86' lang='lat' dir='ltr'>satisfaccionem</span> <span class='ocrx_word' id='word_1_178' title='bbox 1087 1640 1283 1681; x_wconf 87' lang='lat' dir='ltr'>debitoris</span> <span class='ocrx_word' id='word_1_179' title='bbox 1317 1640 1379 1680; x_wconf 89' lang='lat' dir='ltr'>sui</span> <span class='ocrx_word' id='word_1_180' title='bbox 1410 1640 1451 1679; x_wconf 89' lang='lat' dir='ltr'>in</span> <span class='ocrx_word' id='word_1_181' title='bbox 1485 1640 1567 1680; x_wconf 90' lang='lat' dir='ltr'>vita</span> <span class='ocrx_word' id='word_1_182' title='bbox 1602 1640 1666 1679; x_wconf 87' lang='lat' dir='ltr'>vel</span> <span class='ocrx_word' id='word_1_183' title='bbox 1698 1648 1833 1679; x_wconf 86' lang='lat' dir='ltr'>morte</span> <span class='ocrx_word' id='word_1_184' title='bbox 1849 1659 1890 1681; x_wconf 87' lang='lat'>20</span> 
     </span>
     <span class='ocr_line' id='line_1_22' title="bbox 518 1709 1830 1764; baseline -0.003 -13"><span class='ocrx_word' id='word_1_185' title='bbox 518 1711 606 1751; x_wconf 92' lang='lat' dir='ltr'>eius</span> <span class='ocrx_word' id='word_1_186' title='bbox 645 1725 717 1764; x_wconf 89' lang='lat' dir='ltr'>per</span> <span class='ocrx_word' id='word_1_187' title='bbox 756 1719 1071 1764; x_wconf 84' lang='lat' dir='ltr'>procuratorem</span> <span class='ocrx_word' id='word_1_188' title='bbox 1109 1711 1201 1763; x_wconf 85' lang='lat' dir='ltr'>ipso</span> <span class='ocrx_word' id='word_1_189' title='bbox 1240 1723 1327 1749; x_wconf 91' lang='lat' dir='ltr'>non</span> <span class='ocrx_word' id='word_1_190' title='bbox 1362 1718 1614 1762; x_wconf 88' lang='lat' dir='ltr'>cooperante</span> <span class='ocrx_word' id='word_1_191' title='bbox 1655 1709 1705 1748; x_wconf 91' lang='lat' dir='ltr'>ad</span> <span class='ocrx_word' id='word_1_192' title='bbox 1737 1709 1830 1748; x_wconf 90' lang='lat' dir='ltr'>hoc.</span> 
     </span>
     <span class='ocr_line' id='line_1_23' title="bbox 519 1778 1832 1834; baseline -0.002 -14"><span class='ocrx_word' id='word_1_193' title='bbox 519 1781 630 1821; x_wconf 92' lang='lat' dir='ltr'>Deus</span> <span class='ocrx_word' id='word_1_194' title='bbox 663 1789 806 1820; x_wconf 87' lang='lat' dir='ltr'>autem</span> <span class='ocrx_word' id='word_1_195' title='bbox 837 1794 921 1820; x_wconf 92' lang='lat' dir='ltr'>non</span> <span class='ocrx_word' id='word_1_196' title='bbox 956 1789 1093 1834; x_wconf 87' lang='lat' dir='ltr'>potest</span> <span class='ocrx_word' id='word_1_197' title='bbox 1124 1780 1304 1833; x_wconf 89' lang='lat' dir='ltr'>recipere</span> <span class='ocrx_word' id='word_1_198' title='bbox 1335 1793 1356 1818; x_wconf 86' lang='lat' dir='ltr'>a</span> <span class='ocrx_word' id='word_1_199' title='bbox 1389 1793 1507 1819; x_wconf 82' lang='lat' dir='ltr'>servo</span> <span class='ocrx_word' id='word_1_200' title='bbox 1541 1792 1617 1818; x_wconf 85' lang='lat' dir='ltr'>suo</span> <span class='ocrx_word' id='word_1_201' title='bbox 1651 1778 1832 1818; x_wconf 81' lang='lat' dir='ltr'>satisfac-</span> 
     </span>
     <span class='ocr_line' id='line_1_24' title="bbox 521 1848 1832 1903; baseline -0.003 -13"><span class='ocrx_word' id='word_1_202' title='bbox 521 1851 688 1891; x_wconf 89' lang='lat' dir='ltr'>cionem</span> <span class='ocrx_word' id='word_1_203' title='bbox 720 1864 796 1903; x_wconf 87' lang='lat' dir='ltr'>pro</span> <span class='ocrx_word' id='word_1_204' title='bbox 830 1851 969 1890; x_wconf 90' lang='lat' dir='ltr'>debito</span> <span class='ocrx_word' id='word_1_205' title='bbox 1002 1850 1079 1889; x_wconf 90' lang='lat' dir='ltr'>nisi</span> <span class='ocrx_word' id='word_1_206' title='bbox 1111 1850 1199 1903; x_wconf 87' lang='lat' dir='ltr'>ipse</span> <span class='ocrx_word' id='word_1_207' title='bbox 1232 1849 1273 1888; x_wconf 92' lang='lat' dir='ltr'>in</span> <span class='ocrx_word' id='word_1_208' title='bbox 1305 1862 1485 1902; x_wconf 87' lang='lat' dir='ltr'>persona</span> <span class='ocrx_word' id='word_1_209' title='bbox 1517 1848 1682 1901; x_wconf 88' lang='lat' dir='ltr'>propria</span> <span class='ocrx_word' id='word_1_210' title='bbox 1716 1848 1832 1887; x_wconf 85' lang='lat' dir='ltr'>satis-</span> 
     </span>
     <span class='ocr_line' id='line_1_25' title="bbox 521 1917 1834 1973; baseline -0.003 -13"><span class='ocrx_word' id='word_1_211' title='bbox 521 1921 640 1961; x_wconf 85' lang='lat' dir='ltr'>faciat</span> <span class='ocrx_word' id='word_1_212' title='bbox 672 1920 839 1960; x_wconf 83' lang='lat' dir='ltr'>adiutus</span> <span class='ocrx_word' id='word_1_213' title='bbox 867 1934 940 1973; x_wconf 90' lang='lat' dir='ltr'>per</span> <span class='ocrx_word' id='word_1_214' title='bbox 963 1921 1114 1971; x_wconf 90' lang='lat' dir='ltr'>Deum,</span> <span class='ocrx_word' id='word_1_215' title='bbox 1149 1929 1187 1959; x_wconf 92' lang='lat' dir='ltr'>et</span> <span class='ocrx_word' id='word_1_216' title='bbox 1209 1919 1289 1958; x_wconf 92' lang='lat' dir='ltr'>hoc</span> <span class='ocrx_word' id='word_1_217' title='bbox 1312 1927 1485 1958; x_wconf 87' lang='lat' dir='ltr'>testatur</span> <span class='ocrx_word' id='word_1_218' title='bbox 1507 1917 1834 1957; x_wconf 88' lang='lat' dir='ltr'>immensitatem</span> 
     </span>
     <span class='ocr_line' id='line_1_26' title="bbox 520 1976 1891 2039; baseline -0.004 -9"><span class='ocrx_word' id='word_1_219' title='bbox 520 1990 717 2030; x_wconf 88' lang='lat' dir='ltr'>libertatis</span> <span class='ocrx_word' id='word_1_220' title='bbox 762 1989 838 2029; x_wconf 90' lang='lat' dir='ltr'>Dei</span> <span class='ocrx_word' id='word_1_221' title='bbox 882 1998 921 2029; x_wconf 90' lang='lat' dir='ltr'>et</span> <span class='ocrx_word' id='word_1_222' title='bbox 972 1976 1265 2029; x_wconf 79' lang='lat' dir='ltr'>excellenciam&#39;</span> <span class='ocrx_word' id='word_1_223' title='bbox 1308 1988 1370 2028; x_wconf 85' lang='lat' dir='ltr'>sui</span> <span class='ocrx_word' id='word_1_224' title='bbox 1421 1986 1611 2039; x_wconf 88' lang='lat' dir='ltr'>dominii,</span> <span class='ocrx_word' id='word_1_225' title='bbox 1656 1995 1702 2026; x_wconf 91' lang='lat' dir='ltr'>ut</span> <span class='ocrx_word' id='word_1_226' title='bbox 1748 2000 1833 2025; x_wconf 87' lang='lat' dir='ltr'>non</span> <span class='ocrx_word' id='word_1_227' title='bbox 1853 1996 1891 2029; x_wconf 76' lang='lat'>25</span> 
     </span>
     <span class='ocr_line' id='line_1_27' title="bbox 521 2055 1835 2113; baseline -0.003 -14"><span class='ocrx_word' id='word_1_228' title='bbox 521 2068 702 2113; x_wconf 85' lang='lat' dir='ltr'>oportet,</span> <span class='ocrx_word' id='word_1_229' title='bbox 736 2058 767 2097; x_wconf 91' lang='lat' dir='ltr'>si</span> <span class='ocrx_word' id='word_1_230' title='bbox 799 2058 931 2098; x_wconf 91' lang='lat' dir='ltr'>homo</span> <span class='ocrx_word' id='word_1_231' title='bbox 964 2067 1102 2111; x_wconf 88' lang='lat' dir='ltr'>potest</span> <span class='ocrx_word' id='word_1_232' title='bbox 1135 2058 1259 2097; x_wconf 85' lang='lat' dir='ltr'>libere</span> <span class='ocrx_word' id='word_1_233' title='bbox 1292 2071 1338 2097; x_wconf 85' lang='lat' dir='ltr'>ac</span> <span class='ocrx_word' id='word_1_234' title='bbox 1372 2055 1581 2096; x_wconf 87' lang='lat' dir='ltr'>meritorie</span> <span class='ocrx_word' id='word_1_235' title='bbox 1614 2069 1761 2096; x_wconf 86' lang='lat' dir='ltr'>exuere</span> <span class='ocrx_word' id='word_1_236' title='bbox 1794 2070 1835 2095; x_wconf 91' lang='lat' dir='ltr'>se</span> 
     </span>
     <span class='ocr_line' id='line_1_28' title="bbox 522 2125 1834 2179; baseline -0.004 -11"><span class='ocrx_word' id='word_1_237' title='bbox 522 2144 545 2169; x_wconf 83' lang='lat' dir='ltr'>a</span> <span class='ocrx_word' id='word_1_238' title='bbox 577 2128 768 2169; x_wconf 89' lang='lat' dir='ltr'>dominio</span> <span class='ocrx_word' id='word_1_239' title='bbox 802 2128 903 2167; x_wconf 85' lang='lat' dir='ltr'>servi</span> <span class='ocrx_word' id='word_1_240' title='bbox 939 2128 1001 2167; x_wconf 87' lang='lat' dir='ltr'>sui</span> <span class='ocrx_word' id='word_1_241' title='bbox 1025 2127 1270 2167; x_wconf 88' lang='lat' dir='ltr'>subiciendo</span> <span class='ocrx_word' id='word_1_242' title='bbox 1304 2141 1346 2167; x_wconf 90' lang='lat' dir='ltr'>se</span> <span class='ocrx_word' id='word_1_243' title='bbox 1379 2140 1453 2166; x_wconf 88' lang='lat' dir='ltr'>sue</span> <span class='ocrx_word' id='word_1_244' title='bbox 1485 2125 1686 2177; x_wconf 87' lang='lat' dir='ltr'>servituti,</span> <span class='ocrx_word' id='word_1_245' title='bbox 1720 2126 1834 2179; x_wconf 88' lang='lat' dir='ltr'>quod</span> 
     </span>
     <span class='ocr_line' id='line_1_29' title="bbox 523 2195 1836 2251; baseline -0.004 -13"><span class='ocrx_word' id='word_1_246' title='bbox 523 2199 652 2238; x_wconf 89' lang='lat' dir='ltr'>deitas</span> <span class='ocrx_word' id='word_1_247' title='bbox 684 2199 741 2238; x_wconf 89' lang='lat' dir='ltr'>sic</span> <span class='ocrx_word' id='word_1_248' title='bbox 763 2206 900 2251; x_wconf 90' lang='lat' dir='ltr'>potest</span> <span class='ocrx_word' id='word_1_249' title='bbox 923 2198 1063 2251; x_wconf 87' lang='lat' dir='ltr'>quoad</span> <span class='ocrx_word' id='word_1_250' title='bbox 1085 2211 1250 2237; x_wconf 89' lang='lat' dir='ltr'>servum</span> <span class='ocrx_word' id='word_1_251' title='bbox 1284 2195 1547 2249; x_wconf 79' lang='lat' dir='ltr'>simpliciter3</span> <span class='ocrx_word' id='word_1_252' title='bbox 1580 2195 1711 2234; x_wconf 89' lang='lat' dir='ltr'>homo</span> <span class='ocrx_word' id='word_1_253' title='bbox 1740 2204 1836 2247; x_wconf 92' lang='lat' dir='ltr'>pot-</span> 
     </span>
     <span class='ocr_line' id='line_1_30' title="bbox 525 2265 1837 2321; baseline -0.004 -13"><span class='ocrx_word' id='word_1_254' title='bbox 525 2278 584 2309; x_wconf 90' lang='lat' dir='ltr'>est</span> <span class='ocrx_word' id='word_1_255' title='bbox 616 2268 848 2321; x_wconf 87' lang='lat' dir='ltr'>relinquere</span> <span class='ocrx_word' id='word_1_256' title='bbox 869 2268 1031 2307; x_wconf 89' lang='lat' dir='ltr'>domini</span> <span class='ocrx_word' id='word_1_257' title='bbox 1061 2267 1285 2320; x_wconf 89' lang='lat' dir='ltr'>superioris</span> <span class='ocrx_word' id='word_1_258' title='bbox 1309 2267 1538 2306; x_wconf 87' lang='lat' dir='ltr'>vindictam</span> <span class='ocrx_word' id='word_1_259' title='bbox 1571 2265 1728 2305; x_wconf 87' lang='lat' dir='ltr'>offense</span> <span class='ocrx_word' id='word_1_260' title='bbox 1751 2278 1837 2304; x_wconf 88' lang='lat' dir='ltr'>non</span> 
     </span>
     <span class='ocr_line' id='line_1_31' title="bbox 524 2334 1896 2390; baseline -0.002 -13"><span class='ocrx_word' id='word_1_261' title='bbox 524 2339 774 2378; x_wconf 86' lang='lat' dir='ltr'>vindicando</span> <span class='ocrx_word' id='word_1_262' title='bbox 805 2338 845 2377; x_wconf 88' lang='lat' dir='ltr'>in</span> <span class='ocrx_word' id='word_1_263' title='bbox 880 2351 1057 2390; x_wconf 89' lang='lat' dir='ltr'>persona</span> <span class='ocrx_word' id='word_1_264' title='bbox 1089 2337 1270 2390; x_wconf 89' lang='lat' dir='ltr'>propria,</span> <span class='ocrx_word' id='word_1_265' title='bbox 1320 2350 1417 2390; x_wconf 85' lang='lat' dir='ltr'>ergo</span> <span class='ocrx_word' id='word_1_266' title='bbox 1446 2337 1558 2375; x_wconf 90' lang='lat' dir='ltr'>Deus</span> <span class='ocrx_word' id='word_1_267' title='bbox 1590 2334 1647 2374; x_wconf 87' lang='lat' dir='ltr'>sic</span> <span class='ocrx_word' id='word_1_268' title='bbox 1679 2342 1896 2387; x_wconf 79' lang='lat' dir='ltr'>potest330</span> 
     </span>
     <span class='ocr_line' id='line_1_32' title="bbox 525 2402 1837 2460; baseline -0.005 -13"><span class='ocrx_word' id='word_1_269' title='bbox 525 2409 654 2447; x_wconf 90' lang='lat' dir='ltr'>homo</span> <span class='ocrx_word' id='word_1_270' title='bbox 699 2416 836 2460; x_wconf 87' lang='lat' dir='ltr'>potest</span> <span class='ocrx_word' id='word_1_271' title='bbox 883 2407 1090 2446; x_wconf 89' lang='lat' dir='ltr'>dimittere</span> <span class='ocrx_word' id='word_1_272' title='bbox 1135 2407 1303 2459; x_wconf 88' lang='lat' dir='ltr'>culpam</span> <span class='ocrx_word' id='word_1_273' title='bbox 1347 2418 1434 2444; x_wconf 93' lang='lat' dir='ltr'>non</span> <span class='ocrx_word' id='word_1_274' title='bbox 1479 2404 1714 2457; x_wconf 84' lang='lat' dir='ltr'>expetendo</span> <span class='ocrx_word' id='word_1_275' title='bbox 1762 2402 1837 2442; x_wconf 94' lang='lat' dir='ltr'>sibi</span> 
     </span>
     <span class='ocr_line' id='line_1_33' title="bbox 527 2471 1838 2528; baseline -0.005 -11"><span class='ocrx_word' id='word_1_276' title='bbox 527 2478 749 2517; x_wconf 87' lang='lat' dir='ltr'>emendam</span> <span class='ocrx_word' id='word_1_277' title='bbox 789 2475 1119 2526; x_wconf 83' lang='lat' dir='ltr'>satisfactoriam‚</span> <span class='ocrx_word' id='word_1_278' title='bbox 1158 2489 1256 2528; x_wconf 87' lang='lat' dir='ltr'>ergo</span> <span class='ocrx_word' id='word_1_279' title='bbox 1291 2475 1404 2514; x_wconf 89' lang='lat' dir='ltr'>Deus</span> <span class='ocrx_word' id='word_1_280' title='bbox 1438 2473 1494 2513; x_wconf 89' lang='lat' dir='ltr'>sic</span> <span class='ocrx_word' id='word_1_281' title='bbox 1527 2481 1678 2526; x_wconf 91' lang='lat' dir='ltr'>potest,</span> <span class='ocrx_word' id='word_1_282' title='bbox 1712 2481 1750 2512; x_wconf 94' lang='lat' dir='ltr'>et</span> <span class='ocrx_word' id='word_1_283' title='bbox 1782 2471 1838 2510; x_wconf 89' lang='lat' dir='ltr'>sic</span> 
     </span>
     <span class='ocr_line' id='line_1_34' title="bbox 527 2540 1838 2598; baseline -0.005 -13"><span class='ocrx_word' id='word_1_284' title='bbox 527 2548 576 2586; x_wconf 92' lang='lat' dir='ltr'>de</span> <span class='ocrx_word' id='word_1_285' title='bbox 608 2545 779 2586; x_wconf 89' lang='lat' dir='ltr'>infinitis</span> <span class='ocrx_word' id='word_1_286' title='bbox 813 2545 1013 2598; x_wconf 85' lang='lat' dir='ltr'>exemplis</span> <span class='ocrx_word' id='word_1_287' title='bbox 1035 2545 1323 2585; x_wconf 85' lang='lat' dir='ltr'>attestantibus</span> <span class='ocrx_word' id='word_1_288' title='bbox 1346 2543 1631 2583; x_wconf 89' lang='lat' dir='ltr'>infirmitatem</span> <span class='ocrx_word' id='word_1_289' title='bbox 1664 2540 1838 2581; x_wconf 88' lang='lat' dir='ltr'>humani</span> 
     </span>
    </p>
   </div>
   <div class='ocr_carea' id='block_1_5' title="bbox 528 2612 1842 2663">
    <p class='ocr_par' dir='ltr' id='par_1_6' title="bbox 528 2612 1842 2663">
     <span class='ocr_line' id='line_1_35' title="bbox 528 2612 1842 2663; baseline -0.004 -9"><span class='ocrx_word' id='word_1_290' title='bbox 528 2616 704 2655; x_wconf 86' lang='lat' dir='ltr'>dominii</span> <span class='ocrx_word' id='word_1_291' title='bbox 746 2623 785 2654; x_wconf 90' lang='lat' dir='ltr'>et</span> <span class='ocrx_word' id='word_1_292' title='bbox 823 2615 1182 2655; x_wconf 83' lang='lat' dir='ltr'>invincibilitatem</span> <span class='ocrx_word' id='word_1_293' title='bbox 1228 2613 1402 2654; x_wconf 87' lang='lat' dir='ltr'>dominii</span> <span class='ocrx_word' id='word_1_294' title='bbox 1443 2612 1585 2652; x_wconf 79' lang='lat' dir='ltr'>divini.</span> <span class='ocrx_word' id='word_1_295' title='bbox 1634 2612 1687 2651; x_wconf 87' lang='lat' dir='ltr'>Et</span> <span class='ocrx_word' id='word_1_296' title='bbox 1730 2618 1842 2663; x_wconf 87' lang='lat' dir='ltr'>patet</span> 
     </span>
    </p>
   </div>
   <div class='ocr_carea' id='block_1_6' title="bbox 531 2780 1841 2861">
    <p class='ocr_par' dir='ltr' id='par_1_7' title="bbox 531 2780 1841 2861">
     <span class='ocr_line' id='line_1_36' title="bbox 582 2780 1841 2820; baseline -0.005 -6"><span class='ocrx_word' id='word_1_297' title='bbox 582 2785 606 2814; x_wconf 83' lang='lat'>3.</span> <span class='ocrx_word' id='word_1_298' title='bbox 630 2787 666 2813; x_wconf 61' lang='lat'>13:</span> <span class='ocrx_word' id='word_1_299' title='bbox 689 2786 814 2814; x_wconf 83' lang='lat' dir='ltr'>alterius</span> <span class='ocrx_word' id='word_1_300' title='bbox 836 2794 900 2813; x_wconf 84' lang='lat' dir='ltr'>nec.</span> <span class='ocrx_word' id='word_1_301' title='bbox 1044 2784 1071 2813; x_wconf 88' lang='lat'>8.</span> <span class='ocrx_word' id='word_1_302' title='bbox 1101 2786 1122 2812; x_wconf 84' lang='lat' dir='ltr'>B</span> <span class='ocrx_word' id='word_1_303' title='bbox 1137 2786 1167 2813; x_wconf 91' lang='lat' dir='ltr'>in</span> <span class='ocrx_word' id='word_1_304' title='bbox 1189 2792 1305 2820; x_wconf 84' lang='lat' dir='ltr'>marg.:</span> <span class='ocrx_word' id='word_1_305' title='bbox 1334 2783 1485 2811; x_wconf 83' lang='lat' dir='ltr'>Raciones</span> <span class='ocrx_word' id='word_1_306' title='bbox 1506 2782 1682 2810; x_wconf 88' lang='lat' dir='ltr'>debitorum</span> <span class='ocrx_word' id='word_1_307' title='bbox 1704 2780 1841 2809; x_wconf 77' lang='lat' dir='ltr'>hominis</span> 
     </span>
     <span class='ocr_line' id='line_1_37' title="bbox 531 2831 1312 2861; baseline -0.005 0"><span class='ocrx_word' id='word_1_308' title='bbox 531 2835 567 2861; x_wconf 87' lang='lat' dir='ltr'>ad</span> <span class='ocrx_word' id='word_1_309' title='bbox 590 2834 746 2861; x_wconf 81' lang='lat' dir='ltr'>hominem</span> <span class='ocrx_word' id='word_1_310' title='bbox 768 2838 795 2860; x_wconf 84' lang='lat' dir='ltr'>et</span> <span class='ocrx_word' id='word_1_311' title='bbox 821 2832 956 2860; x_wconf 76' lang='lat' dir='ltr'>hominis</span> <span class='ocrx_word' id='word_1_312' title='bbox 978 2833 1013 2859; x_wconf 87' lang='lat' dir='ltr'>ad</span> <span class='ocrx_word' id='word_1_313' title='bbox 1038 2832 1137 2859; x_wconf 88' lang='lat' dir='ltr'>Deum</span> <span class='ocrx_word' id='word_1_314' title='bbox 1160 2831 1312 2859; x_wconf 85' lang='lat' dir='ltr'>differunt.</span> 
     </span>
    </p>
   </div>
  </div>
 </body>
</html>
