2051 3343
261 265 349 293 CAP.
370 253 410 311 1.]
765 267 824 298 DE
852 266 1088 298 ECCLESIA.
1818 272 1829 296 1
1847 273 1858 296 1

153 385 190 417 H
220 373 316 416 abit
359 385 384 410 a
429 372 609 411 caritate
654 371 758 410 dei?
808 371 982 410 Sextum
1025 371 1319 409 testimonium
1363 380 1424 410 est
1471 372 1573 411 illud

168 430 243 474 ¹²9b
256 441 456 481 Johannis
477 441 549 491 XO,
576 441 641 479 16:
667 440 759 479 Fiet
785 452 916 478 unum
940 439 1051 479 ovile
1071 446 1110 479 et
1133 452 1244 479 unus
1260 448 1431 492 pastor,
1457 442 1574 494 quod

257 511 365 550 ovile
409 518 577 563 oportet
632 507 819 548 confiteri
878 509 1052 548 eandem
1117 518 1295 549 matrem
1340 510 1571 551 ecclesiam.

258 580 477 629 Quotlibet
523 588 620 618 sunt
663 578 867 631 scripture
912 586 950 617 et
989 578 1175 617 raciones
1215 579 1410 619 docentes
1450 580 1574 620 istam

224 649 524 696 5sentenciam‚
569 657 615 688 ut
647 647 752 687 sicut
784 647 946 700 primus
978 648 1115 686 Adam
1159 656 1345 688 terrenus
1379 649 1466 688 sine
1512 649 1571 688 bi—

255 718 393 772 gamia
423 717 569 757 habuit
602 716 775 756 unicam
820 730 1021 769 sponsam
1054 717 1282 769 carnaliter,
1322 718 1378 758 sic
1424 732 1571 758 secun-

256 789 333 827 dus
377 787 515 827 Adam
559 787 647 826 sine
692 786 872 838 bigamia
924 785 1111 838 possibili
1162 788 1394 827 necessario
1449 788 1574 829 habet

255 858 423 898 unicam
471 871 672 910 sponsam
717 857 996 910 spiritualiter.
1043 857 1095 895 Et
1139 856 1258 896 illum
1299 870 1472 898 sensum
1504 872 1572 898 ex-

255 928 375 981 ponit
408 927 624 980 apostolus
658 941 706 967 ex
741 926 940 979 scriptura
975 926 1123 966 Genes.
1158 926 1228 977 110,
1259 939 1325 978 24,
1370 936 1416 967 ut
1460 936 1573 980 patet

203 1020 241 1041 10
255 998 305 1036 ad
338 997 543 1049 Ephesios
574 996 646 1048 VO,
682 995 748 1047 31,
781 997 831 1036 de
864 995 1031 1036 Christo
1065 1004 1104 1035 et
1136 1009 1209 1035 sua
1244 996 1426 1036 ecclesia.

313 1067 435 1107 Unde
466 1066 576 1106 racio
597 1074 737 1119 potest
760 1065 851 1118 capi
874 1066 924 1105 de
948 1074 1060 1105 textu
1084 1065 1266 1118 apostoli
1289 1065 1336 1106 Ia.
1358 1066 1574 1107 Timothei

255 1137 341 1187 1110,
377 1147 412 1187 2,
447 1145 486 1175 et
517 1136 568 1175 ad
586 1135 735 1175 Titum
758 1135 809 1187 10,
842 1149 882 1189 7,
912 1135 983 1174 ubi
1017 1149 1065 1174 ex
1096 1135 1178 1175 isto
1202 1135 1480 1176 fundamento
1505 1138 1575 1178 dat

254 1207 405 1258 legem,
439 1206 554 1258 quod
587 1211 754 1257 oportet
785 1213 872 1245 tam
905 1207 1152 1258 episcopum
1186 1219 1317 1259 quam
1346 1206 1577 1247 diaconum

255 1289 346 1316 esse
369 1276 496 1315 unius
517 1277 669 1315 uxoris
691 1275 845 1316 virum.
871 1275 1051 1328 Oportet
1072 1275 1185 1314 enim
1201 1275 1355 1315 Christi
1378 1276 1575 1317 clericum

203 1357 238 1389 15
256 1346 297 1384 in
328 1345 602 1398 monogamia
634 1345 835 1399 consequi
859 1353 985 1398 caput
1007 1358 1145 1385 suum.
1180 1346 1304 1385 Unde
1328 1346 1452 1385 credo
1477 1361 1575 1387 cum

256 1414 447 1455 decretali
486 1414 597 1454 fideli
636 1428 722 1454 non
754 1414 857 1454 verti
888 1414 931 1453 in
966 1414 1145 1454 dubium
1177 1414 1279 1468 quin
1314 1414 1421 1455 foret
1454 1417 1572 1456 here-

253 1485 385 1526 ticum
398 1486 659 1539 pertinaciter
678 1499 825 1538 negare
843 1486 958 1539 quod
976 1484 1167 1525 Christus
1190 1498 1370 1538 sponsus
1389 1486 1573 1539 ecclesie,

255 1570 382 1610 quem
426 1555 620 1609 dignatus
664 1564 724 1595 est
754 1569 903 1595 vocare
936 1568 1137 1608 sponsam
1169 1569 1303 1607 suam,
1337 1555 1389 1596 sit
1421 1570 1573 1596 mono-

253 1639 401 1679 gamus
444 1625 609 1665 racione
654 1625 825 1665 unitatis
858 1624 1026 1665 ecclesie
1059 1638 1213 1677 sponse
1246 1639 1332 1665 sue.
1379 1627 1432 1666 Et
1463 1636 1576 1680 patet

197 1718 239 1739 20
255 1696 438 1735 secunda
470 1695 698 1735 conclusio.

220 1778 239 1810 1
312 1765 459 1805 Tercia
491 1765 705 1805 conclusio
739 1773 800 1805 est
831 1765 948 1818 quod
981 1772 1093 1804 extra
1125 1775 1313 1805 sanctam
1357 1766 1574 1807 ecclesiam
1607 1773 1704 1802 Third
1725 1776 1853 1802 conclu-

1605 1809 1685 1836 sion.
1717 1810 1848 1837 Outside

253 1836 502 1876 catholicam
549 1849 637 1875 non
680 1844 740 1876 est
783 1836 894 1875 salus
939 1836 1003 1875 vel
1048 1836 1239 1876 remissio
1289 1844 1866 1907 peccatorum'iiizeffiffsscffililgi'e

253 1907 341 1945 Hec
374 1915 434 1945 est
466 1906 681 1945 conclusio
714 1905 895 1959 predicte
920 1906 1133 1946 decretalis
1161 1906 1202 1945 in
1233 1906 1421 1946 terminis
1451 1906 1569 1946 cuius
1586 1914 1621 1962 is·
1641 1922 1682 1941 no
1712 1915 1862 1953 ,salyation

253 1990 424 2016 sensum
468 1976 642 2016 arbitror
685 1989 772 2015 esse
816 1976 866 2014 de
910 1976 1042 2015 salute
1084 1985 1286 2029 perpetua
1329 1985 1426 2030 post
1462 1957 1615 2016 hancOl
1644 1957 1807 2012 rergi1rslgion
1835 1949 1870 1977 of

197 2056 235 2088 25
251 2047 393 2098 vitam,
439 2056 478 2087 et
520 2047 571 2085 de
614 2045 860 2086 remissione
903 2045 1061 2098 peccati
1095 2046 1309 2100 contracti,
1355 2048 1450 2086 data
1488 2046 1569 2086 vita

253 2116 453 2169 spirituali
486 2130 559 2169 per
589 2115 785 2169 graciam.
819 2116 872 2155 Et
902 2124 1003 2155 tunc
1036 2115 1252 2155 conclusio
1286 2116 1477 2169 proxima
1499 2130 1572 2169 per

252 2200 293 2225 se
327 2194 387 2225 est
417 2194 536 2226 nota:
584 2185 682 2239 quia
719 2198 846 2225 nemo
879 2193 1018 2238 potest
1049 2184 1199 2225 habere
1232 2185 1361 2225 talem
1393 2186 1573 2225 salutern

252 2255 329 2294 nisi
361 2256 425 2294 vel
459 2254 649 2295 Christus
681 2255 746 2294 vel
792 2254 965 2308 aliquod
998 2254 1084 2294 eius
1116 2255 1371 2307 membrum,
1417 2256 1490 2294 sed
1522 2269 1572 2294 eo

251 2324 344 2377 ipso
377 2326 494 2378 quod
526 2324 582 2364 sic
615 2332 675 2364 est
696 2324 803 2363 infra
825 2324 1055 2377 predictam
1078 2324 1314 2364 ecclesiam:
1348 2338 1447 2378 ergo
1471 2338 1571 2364 con-

198 2403 239 2435 30
253 2393 405 2445 clusi03
440 2402 479 2433 et
510 2394 561 2433 ad
592 2393 673 2433 hoc
702 2394 861 2433 vadunt
893 2393 1096 2446 exempla.

215 2482 241 2505 a
312 2463 427 2503 Sicut
459 2464 571 2503 enim
600 2472 688 2503 tota
710 2463 870 2517 generis
892 2463 1067 2504 humani
1091 2463 1309 2516 posteritas
1333 2463 1410 2503 fuit
1432 2464 1571 2516 primo

167 2546 242 2586 1290
253 2533 479 2573 virtualiter
501 2542 540 2573 et
561 2533 826 2573 materialiter
848 2534 889 2572 in
912 2533 1051 2586 primo
1075 2533 1226 2573 carnali
1249 2533 1489 2587 coniugioss,
1514 2533 1571 2573 sic

254 2611 342 2642 tota
374 2602 697 2643 christianorum
735 2603 955 2656 posteritas
994 2612 1054 2642 est
1085 2602 1314 2643 virtualiter
1334 2603 1378 2642 in
1401 2602 1569 2643 Christo

310 2768 335 2788 2.
357 2760 395 2788 B:
415 2761 484 2788 Joh.
506 2760 541 2796 ὃς
562 2762 592 2789 in
613 2770 716 2797 marg:
736 2762 804 2790 Joh.
826 2762 853 2791 8.
871 2762 940 2790 Joh.
961 2770 1001 2790 10.
1077 2770 1185 2790 10-12.
1208 2762 1228 2789 Β
1246 2763 1277 2790 in
1292 2770 1394 2797 marg:
1416 2762 1570 2797 Ep11.5.1.

252 2805 336 2834 Tim.
358 2806 373 2834 3
391 2812 419 2835 et
439 2808 476 2834 ad
496 2807 601 2836 Titum
623 2817 643 2835 1.
724 2816 762 2837 21.
783 2809 845 2836 AB
866 2809 896 2836 in
918 2817 1022 2844 marg:
1044 2808 1157 2836 Tereia
1176 2809 1347 2837 conclusio.
1368 2809 1396 2837 A
1415 2809 1446 2836 in
1466 2817 1571 2844 marg:

253 2852 345 2880 Extra
373 2858 511 2881 sanctam
538 2855 701 2882 ecclesiam
728 2855 908 2883 catholicam
939 2863 1002 2882 non
1023 2860 1068 2883 est
1089 2855 1170 2883 salus
1191 2855 1237 2882 vel
1259 2855 1403 2883 remissio
1426 2859 1569 2891 peccato-

254 2907 321 2927 rum
342 2900 453 2934 (below
478 2900 534 2928 col.
557 2901 648 2936 12912).
755 2909 800 2936 24.
821 2902 857 2929 B:
881 2902 997 2930 arbitri.
