2051 3273
212 246 300 275 cAp.
322 234 433 292 xxm]
706 251 765 281 DE
793 250 1027 282 ECCLESIA.

62 356 256 400 0200⁸in
293 355 488 407 paradiso
528 364 669 394 autem
712 355 812 394 nihil
846 364 1091 407 operantur,
1140 355 1235 406 quia
1286 355 1424 394 anime
1470 355 1526 394 ibi

216 424 442 463 existentes
489 438 573 463 non
615 434 739 476 egent
786 425 940 463 nostris
981 423 1189 475 suffragiis
1229 424 1299 462 sed
1341 434 1524 463 econtra.

165 505 200 538 D
273 493 484 541 Quintum
544 503 584 533 et
635 495 832 533 ultimum
895 494 1163 533 mendacium
1217 502 1280 533 est
1331 494 1526 546 accepcio

215 563 446 602 testimonii
484 564 715 615 Augustini
748 565 798 602 de
844 563 1062 614 refrigerio
1110 563 1440 615 dampnatorum
1488 572 1527 602 et

179 632 352 684 5primo
387 646 459 684 per
490 633 590 671 illud
626 633 902 672 Enchiridion
927 632 1035 683 (3Χο,
1060 633 1131 671 ubi
1164 632 1263 671 dicit
1295 633 1410 685 quod
1445 645 1527 670 me-

215 701 416 740 diocriter
449 702 569 741 malis
603 703 675 754 qui
710 711 809 741 sunt
843 702 1062 754 dampnati
1096 711 1277 753 prosunt
1311 701 1525 753 suffragia,

215 780 253 809 et
293 771 429 823 glossa
463 772 635 822 exponit
679 772 801 810 istam
850 771 1241 823 quadrimembrem
1276 771 1527 810 divisionem

214 841 331 893 quod
371 854 455 878 non
496 850 559 879 est
596 841 805 879 orandum
846 854 923 892 pro
956 840 1077 878 valde
1119 841 1241 879 bonis
1288 854 1362 879 nec
1408 842 1529 880 valde

216 910 355 960 malis;
391 923 474 948 non
509 924 586 962 pro
620 911 740 948 valde
774 910 909 961 bonis,
944 910 1042 962 quia
1076 910 1217 948 statim
1254 910 1456 949 advolant
1489 920 1530 950 et

162 977 283 1031 10(ut
322 979 476 1017 dicitur
512 980 620 1018 libro
663 979 752 1029 1110,
788 980 849 1017 De
884 979 1259 1018 Celebracionibus
1289 980 1528 1029 Missarum‚

118 1056 201 1090 200b
221 1048 327 1087 Cum
362 1046 556 1102 Martlze)
606 1049 803 1087 iniuriam
827 1047 850 1069 ³⁴
875 1049 974 1087 facit
1015 1049 1177 1087 martiri
1223 1050 1293 1102 qui
1328 1058 1420 1088 orat
1452 1063 1531 1102 pro

217 1118 410 1168 martire3
457 1131 531 1156 nec
571 1131 646 1170 pro
680 1118 800 1156 valde
834 1118 968 1161 malis.
1016 1118 1115 1170 quia
1157 1132 1241 1157 non
1282 1129 1532 1158 meruerunt

218 1186 275 1225 sic
309 1187 456 1226 iuvari.
493 1188 766 1227 Mediocriter
799 1201 900 1226 vero
935 1187 1057 1226 bonis
1090 1197 1284 1239 prosunt,
1319 1198 1366 1227 ut
1400 1189 1528 1228 cicius

217 1256 447 1296 liberentur
494 1258 546 1295 ab
592 1257 688 1308 igne
728 1257 975 1309 purgatorio
1016 1266 1056 1296 et
1094 1258 1365 1297 mediocriter
1410 1259 1533 1297 malis

164 1335 200 1368 15
218 1335 397 1378 prosunt
431 1335 476 1365 ut
510 1327 658 1366 micius
691 1327 937 1378 puniantur,
973 1340 1192 1379 nunquam
1217 1336 1358 1366 tamen
1382 1327 1532 1366 libera-

217 1396 389 1435 buntur.
427 1396 488 1435 Ex
521 1409 607 1448 quo
640 1405 756 1448 patet
788 1397 903 1449 quod
939 1397 1149 1435 orandum
1196 1405 1258 1435 est
1297 1398 1534 1449 specialiter

218 1477 294 1517 pro
329 1466 406 1504 illis
440 1466 513 1517 qui
547 1466 819 1504 decesserunt
859 1465 898 1504 in
941 1466 1125 1514 mortali,
1173 1466 1410 1505 dummodo
1449 1480 1532 1506 non

220 1535 303 1573 sint
326 1535 447 1574 valde
481 1535 579 1574 mali
613 1536 677 1574 vel
710 1548 877 1574 summe
911 1536 1023 1574 mali.
1059 1535 1141 1574 Sed
1176 1536 1337 1575 dictum
1374 1545 1436 1575 est
1468 1550 1535 1575 su-

221 1605 364 1656 perius
417 1605 456 1643 in
513 1614 667 1657 quarto
732 1614 977 1644 commento
1040 1605 1250 1644 mendacii
1313 1606 1535 1658 quomodo

164 1693 206 1715 20
223 1674 416 1713 doctores
451 1683 539 1713 tam
572 1674 759 1726 theologi
792 1688 921 1728 quam
954 1675 1057 1714 iuris
1091 1664 1283 1714 canoni-ci
1316 1685 1537 1728 exponunt

223 1752 456 1796 utrumque
496 1745 737 1783 membrum
772 1744 1041 1784 mediocriter
1081 1746 1294 1784 bonorum
1335 1754 1376 1785 et
1408 1746 1537 1784 malo-

222 1826 316 1851 rum
351 1814 401 1852 de
434 1814 733 1866 predestinatis
773 1814 813 1852 in
854 1814 1102 1866 purgatorio
1141 1814 1427 1867 penitenciam
1469 1828 1536 1853 ex-

222 1882 503 1935 pectantibus.
539 1883 746 1932 Quamvis
782 1883 892 1922 enim
927 1897 1076 1922 omnes
1110 1884 1166 1923 illi
1200 1884 1284 1923 sint
1317 1893 1402 1923 tarn
1439 1885 1537 1923 boni

223 1966 351 2005 quam
385 1953 484 1992 mali
509 1962 548 1991 et
571 1953 621 1992 ad
646 1967 797 2005 penam
823 1954 1100 2005 temporalem
1126 1954 1359 2006 dampnati,
1396 1964 1536 1994 tamen

167 2031 206 2062 25
224 2023 301 2060 alia
321 2030 383 2062 est
401 2023 513 2061 racio
532 2036 615 2075 qua
639 2031 737 2062 sunt
764 2024 878 2073 boni,
899 2033 938 2062 et
962 2024 1039 2062 alia
1064 2024 1177 2063 racio
1201 2037 1283 2076 qua
1308 2032 1408 2063 sunt
1426 2025 1537 2076 mali,

224 2092 333 2131 sicut
361 2092 440 2131 alia
474 2101 536 2131 est
573 2093 686 2131 racio
719 2106 803 2145 qua
835 2093 1083 2145 simpliciter
1119 2093 1354 2133 liberantur
1387 2102 1427 2133 et
1460 2094 1539 2133 alia

226 2162 337 2200 racio
353 2175 436 2214 qua
453 2161 602 2201 micius
618 2163 868 2214 puniuntur.
888 2164 974 2201 Nec
992 2163 1103 2201 valet
1119 2162 1229 2202 dicta
1244 2163 1380 2215 logica
1403 2163 1539 2214 glosse

227 2231 487 2284 communis,
532 2244 626 2270 curn
663 2231 766 2270 nihil
799 2232 853 2270 sit
886 2245 1053 2271 summe
1086 2233 1248 2271 malum
1281 2233 1360 2271 nisi
1394 2246 1537 2286 pecca-

227 2309 336 2352 tum,
369 2302 436 2340 vel
469 2300 577 2340 forte
609 2301 774 2354 primus
807 2310 1003 2354 apostata
1042 2315 1138 2340 cum
1175 2302 1374 2341 omnibus
1408 2315 1539 2342 mern-

170 2377 212 2410 30
230 2371 312 2409 bris
347 2371 454 2421 suis,
500 2371 616 2423 quod
656 2371 689 2409 si
729 2384 813 2410 non
852 2371 906 2410 sit
944 2372 1153 2410 orandum
1188 2385 1266 2423 pro
1311 2372 1416 2424 istis,
1457 2385 1541 2410 non

229 2449 291 2479 est
313 2441 522 2479 orandum
548 2454 624 2492 pro
649 2441 855 2493 prescit03
890 2450 930 2480 et
963 2442 1076 2480 idem
1109 2450 1286 2494 apparet
1319 2442 1359 2480 in
1394 2442 1541 2480 eadem

229 2511 451 2563 questione
492 2523 583 2562 cap.
627 2510 711 2550 Pro
743 2511 1010 2564 obeuntibus,
1057 2511 1129 2549 ubi
1167 2512 1246 2550 sub
1287 2511 1542 2550 auctoritate

230 2580 340 2619 beati
382 2579 578 2630 Gregorii
621 2580 838 2619 decretum
887 2581 944 2619 sic
988 2581 1198 2634 quuitur:
1248 2580 1460 2634 Congruit
1499 2588 1544 2620 ut

222 2663 306 2704 pro
339 2651 519 2690 mortuis
551 2650 768 2690 catholicis
798 2650 1003 2690 sacerdos
1043 2651 1296 2690 memoriam
1317 2650 1467 2703 faciat
1504 2657 1544 2690 et

282 2785 311 2810 4.
341 2777 370 2803 A
402 2776 432 2804 in
465 2783 580 2810 marga
610 2775 815 2810 Augustinus.
959 2774 983 2802 5.
1016 2775 1050 2802 111
1081 2774 1191 2802 codd.:
1211 2774 1372 2802 Enchirid.
1403 2773 1541 2802 CXXIV.

291 2873 342 2903 31.
369 2872 468 2904 Decr.
496 2881 564 2902 sec.
590 2880 682 2913 pars,
708 2880 812 2901 causa
836 2870 924 2910 XIII,
951 2880 984 2912 q.
1012 2870 1051 2909 ΙΙ,
1078 2879 1151 2911 cap.
1177 2869 1263 2900 XXI.

1734 238 1810 279 523

1558 503 1625 531 The
1646 503 1708 530 fifth
1730 504 1789 531 and

1604 539 1661 565 last
1682 539 1758 565 false

1543 573 1718 611 allegation-
1733 573 1759 599 is
1786 572 1820 600 of

1585 610 1770 642 Augustino.
