2051 3273
224 236 314 265 CAP.
334 225 387 279 x]
720 236 781 267 DE
807 235 1041 267 ECCLESIA.

72 342 375 397 K158daliquis
418 342 551 381 homo
599 342 649 380 de
692 340 834 393 aliquo
876 340 971 378 loco
1016 339 1202 389 veniens,
1246 338 1436 391 pedester
1473 336 1538 376 vel

225 421 427 467 equester,
471 412 628 451 intrans
673 410 795 449 illum
838 410 982 449 locum
1022 422 1069 447 ex
1108 421 1232 448 causa
1269 407 1421 460 aliqua,
1467 407 1539 445 sed

225 482 363 522 omnis
396 480 489 520 talis
521 480 635 520 iuxta
665 488 857 519 tenorem
887 479 1113 518 verborum
1137 477 1339 531 privilegii
1372 475 1539 516 habebit

224 553 267 591 in
297 552 393 591 loco
426 550 499 589 illo
531 549 849 589 immunitatem
880 548 1189 601 omnimodam,
1224 560 1322 599 ergo
1356 546 1539 600 quelibet

191 634 405 676 5persona
446 619 539 660 talis
584 619 784 659 exercitus
830 618 983 658 virtute
1020 617 1239 670 privilegii,
1287 630 1416 670 quam
1467 615 1538 655 diu

225 690 418 743 voluerit,
451 688 636 742 quiescet
667 688 725 728 ibi
757 687 947 741 pacifice;
979 687 1012 726 si
1045 687 1158 727 enim
1190 686 1231 725 in
1265 686 1408 740 aliquo
1441 698 1538 724 casu

227 761 336 813 capit
367 758 629 810 instanciam,
662 767 830 811 oportet
852 758 965 797 nuda
986 757 1111 797 verba
1134 756 1293 797 abicere
1326 765 1365 796 et
1397 768 1539 808 sapere

227 844 372 869 sanam
404 828 675 869 sentenciam.

286 899 367 939 Hic
413 898 541 938 dixit
583 897 703 938 mihi
756 897 959 951 quidam
1010 897 1309 949 ingeniosus
1361 896 1542 949 legista

136 982 214 1025 159⁸
228 970 345 1023 quod
377 968 561 1022 quelibet
599 981 778 1020 persona
814 967 907 1007 talis
947 967 1148 1006 exercitus
1186 966 1383 1018 gaudebit
1414 965 1495 1005 hoc
1517 964 1542 993 ἦε

188 1038 461 1093 aprivilegio,
507 1051 605 1078 cum
642 1051 730 1077 non
769 1045 936 1090 oportet
973 1045 1145 1089 propter
1181 1036 1282 1075 tales
1327 1048 1446 1075 casus
1478 1034 1540 1073 in-

228 1108 450 1162 possibiles
493 1108 670 1147 limitare
720 1107 786 1146 vel
835 1106 1078 1160 restringere
1123 1105 1338 1158 privilegia
1382 1118 1541 1157 regum.

227 1170 335 1218 Illud
357 1187 501 1218 autem
524 1177 634 1230 capit
657 1176 945 1229 calumpniam
967 1175 1246 1228 multiplicem
1269 1183 1370 1227 aput
1393 1187 1541 1228 quem-

226 1248 326 1288 libet
358 1247 510 1287 mentis
534 1256 792 1299 compotem.
826 1247 937 1285 Nam
965 1258 1041 1285 nec
1062 1259 1132 1284 rex
1154 1245 1294 1298 potuit
1316 1244 1542 1284 concedere

174 1331 211 1364 15
226 1319 307 1358 tale
330 1316 599 1371 privilegium
621 1330 697 1356 nec
720 1316 856 1356 clerus
879 1315 1024 1355 debuit
1046 1315 1188 1368 ipsum
1211 1323 1257 1354 ut
1278 1313 1544 1367 privilegium

226 1388 304 1427 sibi
336 1373 569 1438 admittere,
605 1400 702 1426 cum
735 1400 822 1426 non
854 1395 994 1439 potest
1024 1399 1153 1438 regno
1176 1394 1322 1425 nostro
1350 1384 1415 1423 vel
1437 1384 1542 1436 parti

227 1457 314 1496 eius
338 1470 425 1496 esse
448 1455 717 1509 privilegium
740 1455 879 1495 fovere
909 1456 1186 1495 destructores
1209 1454 1323 1508 regni
1347 1464 1386 1494 et
1408 1454 1543 1493 tocius

227 1525 397 1565 ecclesie
441 1525 686 1579 Anglicane,
734 1525 840 1565 sicut
883 1539 968 1565 non
1008 1533 1068 1564 est
1117 1524 1380 1578 privilegium
1419 1523 1542 1563 alicui

227 1609 269 1634 se
300 1595 443 1648 ipsum
475 1594 768 1634 deteriorando
801 1595 1023 1636 destruere.
1058 1595 1156 1634 Ideo
1189 1594 1431 1648 quicunque
1463 1594 1541 1633 im-

171 1664 449 1718 20petraverit
493 1665 559 1703 vel
604 1664 834 1704 defenderit
879 1664 960 1704 hoc
1009 1673 1056 1704 ut
1099 1663 1369 1717 privilegium
1413 1677 1542 1717 regno

226 1742 385 1785 nostro,
431 1743 652 1787 tamquam
695 1733 873 1773 infidelis
918 1735 1007 1774 Deo
1053 1743 1091 1774 et
1135 1747 1263 1788 regno
1308 1734 1542 1787 degenerat.

226 1804 313 1843 Nec
343 1803 452 1843 valet
485 1803 618 1843 dicere
650 1804 768 1856 quod
803 1804 896 1844 talis
929 1804 1125 1843 comitiva
1158 1817 1245 1843 non
1278 1804 1410 1857 possit
1442 1816 1542 1843 con-

227 1886 394 1926 surgere
427 1881 466 1912 et
506 1886 684 1925 regnum
722 1882 916 1913 nostrum
953 1874 1160 1924 invadere,
1201 1887 1299 1913 cum
1336 1874 1378 1913 in
1412 1873 1542 1913 tribus

227 1942 528 1996 conquestibus
583 1942 736 1983 scilicet
785 1943 1023 1995 Britonum,
1077 1944 1294 1984 Saxonum
1343 1952 1383 1984 et
1435 1944 1542 1983 Nor-

171 2025 211 2057 25
226 2025 453 2052 manorum
505 2012 586 2051 hoc
625 2012 813 2065 contigit,
872 2027 1020 2067 ymmo
1070 2014 1171 2053 tales
1217 2014 1542 2067 depopulatores

226 2091 417 2135 tempore
455 2082 561 2134 regis
594 2082 790 2121 Edwardi
828 2083 1000 2123 secundi
1033 2093 1294 2124 surrexerant
1332 2093 1370 2123 et
1410 2083 1541 2123 cardi-

227 2153 340 2191 nales
374 2151 415 2190 in
460 2151 665 2192 comitatu
697 2152 921 2192 Dunelmie
960 2153 1206 2206 spoliarunt,
1251 2163 1289 2193 et
1333 2154 1373 2192 in
1412 2153 1542 2193 nobili

225 2235 357 2274 regno
391 2221 575 2273 Francie,
619 2221 662 2260 in
696 2222 953 2262 Lumbardia
985 2232 1024 2263 et
1066 2223 1108 2262 in
1152 2224 1241 2263 aliis
1286 2223 1421 2277 regnis
1465 2238 1541 2277 po-

227 2291 411 2331 tentibus
433 2291 535 2331 tales
558 2292 755 2332 comitive
778 2293 1082 2346 depopulantes
1106 2294 1258 2333 nostris
1280 2294 1543 2347 temporibus

171 2373 213 2405 30
230 2369 512 2401 surrexerunt:
536 2375 683 2414 ymmo
707 2361 852 2402 diebus
876 2362 963 2402 istis
978 2376 1105 2416 regna
1127 2377 1347 2417 nunquam
1365 2364 1429 2402 vel
1451 2377 1542 2403 raro

228 2440 327 2471 sunt
358 2430 446 2470 sine
477 2430 630 2470 talibus
661 2431 726 2470 vel
755 2432 1024 2485 corporaliter
1055 2434 1119 2472 vel
1142 2433 1408 2486 spiritualiter
1440 2447 1540 2473 con-

228 2500 418 2540 federatis
450 2500 502 2539 ad
525 2500 858 2540 destruccionem
881 2515 1042 2554 eorum,
1075 2516 1173 2542 cum
1194 2503 1285 2542 talis
1310 2504 1543 2556 corruptela

231 2570 309 2610 sub
346 2569 475 2623 pallio
518 2569 722 2623 privilegii
754 2580 896 2623 posset
938 2586 1011 2625 per
1054 2586 1097 2611 se
1140 2586 1319 2624 regnum
1357 2573 1540 2625 perdere.

280 2714 311 2742 9.
331 2708 360 2735 A
378 2707 409 2735 in
429 2715 543 2742 marga
564 2707 738 2743 Responsio
759 2709 904 2745 quedam.
1030 2719 1072 2738 10.
1092 2712 1137 2739 A:
1158 2711 1218 2739 hoe
1239 2712 1307 2740 hoc.
1433 2712 1480 2741 26.
1502 2712 1542 2739 B:

228 2754 357 2782 secundi
378 2754 473 2782 deest.
493 2753 599 2782 Recte:
622 2760 831 2783 surrexerunt.
976 2755 1009 2784 33
1048 2757 1087 2785 B:
1110 2758 1284 2795 privilegio.

289 2848 342 2881 25.
370 2848 435 2880 See
463 2849 707 2891 Walsingham
734 2850 758 2892 Ι,
785 2861 863 2893 pag.
896 2851 967 2883 151.

1742 233 1827 274 217

1567 1804 1650 1844 Such
1676 1814 1692 1833 a
1713 1806 1828 1841 danger

1582 1849 1607 1868 is
1628 1846 1682 1879 not
1702 1842 1810 1880 p-urely

1628 1876 1764 1903 laucnul.
