2051 3273
241 208 325 259 480
961 218 1183 252 JOHANNIS
1212 221 1405 253 WYCLIF.
1651 210 1755 263 [CAP.
1782 218 1847 246 xx.

530 321 601 360 ubi
642 322 763 360 docta
801 331 861 361 est
899 337 922 361 a
960 324 1199 375 parentibus
1232 325 1437 365 honorare
1469 339 1647 377 soceros,
1680 325 1998 379 diligere194‘1G

529 391 743 442 maritum,
787 404 925 444 regere
971 391 1187 445 familiam,
1212 395 1462 451 ,gubernare
1507 395 1687 434 domum
1727 404 1766 434 et
1806 409 1849 434 se

529 460 666 512 ipsam
709 460 1113 512 irreprehensibilem
1157 455 1361 504 exhibere.
1408 465 1493 503 Nec
1525 473 1693 504 moveat
1733 465 1849 518 quod

530 529 601 568 filii
648 530 817 569 ecclesie
866 539 964 570 sunt
1007 531 1169 584 ancille,
1203 545 1301 571 cum
1333 532 1394 571 vir
1426 533 1562 573 tocius
1596 533 1764 573 ecclesie
1797 534 1849 574 sit

530 600 616 639 eius
661 599 880 652 dorninu83
926 602 1041 654 quod
1086 600 1315 654 figuratum
1359 611 1419 642 est
1461 602 1504 641 in
1546 603 1645 642 Sara
1677 603 1883 646 Genesis5

530 670 699 722 XV1110‚
759 684 820 722 12,
872 679 1049 710 vocante
1093 671 1307 711 Abraham
1351 671 1569 712 dominum
1613 686 1740 713 suum
1786 670 1851 728 (ut

530 749 648 779 notat
678 741 822 779 beatus
852 741 997 780 Petrus
1021 741 1055 779 Ia
1077 741 1185 780 Petri
1209 741 1298 793 1110,
1333 740 1389 797 6).
1415 743 1509 782 Non
1534 743 1690 792 timeat,
1713 743 1850 796 inquit

528 809 806 862 Augustinus,
847 810 1148 859 condicionem,
1202 812 1273 849 sed
1326 820 1462 864 speret
1513 812 1845 864 miseracionem,

529 878 627 932 quia
659 892 798 918 revera
830 879 862 918 si
895 880 984 919 Deo
1018 880 1167 919 servire
1200 880 1251 919 sit
1290 894 1476 933 regnare,
1508 881 1656 922 ancilla
1687 882 1848 921 domini

531 958 589 988 est
629 948 782 1002 regina.
825 950 877 988 Et
908 949 1005 989 hinc
1037 964 1130 989 vere
1163 964 1209 989 ac
1241 950 1453 990 meritorie
1485 950 1703 1004 profitetur
1735 951 1846 991 Psal-
1868 970 1907 992 10

529 1017 653 1057 mista
682 1019 850 1058 Psalmo
883 1019 1031 1070 CXV0,
1068 1020 1133 1060 16:
1172 1020 1281 1074 Ego,
1314 1020 1464 1074 inquit,
1498 1034 1647 1061 servus
1679 1027 1778 1061 tuus
1810 1027 1851 1061 et

521 1089 650 1142 filius
695 1090 852 1129 ancille
894 1097 976 1129 tue.
1043 1089 1222 1143 Oportet
1275 1090 1388 1130 enim
1439 1091 1629 1131 membra
1680 1090 1850 1130 ecclesie

532 1158 729 1211 precipue
762 1173 904 1198 cavere
936 1159 1079 1198 ocium
1109 1169 1148 1199 et
1177 1160 1326 1200 servire
1359 1160 1571 1212 continue,
1604 1160 1703 1213 quia
1735 1159 1851 1200 aliter

535 1241 619 1266 non
655 1228 777 1267 datur
809 1228 865 1267 eis
898 1228 1110 1281 spirituale
1144 1229 1359 1269 cibarium.
1401 1230 1524 1270 Unde
1564 1229 1617 1268 IIa
1661 1229 1850 1270 Thessal.

535 1297 624 1349 1110,
656 1311 701 1336 io
725 1298 1084 1351 dicitApostolus:
1106 1299 1190 1347 Qui
1208 1313 1289 1338 non
1315 1299 1483 1339 laborat
1505 1313 1586 1339 non
1611 1299 1851 1339 manducet.
1872 1308 1909 1341 15

303 1377 399 1404 Verse
422 1378 461 1405 ις’).
595 1367 675 1406 Sed
708 1367 804 1421 quia
837 1377 1029 1408 matrona
1060 1370 1243 1421 prudens
1276 1369 1542 1409 considerans
1565 1370 1682 1423 quod
1704 1369 1892 1410 cibaria5
1932 1376 1970 1410 H

242 1411 596 1483 siig³i21i¹yeidissht³iievie
643 1451 730 1477 non
776 1437 990 1478 sufficiunt
1033 1438 1198 1478 homini
1244 1439 1285 1478 in
1326 1448 1529 1491 eternum,
1569 1439 1665 1478 ideo
1703 1438 1853 1492 quinto

275 1482 430 1517 Kingdom
451 1481 486 1510 of
644 1507 650 1513 .
887 1508 894 1515 .
1035 1509 1043 1516 .
1408 1510 1415 1517 .
1460 1510 1466 1517 .

310 1518 448 1545 Heaven.
531 1508 740 1547 subditur:
768 1508 1060 1548 Conszdercwzt
1082 1522 1241 1562 agrum
1266 1516 1305 1548 et
1334 1516 1432 1548 emzt
1453 1510 1588 1558 zllum,
1624 1509 1853 1563 defructu

532 1591 739 1617 manuum
776 1591 959 1618 suarum
986 1579 1202 1632 plantavit
1239 1580 1417 1619 vineam.
1464 1584 1574 1633 Ager
1604 1578 1672 1618 ille
1705 1591 1851 1618 secun-

531 1648 634 1687 dum
678 1649 965 1700 Augustinum
1012 1658 1074 1689 est
1105 1663 1284 1703 regnum
1323 1650 1509 1689 celorum
1548 1649 1591 1688 in
1631 1662 1717 1702 quo
1757 1657 1854 1689 sunt
1870 1667 1911 1689 20

532 1717 689 1757 fructus
735 1732 901 1771 semper
943 1719 1137 1771 virentes,
1186 1728 1232 1759 ut
1275 1728 1390 1772 patet
1422 1723 1557 1772 Apoc.
1603 1718 1768 1772 ultimo,
1815 1727 1853 1758 et

530 1788 699 1827 Psalmo
741 1789 910 1840 XL1X0,
956 1804 997 1828 11
1044 1789 1211 1829 dicitur:
1246 1789 1522 1830 Pulchritudo
1555 1788 1656 1843 agri
1687 1801 1851 1828 mecum

532 1865 605 1897 est.
647 1859 766 1898 Illam
804 1868 947 1899 autem
978 1859 1156 1912 patriam
1188 1858 1322 1899 fidelis
1357 1859 1545 1899 discursu
1579 1858 1676 1898 fidei
1715 1857 1853 1898 infuse

533 1929 782 1981 considerat,
828 1940 867 1970 et
910 1944 959 1969 ex
990 1929 1071 1969 fide
1104 1930 1305 1983 scripture
1337 1944 1413 1983 pro
1445 1929 1525 1970 levi
1564 1927 1853 1968 tribulacionis

532 2007 829 2039 momentanee
874 1999 1016 2052 ipsum
1059 2009 1209 2052 sperat,
1255 2009 1295 2039 et
1339 1999 1395 2039 sic
1439 1999 1544 2039 illud
1597 1999 1713 2052 quod
1764 2012 1852 2039 non
1868 2006 1909 2038 25

531 2068 696 2108 videtur
728 2070 859 2108 modo
892 2069 1139 2109 sensibiliter
1168 2070 1336 2123 pondus
1370 2078 1510 2109 eterne
1542 2069 1673 2122 glorie
1706 2082 1850 2122 opera-

533 2147 601 2177 tur
631 2138 673 2177 in
706 2138 827 2178 nobis
861 2148 900 2178 et
931 2139 1214 2178 voluntariam
1245 2138 1556 2192 persecucionis
1595 2137 1853 2191 pacienciam

534 2216 705 2260 propter
760 2208 969 2248 iusticiam
1032 2222 1112 2262 que
1171 2209 1405 2248 secundum
1463 2221 1614 2248 vocem
1671 2208 1852 2257 veritatis

534 2277 709 2316 Matthei
741 2278 817 2318 V10
851 2287 910 2318 est
932 2278 1121 2331 precium
1145 2278 1269 2318 huius
1291 2278 1389 2332 agri.
1414 2279 1536 2319 Unde
1558 2278 1660 2332 quid
1682 2285 1854 2331 propter

535 2348 777 2400 exemplum
801 2348 1023 2388 martirum
1055 2357 1095 2388 et
1126 2349 1338 2388 iustorum
1371 2356 1511 2388 sancte
1542 2347 1782 2388 vivencium
1814 2355 1853 2386 et
1867 2353 1909 2385 30

534 2417 637 2470 quid
688 2427 860 2471 propter
916 2418 1087 2458 virtutes
1148 2418 1408 2471 theologicas
1460 2417 1617 2457 infusas
1677 2418 1853 2469 desuper

534 2496 667 2527 mater
713 2497 854 2527 nostra
896 2487 938 2526 in
983 2501 1055 2541 spe
1106 2488 1205 2527 boni
1252 2487 1378 2528 futuri
1422 2486 1624 2540 plantavit
1671 2487 1850 2537 vineam,

534 2557 615 2596 hoc
648 2566 725 2609 est,
757 2557 1018 2610 superiorem
1051 2558 1146 2597 cleri
1179 2557 1394 2597 ecclesiam
1419 2571 1500 2610 que
1521 2556 1738 2596 residuum
1767 2555 1849 2608 agri

533 2624 724 2667 letificet?
757 2628 809 2667 Et
831 2627 911 2667 hoc
943 2627 1092 2667 merito
1115 2627 1250 2667 tocius
1274 2626 1443 2668 ecclesie
1472 2627 1589 2680 quod
1612 2634 1673 2666 est
1695 2625 1852 2666 fructus

588 2807 608 2827 1.
628 2798 663 2826 ln
684 2799 792 2827 codd.:
815 2799 927 2827 socios.
1038 2799 1079 2827 16.
1100 2798 1129 2826 A
1148 2800 1205 2833 Al:
1232 2803 1375 2826 matrona
1394 2813 1428 2818 —
1448 2797 1517 2825 ideo
1538 2797 1633 2825 deest.
1748 2796 1788 2825 25.
1810 2796 1846 2823 B:

535 2845 578 2873 sic
598 2846 690 2873 idem.
833 2853 881 2881 29.
901 2846 936 2873 In
956 2845 1065 2874 codd.:
1085 2845 1193 2873 Matth.
1215 2844 1253 2873 V.
1394 2844 1438 2873 32.
1458 2845 1502 2873 Az
1525 2844 1597 2872 boni
1617 2843 1700 2871 fuci?
