2051 3273
210 209 294 247 420
937 204 1160 237 JOHANNIS
1186 205 1382 238 WYCLIF.
1577 193 1683 252 [CAP.
1699 204 1808 233 xvm.

499 308 698 359 infideles,
732 318 778 348 ut
809 309 959 361 allegat
992 323 1065 362 per
1096 310 1204 362 leges
1240 310 1504 363 multiplices,
1537 312 1609 349 sed
1641 312 1960 358 ecclesia18611D

498 379 763 432 triumphans
795 388 962 419 tantum
994 380 1118 420 habet
1150 381 1303 431 bonos,
1338 380 1435 434 quia
1468 380 1509 419 in
1541 380 1610 420 illa
1632 395 1718 420 non
1752 390 1812 421 est

500 449 665 489 macula
711 450 899 489 mortalis
944 464 1080 503 neque
1125 463 1228 502 ruga
1278 450 1449 489 venialis
1495 448 1560 505 (ut
1593 459 1704 503 patet
1751 451 1812 489 De

497 520 747 571 Penitencia,
792 520 1065 560 distinccione
1108 520 1255 573 prima,
1291 519 1472 573 capitulo
1506 518 1731 575 Ecclesia),
1774 529 1813 560 et

498 590 622 629 huius
675 603 828 642 corpus
879 589 1032 629 scilicet
1085 589 1253 629 ecclesie
1306 589 1522 628 militantis
1575 599 1700 643 caput
1753 588 1845 635 est5

499 660 690 700 Christus
740 668 786 699 ut
839 673 1030 712 sponsus.
1085 660 1138 698 Et
1183 660 1256 698 hec
1302 659 1473 698 ecclesia
1516 659 1700 699 militans
1744 659 1815 699 fiet

497 729 762 782 triumphans
805 739 902 782 post
935 729 1286 768 resurreccionem
1328 728 1625 780 universaliter,
1667 738 1706 769 et
1744 744 1812 770 co-

498 799 595 838 tidie
618 798 664 838 fit
694 799 961 851 triumphans
990 800 1028 837 in
1055 798 1253 838 membris
1286 798 1597 851 particulariter,
1621 798 1676 838 ita
1699 801 1815 853 quod

498 869 667 908 ecclesia
708 868 891 907 militans
940 877 999 907 est
1042 882 1208 921 sponsa,
1254 869 1324 907 sed
1368 868 1491 907 ducta
1542 867 1583 906 in
1636 869 1814 909 domum

497 940 639 992 sponsi
672 938 956 977 universaliter
983 937 1047 976 vel
1070 938 1111 976 in
1135 937 1218 977 suis
1241 938 1440 976 membris
1463 937 1507 977 fit
1537 951 1653 977 uxor.
1691 939 1814 979 Unde
1835 964 1872 986 10

497 1012 633 1061 Apoc.
667 1008 800 1058 XXIO,
834 1022 872 1060 9,
906 1008 1007 1046 dixit
1039 1008 1211 1061 angelus
1245 1008 1365 1047 beato
1398 1007 1598 1048 Johanni:
1646 1008 1745 1048 Veni
1776 1016 1816 1049 et

497 1078 714 1117 ostendam
768 1077 839 1116 tibi
881 1090 1096 1129 sponsam,
1144 1090 1321 1116 uxorem
1374 1078 1491 1130 agni.
1539 1077 1619 1126 Sic,
1664 1077 1815 1131 inquit,

498 1149 662 1201 reperio
707 1147 819 1200 quod
860 1147 935 1185 illa
980 1159 1060 1199 que
1105 1153 1167 1186 est
1208 1159 1365 1199 sponsa
1411 1147 1554 1186 mariti
1597 1146 1722 1186 ducta
1774 1148 1815 1187 z'n

497 1218 667 1257 domum
702 1217 909 1271 efficietur
942 1229 1068 1265 uxor,
1097 1216 1291 1268 Digestis,
1324 1217 1385 1255 De
1418 1216 1516 1256 Ritu
1549 1217 1816 1269 Nuptiarum,

498 1286 785 1326 “Minore1n”.
809 1287 862 1325 Et
886 1285 991 1325 sicut
1012 1286 1092 1325 hoc
1116 1286 1311 1338 exemplo
1334 1286 1479 1325 eadem
1508 1286 1659 1325 mulier
1680 1287 1817 1339 primo
1840 1302 1873 1334 ῐ5

498 1366 558 1396 est
591 1370 745 1410 sponsa
787 1365 827 1396 et
865 1369 938 1408 per
970 1355 1216 1408 qualitatem
1261 1355 1476 1395 duccionis
1522 1356 1726 1395 adiectam
1771 1356 1817 1396 fit

498 1441 614 1477 uxor,
638 1427 693 1466 sic
718 1425 889 1465 ecclesia
922 1425 1104 1465 militans
1138 1425 1203 1464 vel
1235 1425 1375 1464 anima
1407 1425 1538 1464 fidelis
1570 1425 1636 1465 hic
1665 1439 1818 1479 sponsa

498 1497 654 1536 Christi
687 1497 811 1535 ducta
842 1496 884 1534 in
927 1495 1119 1535 celestem
1158 1495 1385 1534 Jerusalem
1426 1508 1533 1533 uxor
1572 1495 1816 1535 censebitur.

556 1568 681 1606 Istam
721 1566 915 1605 celestem
956 1565 1093 1618 legem
1133 1566 1182 1604 de
1222 1564 1396 1604 articulo
1429 1563 1524 1603 fidei
1557 1578 1581 1603 a
1613 1565 1863 1618 scripturaE

498 1651 611 1677 sacra
654 1650 727 1689 per
766 1644 931 1675 sanctos
965 1636 1156 1674 doctores
1190 1643 1228 1674 et
1261 1635 1454 1674 doctores
1487 1634 1587 1673 iuris
1627 1635 1814 1675 canonici
1833 1662 1875 1683 20

497 1708 749 1746 elaboratam
767 1705 1026 1744 addiscerent
1042 1704 1067 1732 ἧς
1081 1704 1224 1758 legiste
1240 1704 1437 1757 precipue
1455 1713 1493 1743 et
1508 1717 1655 1743 omnes
1672 1705 1814 1744 catho—
1835 1715 1913 1758 187¹*

495 1776 575 1817 lici.
614 1776 821 1822 Christus,
854 1774 992 1828 inquit
1038 1775 1199 1824 doctor,
1244 1773 1398 1813 dicitur
1431 1774 1537 1826 lapis
1570 1775 1814 1828 angularis,

497 1847 602 1886 duos
650 1846 837 1898 parietes
885 1851 1133 1884 connectens
1190 1843 1434 1893 adinvicem,
1483 1844 1584 1896 quia
1622 1844 1673 1882 ab
1713 1844 1818 1883 Abel

497 1917 605 1955 iusto
639 1916 678 1954 in
713 1915 841 1954 veteri
869 1920 1118 1953 testamento
1153 1926 1285 1966 usque
1317 1913 1373 1952 acl
1405 1913 1677 1952 novissimum
1711 1914 1814 1953 elec-

498 1993 585 2025 tum
639 1986 680 2024 in
730 1985 812 2025 nne
858 1985 993 2024 seculi
1028 1984 1187 2037 fideles
1249 1983 1466 2035 connectit,
1525 1983 1814 2022 constituendo
1832 1994 1871 2026 25

497 2056 731 2102 ecclesiam,
766 2055 961 2093 continue
994 2067 1170 2093 manens
1202 2066 1407 2094 summus.

221 2137 326 2164 Hence
347 2147 393 2165 we
417 2146 467 2165 see
556 2126 616 2163 Ex
668 2124 753 2163 istis
807 2124 934 2163 tercio
987 2132 1101 2175 patet
1153 2122 1386 2161 destruccio
1440 2122 1587 2160 erroris
1640 2121 1855 2174 triplicisss

277 2174 341 2200 that
364 2174 413 2200 [he
658 2194 663 2199 .
715 2194 720 2199 .
943 2193 950 2199 .
1085 2193 1090 2197 .
1253 2192 1260 2197 .
1321 2192 1328 2198 .
1595 2191 1601 2197 .
1754 2191 1790 2197 ..

256 2208 437 2235 differences
498 2195 737 2247 supradicti.
771 2195 877 2232 Nam
913 2194 1019 2232 dicte
1053 2191 1286 2231 differencie
1319 2200 1427 2230 mter
1460 2192 1675 2230 ecclesiam
1704 2191 1813 2230 mili-

243 2243 452 2305 miiiiziiiieiind
498 2273 657 2303 tantem
690 2273 729 2303 et
761 2263 1092 2315 triumphantem
1126 2275 1210 2301 non
1236 2270 1333 2300 sunt
1357 2260 1591 2300 differencie
1620 2261 1812 2300 substan-

210 2312 402 2347 triumpliant
432 2320 483 2339 are
525 2334 532 2340 .
1006 2331 1013 2337 .
1325 2330 1331 2336 .
1435 2330 1441 2336 .

227 2353 279 2373 not
307 2348 465 2379 essentiam,
501 2334 636 2383 ciales,
678 2333 749 2372 sed
780 2332 899 2371 valde
932 2332 1220 2381 accidentales,
1261 2344 1360 2383 quia
1391 2330 1507 2369 aliter
1538 2330 1652 2369 nulla
1686 2330 1812 2369 eccle·
1831 2342 1872 2374 30

219 2381 271 2408 but
293 2383 477 2419 accmemm'
503 2404 562 2443 sia
605 2403 787 2442 militans
833 2402 937 2441 foret
981 2401 1263 2454 triumphans;
1308 2401 1421 2453 quod
1455 2408 1515 2439 est
1548 2408 1689 2439 contra
1721 2413 1813 2452 pre-

556 2539 583 2566 6,
607 2539 633 2565 A
654 2539 683 2564 in
706 2545 822 2572 marg:
845 2536 1025 2564 Conclusio.
1158 2545 1190 2563 11.
1212 2537 1244 2563 In
1267 2536 1375 2563 codd.:
1398 2537 1498 2570 Apoc.
1520 2534 1600 2563 XIX.
1710 2535 1751 2563 16.
1774 2535 1811 2562 B:

500 2595 515 2613 a
538 2587 652 2612 directa
672 2584 714 2611 fit.
834 2592 873 2618 17.
905 2584 942 2610 13:
975 2583 1072 2610 fidelis
1101 2583 1202 2610 huius.
1325 2590 1366 2609 22.
1387 2584 1415 2609 A
1438 2582 1468 2608 in
1497 2590 1612 2616 marg:
1643 2581 1813 2616 Quomodo

501 2632 645 2659 Christus
678 2635 723 2657 est
755 2630 831 2665 lapis
865 2630 1032 2664 angularis.
1176 2637 1222 2662 24.
1258 2628 1296 2655 B:
1326 2628 1513 2655 testamenti.
1658 2627 1696 2655 31.
1730 2629 1758 2655 A
1782 2628 1812 2654 in

499 2685 615 2712 marg:
637 2677 777 2704 Ecclesia
799 2684 882 2704 nunc
904 2676 1038 2703 militans
1061 2681 1168 2710 postea
1190 2678 1245 2702 erit
1267 2675 1475 2710 triumphans.

542 2784 572 2812 4.
602 2773 701 2803 Decr.
730 2773 755 2803 ΙΙ
784 2782 873 2814 parS,
901 2782 1004 2803 causa
1031 2771 1147 2810 XXIII,
1175 2781 1209 2812 q.
1236 2771 1290 2810 III,
1327 2780 1400 2811 cap.
1436 2769 1538 2800 LXX.
1641 2779 1690 2809 14.
1712 2768 1811 2810 Digg.

498 2830 554 2862 lib.
580 2831 698 2870 XXIII,
725 2830 773 2861 tit.
801 2830 838 2869 11,
866 2830 917 2861 De
943 2830 1024 2861 Ritu
1050 2828 1256 2871 Nuptiarum
1284 2837 1315 2868 4.
