2051 3343
242 233 333 263 CAP.
354 220 428 279 1v.]
745 238 805 270 DE
831 239 1066 271 ECCLESIA.
1786 232 1836 269 83

89 351 121 383 L
149 342 389 394 139⁶¹eadem
423 343 517 393 ipsa
543 343 716 394 peperit
752 343 899 382 Datan
943 351 982 383 et
1004 344 1111 383 alios
1151 344 1191 382 in
1231 344 1375 384 eodem
1391 347 1556 397 populo

239 413 418 460 similes,
463 418 503 451 et
538 424 617 464 que
656 412 773 463 istos,
825 412 973 452 eadem
1017 414 1110 464 ipsa
1153 413 1329 463 Judam,
1368 415 1555 467 pseudo-

240 482 470 534 apostolos,
506 480 722 520 Simonem
756 494 931 535 magum
965 488 1005 521 et
1035 488 1197 523 ceteros
1230 497 1364 537 usque
1395 484 1452 524 ad
1481 486 1557 524 hec

237 558 428 603 tempora
444 550 874 602 pseudochristianos
888 552 1175 603 pertinaciter
1197 553 1443 606 obduratos,
1466 556 1556 595 sive

206 623 323 660 §sint
346 621 559 672 permixti
588 621 677 660 sive
710 627 861 672 aperta
885 622 1132 673 precisione
1164 622 1438 666 dissenciant.

295 690 348 729 Et
390 698 485 742 post
528 690 701 743 exponit
752 691 972 744 quomodo
1023 691 1245 744 allegorice
1295 694 1468 734 docetur
1514 694 1556 734 in

236 758 407 798 historia
448 759 594 799 veteris
639 760 873 800 testamenti
917 762 1137 814 quomodo
1171 762 1269 803 boni
1301 764 1556 817 quandoque

228 830 415 882 pariunt
447 829 590 877 bonos,
624 835 670 868 ut
698 829 830 869 Jacob
863 830 1085 870 duodecim
1117 833 1416 884 patriarchas,
1450 835 1555 873 mali

236 906 375 939 autem
421 899 674 952 quandoque
711 900 894 952 pariunt
936 900 1082 952 honos)
1117 909 1163 941 ut
1193 903 1350 942 ancille
1392 903 1557 942 Rachel

183 976 414 1022 xoparz’unt
442 969 575 1009 Jacob
594 969 734 1022 filios,
767 970 873 1009 mali
910 977 1051 1010 autem
1086 972 1344 1025 quandoque
1368 974 1556 1025 pariunt

237 1035 388 1091 malos,
434 1045 475 1079 et
519 1039 618 1079 boni
662 1040 816 1088 malos,
871 1047 917 1080 ut
955 1047 1079 1093 patet
1120 1042 1172 1081 de
1215 1042 1418 1094 Ismalzel‚
1450 1043 1554 1096 filio

234 1110 404 1149 Abs-alze
436 1117 476 1149 et
506 1109 675 1149 ancille.
700 1109 753 1148 Et
776 1111 1054 1162 postmodum
1086 1111 1266 1151 declarat
1288 1113 1405 1165 quod
1419 1114 1554 1164 palea

237 1180 355 1218 nullo
388 1178 512 1218 modo
537 1186 680 1231 potest
709 1180 908 1220 converti
938 1181 980 1218 in
1008 1180 1284 1234 frumentum
1330 1182 1440 1222 sicut
1477 1196 1555 1223 nec

234 1262 338 1288 caro
363 1251 405 1289 in
427 1249 642 1301 spiritum,
665 1249 930 1302 sedpresciti
944 1263 1092 1290 omnes
1114 1252 1166 1290 ab
1185 1252 1263 1292 illa
1280 1253 1461 1292 ecclesia
1475 1266 1556 1305 que

181 1319 505 1371 15triumphans
538 1326 601 1358 est
630 1320 724 1359 sine
756 1320 928 1359 macula
974 1321 1041 1361 vel
1073 1334 1188 1374 ruga
1224 1334 1395 1374 semper
1428 1322 1554 1362 divisi

233 1396 343 1430 sunt.
378 1390 430 1429 Et
462 1389 520 1428 sic
551 1397 666 1441 patet
697 1403 745 1428 ex
776 1389 1021 1429 testimonio
1045 1399 1283 1445 sanctorum
1309 1391 1551 1444 Augustini,

235 1458 485 1498 Crisostomi
518 1467 557 1498 et
589 1459 740 1498 decreti
764 1461 984 1512 quomodo
1018 1469 1078 1499 est
1101 1461 1224 1500 unica
1255 1470 1397 1501 sancta
1420 1470 1553 1501 mater
1566 1481 1633 1509 The
1649 1482 1842 1511 Saintstest-

235 1527 404 1568 ecclesia
436 1542 459 1567 a
490 1528 695 1581 principio
734 1529 883 1568 mundi
922 1543 1003 1583 que
1042 1530 1276 1570 eternaliter
1315 1539 1353 1570 et
1393 1531 1548 1584 imper·
1579 1518 1831 1589 ’ἓξὲᾓὲᾌζὴῇᾎῆῗ

233 1597 361 1637 mixte
393 1598 627 1651 amplexata
661 1607 720 1637 est
743 1612 764 1637 a
787 1598 931 1651 sponsi
953 1600 1120 1639 dextera
1141 1608 1237 1652 post
1259 1600 1371 1640 diem
1394 1600 1549 1642 iudicii.
1564 1587 1689 1614 mother
1704 1587 1828 1615 Church

1833 1610 1841 1625 ,

176 1677 217 1699 20
234 1668 370 1719 Unde,
395 1667 615 1720 supposita
646 1668 698 1706 ad
720 1668 849 1707 istun]
871 1681 1043 1708 sensum
1064 1669 1223 1709 unitate
1245 1679 1384 1710 sancte
1406 1671 1550 1711 matris

233 1737 416 1789 ecclesie,
449 1737 721 1777 manifestum
752 1737 916 1777 videtur
947 1739 1066 1791 qnod
1096 1739 1237 1778 nullus
1262 1740 1464 1793 prescitus
1498 1741 1550 1781 sit
1576 1747 1829 1811 0{hvavthiicthg1r‹}rie

232 1806 472 1846 membrum
494 1806 605 1847 illius
629 1807 817 1859 ecclesie3
850 1821 948 1846 nam
982 1808 1123 1847 solum
1144 1809 1215 1848 illa
1238 1818 1298 1848 est
1320 1819 1451 1850 mater
1482 1825 1546 1851 ec·
1599 1805 1794 1880 l<rssgvni11biesra

233 1875 355 1915 clesia
386 1889 462 1928 pro
494 1884 684 1929 tempore
720 1876 785 1915 vie
825 1891 907 1930 que
946 1877 1227 1931 coronabitur,
1267 1892 1343 1918 nec
1381 1880 1550 1920 habebit
1770 1874 1777 1887 ’

231 1944 297 1984 hic
329 1946 428 1985 alias
460 1955 595 1998 partes
628 1960 757 2000 quam
787 1946 956 1987 habebit
994 1956 1092 2000 post
1129 1948 1241 1988 diem
1278 1949 1434 1989 iudicii.
1468 1951 1549 1990 Sed

177 2015 300 2054 25illa
332 2025 463 2055 mater
494 2025 636 2056 nostra
667 2024 764 2069 post
803 2016 915 2056 diem
952 2017 1110 2069 iudicii,
1143 2019 1316 2071 quando
1350 2019 1424 2060 erit
1463 2020 1549 2060 sine

232 2085 396 2124 macula
412 2086 478 2126 vel
491 2099 606 2139 ruga,
631 2100 717 2125 non
750 2086 921 2126 habebit
953 2087 1154 2139 prescitos
1187 2089 1259 2127 sed
1282 2088 1423 2129 solum
1455 2103 1547 2142 pre-

232 2154 457 2195 destinatos
501 2165 637 2208 partes
686 2167 808 2208 suas;
854 2171 951 2210 ergo
991 2166 1031 2197 et
1074 2158 1219 2197 modo.
1265 2162 1549 2213 Assumptum

230 2232 345 2276 patet
377 2225 427 2264 de
459 2238 543 2264 una
575 2234 717 2265 sancta
747 2234 880 2266 matre
913 2227 1084 2266 ecclesia
1115 2242 1198 2281 que
1229 2228 1434 2269 inutiliter
1465 2243 1546 2269 ser-

229 2292 333 2333 viret
362 2293 428 2333 hic
460 2308 633 2347 sponso,
675 2296 753 2334 nisi
791 2304 889 2349 post
925 2296 1114 2336 laborem
1153 2298 1389 2338 eternaliter
1427 2312 1547 2338 coro-

288 2438 319 2463 4.
338 2430 373 2457 In
395 2430 525 2458 decret.:
552 2431 581 2457 in
603 2430 770 2459 affeccione
797 2433 913 2460 carnali
934 2433 1143 2468 pertinaciter.
1270 2434 1299 2463 6.
1319 2436 1349 2463 A
1373 2436 1404 2463 in
1430 2443 1546 2470 marg:

231 2474 401 2503 Generacio
428 2476 563 2504 ecclesie.
690 2487 718 2513 9.
739 2479 778 2505 B:
799 2479 925 2514 pariunt
944 2480 1054 2507 malos.
1200 2481 1237 2509 13.
1259 2481 1280 2508 Β
1302 2481 1332 2509 in
1353 2489 1450 2517 marg.
1463 2491 1545 2510 man.

230 2529 308 2548 rec.:
324 2522 414 2550 Palea
433 2531 591 2560 nunquam
610 2529 744 2552 vertetur
763 2525 793 2552 in
813 2525 1002 2553 frumentum
1025 2526 1103 2554 sicut
1123 2535 1237 2562 corpus
1257 2528 1287 2555 in
1310 2529 1459 2557 animum.

230 2568 272 2596 16.
293 2569 321 2595 A
342 2570 398 2604 Ast
420 2570 457 2597 de
476 2570 664 2599 testimonio.
801 2581 840 2608 17·
862 2573 902 2600 B:
923 2574 1014 2601 unica
1033 2574 1053 2601 ti
1071 2579 1187 2602 sancta.
1314 2583 1363 2610 24.
1384 2576 1426 2604 25.
1448 2577 1545 2612 AAl:

230 2613 290 2641 Sed
310 2631 343 2635 -—
363 2616 469 2644 iudicii
489 2617 586 2647 deest.

287 2732 318 2765 6.
356 2735 444 2777 Aug.
483 2736 504 2767 l.
532 2746 577 2768 c.:
604 2736 641 2768 In
667 2737 834 2770 omnibus
860 2739 954 2770 enim
975 2738 1169 2772 christianis
1197 2739 1332 2782 (fratres
1354 2742 1543 2785 adtendite)

230 2797 288 2823 aut
324 2802 386 2835 per
421 2794 534 2826 malos
566 2802 755 2828 nascuntur
785 2796 868 2828 boni
901 2804 959 2829 aut
991 2807 1052 2840 per
1083 2797 1197 2830 bonos
1242 2806 1432 2832 nascuntur
1463 2801 1544 2832 mali

231 2856 288 2880 aut
313 2860 374 2892 per
400 2851 512 2883 bonos
539 2852 620 2884 boni
647 2861 704 2885 aut
731 2865 792 2897 per
818 2856 929 2886 malos
955 2855 1035 2887 mali
1063 2879 1070 2887 .
1091 2881 1097 2887 .
1118 2881 1124 2887 .
1147 2882 1153 2888 .

1372 2915 1414 2948 6*
