2051 3273
226 192 245 228 5
255 194 273 230 5
283 203 304 229 2
990 200 1214 232 JOHANNJS
1239 200 1433 233 WYCLIF.
1595 188 1698 245 [CAP.
1718 198 1827 226 xxm.

225 314 500 382 ῖεέἃξῐξὲῐῶἓῐῧὲζξ
524 306 673 345 tercia:
726 305 787 344 Ab
820 304 1029 354 omnibus,
1062 306 1214 357 inquit,
1255 305 1497 344 conceditur
1533 306 1830 360 indulgencias
1845 316 1979 350 203⁰B

234 383 493 446 arreemrffstiglilrguffl
516 374 680 428 aliquid
699 374 854 423 valere,
888 374 987 427 quia
1016 375 1189 427 impium
1224 381 1332 414 esset
1353 374 1490 414 dicere
1511 376 1623 428 quod
1654 377 1828 416 ecclesia

251 453 404 487 temporat
426 460 487 491 pey
515 443 679 497 aliquid
712 457 819 484 vane
846 443 1034 497 faceret.
1090 443 1171 482 Sed
1201 443 1374 496 quidam
1416 444 1560 484 dicunt
1597 445 1708 498 quod
1747 459 1827 485 non

228 487 656 557 Πῗηηειξυὲἔεῐτιῗτζῗῆναῖεητ
687 513 743 552 ad
773 512 1075 552 absolvendum
1108 526 1132 551 a
1166 519 1287 552 reatu
1320 527 1431 566 pene
1453 513 1475 534 ᾗ
1497 527 1623 567 quam
1657 516 1749 568 quis
1787 516 1827 554 in
1846 521 1927 556 203‘1

508 583 769 637 purgatorio
825 581 1057 622 secundum
1109 582 1308 621 iudicium
1359 583 1443 622 Dei
1496 591 1697 633 meretur,
1755 585 1861 624 sed5

515 653 656 692 valent
691 652 747 691 ad
788 651 1034 691 solvendum
1079 652 1130 690 ab
1182 652 1446 705 obligacione
1494 666 1577 706 qua
1628 653 1828 693 sacerdos

516 723 719 775 obligavit
742 722 997 774 penitentem
1031 720 1087 760 ad
1111 734 1268 773 penam
1299 722 1487 774 aliquam
1520 723 1586 761 vel
1616 722 1672 762 ad
1701 736 1828 776 quam

517 793 648 832 eciam
682 792 909 831 ordinatur
940 805 993 830 ex
1021 804 1233 830 canonum
1256 792 1439 831 statutis.
1475 791 1556 831 Sed
1586 792 1659 831 hec
1690 793 1829 845 opinio

523 876 604 901 non
650 862 814 901 videtur
851 872 974 911 vera‚·
1018 861 1162 913 primo
1206 861 1304 914 quia
1343 867 1405 900 est
1442 874 1643 914 expresse
1681 869 1829 901 contra

511 932 788 985 privilegium
813 932 935 970 Petro
968 930 1130 980 datum,
1165 937 1210 969 ut
1240 930 1352 983 quod
1373 931 1413 969 in
1447 938 1563 971 terra
1601 932 1831 971 remitteret
1851 949 1887 970 ιο

518 1008 557 1041 et
587 1002 628 1040 in
662 1002 749 1040 celo
782 1001 1081 1048 remitteretur,
1129 1000 1237 1039 unde
1269 1001 1460 1040 remissio
1498 1014 1578 1054 que
1601 1001 1661 1053 fit
1691 1001 1831 1054 quoad
1843 1009 1859 1040 1

509 1071 666 1125 forum
701 1071 882 1120 ecclesie,
921 1070 1034 1109 valet
1065 1070 1197 1109 eciam
1231 1077 1436 1122 quantum
1471 1070 1526 1109 ad
1542 1070 1700 1124 forum
1734 1070 1827 1110 Dei.

519 1142 640 1188 Item,
675 1141 851 1179 ecclesia
875 1139 1118 1179 huiusmodi
1149 1139 1462 1192 indulgenciam
1482 1139 1658 1192 faciens
1690 1141 1869 1194 magis2

519 1211 841 1264 dampnificaret
889 1223 1014 1262 quam
1067 1209 1300 1257 adiuvaret,
1352 1210 1450 1262 quia
1501 1211 1732 1249 remitteret
1776 1210 1832 1249 ad

519 1281 743 1335 graviores
760 1292 912 1332 penas,
935 1279 1091 1319 scilicet
1104 1279 1368 1333 purgatorii,
1390 1279 1646 1320 absolvendo
1668 1293 1693 1319 a
1708 1281 1829 1332 peni-
1851 1285 1887 1317 15

520 1351 663 1391 tenciis
708 1349 917 1389 iniunctis.
974 1349 1026 1387 Et
1076 1348 1299 1388 manifeste
1353 1358 1469 1401 patet
1514 1349 1734 1400 deduccio,
1781 1363 1830 1389 eo

522 1421 640 1474 quod
666 1420 783 1459 iuxta
805 1418 1051 1471 opinionem
1076 1417 1344 1471 indulgencia
1372 1432 1455 1457 non
1486 1418 1584 1457 facit
1607 1419 1660 1457 ad
1683 1418 1828 1458 remis-

521 1491 682 1529 sionem
724 1490 764 1529 in
806 1488 1069 1542 purgatoriO,
1116 1489 1189 1527 sed
1235 1488 1445 1528 subducta
1485 1489 1755 1541 indulgencia
1788 1489 1829 1528 in

521 1561 646 1612 pleno
669 1558 907 1612 penitencie
930 1558 1086 1597 faceret
1109 1558 1159 1596 ad
1185 1558 1475 1597 remissionem
1502 1558 1541 1597 in
1568 1559 1829 1611 purgatorio,

522 1630 639 1682 quod
673 1628 783 1668 foret
816 1627 1030 1667 infinitum
1064 1628 1327 1679 prestancius
1367 1641 1495 1681 quam
1536 1628 1675 1681 aliqua
1714 1629 1830 1681 peni·
1848 1643 1889 1664 20

522 1699 657 1738 tencie
703 1699 768 1737 vie
814 1697 1020 1736 remissio.
1076 1697 1175 1736 Ideo
1220 1697 1336 1736 iuxta
1380 1697 1489 1737 hanc
1535 1698 1643 1736 viam
1691 1698 1830 1737 omnis

522 1768 789 1820 indulgencia
843 1766 946 1805 foret
997 1767 1245 1818 impeditiva
1292 1766 1453 1806 fructus
1499 1767 1736 1819 penitencie
1790 1776 1829 1806 et

523 1839 685 1888 nociva,
720 1838 815 1876 ideo
840 1836 1073 1889 prudenter
1097 1837 1242 1875 dicunt
1270 1837 1484 1876 canoniste
1518 1837 1633 1890 quod
1657 1847 1832 1889 propter

522 1907 810 1959 indulgencias
852 1919 935 1945 non
974 1915 1037 1945 est
1076 1906 1327 1945 dimittenda
1371 1907 1558 1946 iniuncta
1593 1906 1831 1959 penitencia

577 2086 596 2104 1.
617 2077 845 2112 indulgencias;
876 2076 906 2103 in
926 2075 1033 2103 codd.:
1057 2075 1262 2110 indulgencia.
1292 2074 1428 2103 Correxi.
1571 2084 1595 2103 2.
1621 2077 1642 2103 B
1664 2077 1694 2104 in
1716 2084 1832 2112 marg:

522 2123 687 2152 Sentencia
708 2123 805 2151 sancti
819 2121 943 2150 Thome
963 2127 990 2149 et
1011 2122 1226 2149 Bonaventure
1240 2130 1333 2157 super
1353 2122 1480 2150 materia
1494 2122 1763 2158 indulgenciarum
1779 2123 1834 2151 hec

523 2175 584 2198 est:
607 2170 795 2205 Concipiunt
816 2174 917 2197 autem
940 2169 1021 2204 quod
1044 2168 1190 2196 dominus
1212 2177 1291 2204 papa
1313 2168 1350 2195 ad
1372 2173 1479 2196 votum
1500 2176 1590 2196 suum
1611 2174 1711 2204 potest
1731 2169 1833 2197 distri-

525 2217 617 2244 buere
638 2220 667 2243 et
688 2215 841 2250 impertiri
861 2215 1031 2243 viatoribus
1054 2216 1090 2243 de
1111 2215 1244 2250 peccatis
1262 2217 1369 2243 saltem
1390 2216 1452 2243 suis
1474 2216 1705 2244 conterentibus
1726 2216 1834 2243 merita

523 2262 641 2291 Christi
656 2266 684 2290 et
699 2270 827 2290 suorum
843 2266 1033 2296 sanctorum,
1056 2269 1114 2297 que
1135 2267 1245 2288 vocant
1265 2270 1358 2296 opera
1375 2267 1597 2297 supererogata
1611 2267 1638 2290 et
1651 2263 1832 2290 thesaurum

525 2309 663 2341 ecclesie,
683 2309 728 2336 sic
747 2309 829 2343 quod
852 2313 953 2343 potest
974 2309 1025 2335 illa
1045 2307 1154 2335 merita
1173 2308 1242 2335 loco
1259 2308 1441 2336 meritorum
1462 2309 1611 2336 rudorum
1633 2309 1700 2343 (sic)
1720 2316 1834 2344 ponere

524 2357 560 2384 ad
582 2356 800 2384 remissionem
822 2356 938 2390 peccati
960 2356 1040 2389 rudi,
1061 2360 1089 2383 et
1109 2355 1181 2391 quia
1203 2355 1253 2383 illa
1275 2355 1385 2383 merita
1406 2356 1556 2382 excedunt
1576 2363 1700 2382 omnem
1721 2362 1832 2390 penam

523 2403 676 2431 viantibus
706 2402 850 2436 debitam,
888 2402 956 2429 ideo
986 2403 1099 2430 habent
1137 2401 1307 2429 efficaciam
1342 2401 1462 2428 delendi
1494 2409 1585 2428 omne
1615 2405 1775 2436 peccatum
1806 2406 1834 2428 et

524 2449 651 2477 tollendi
671 2456 796 2476 omnem
819 2456 929 2483 penam
951 2449 1087 2476 debitam
1105 2456 1160 2483 pro
1182 2452 1307 2483 peccato
1324 2456 1449 2482 magno.
1470 2447 1553 2482 Ergo
1575 2451 1601 2474 et
1623 2446 1773 2475 mirabilis
1789 2451 1834 2474 est

525 2495 654 2531 petentis
669 2495 736 2530 (sic)
752 2495 898 2522 dominus
914 2503 1006 2530 papa,
1028 2495 1077 2530 qui
1099 2498 1200 2529 potest
1216 2495 1270 2521 hec
1291 2494 1397 2521 merita
1409 2493 1511 2521 taliter
1524 2493 1673 2528 impertiri
1689 2498 1716 2520 et
1730 2492 1833 2528 gracia

524 2543 648 2570 illorum
677 2545 802 2576 peccata
823 2541 987 2574 remittere,
1020 2549 1114 2576 penas
1134 2541 1242 2568 tollere
1268 2545 1295 2567 et
1322 2548 1355 2567 ea
1376 2540 1442 2568 loco
1469 2540 1677 2574 plurimorum
1701 2539 1831 2567 aliorum

525 2592 727 2615 commutare.
749 2587 808 2615 Sed
830 2594 935 2615 revera
956 2595 1017 2614 non
1040 2587 1127 2614 video
1148 2587 1307 2622 quomodo
1323 2590 1500 2613 sanctorum
1515 2587 1694 2614 communio
1713 2590 1832 2614 tantum

526 2634 677 2669 dependet
706 2642 741 2661 ex
761 2642 840 2669 pape
862 2638 943 2667 voto,
974 2641 1044 2661 cum
1075 2641 1220 2668 magnam
1248 2632 1357 2660 habuit
1384 2632 1432 2659 illa
1459 2633 1638 2660 communio
1664 2632 1831 2660 efficaciam

527 2685 596 2708 ante
616 2680 869 2707 adinvencionem
896 2680 985 2707 istius
1013 2679 1245 2707 distribucionis
1272 2683 1323 2706 aut
1343 2678 1569 2714 imperticionis
1589 2679 1708 2714 papalis
1729 2687 1832 2714 preas-

526 2732 657 2762 sumpte.
799 2736 829 2762 4.
856 2727 884 2754 A
910 2727 940 2754 in
970 2734 1085 2761 marg.:
1117 2726 1232 2761 Opinio
1262 2726 1348 2753 falsa.
1382 2725 1422 2752 B:
1451 2733 1467 2752 a
1492 2730 1576 2752 reatu
1597 2741 1629 2745 —
1649 2726 1832 2753 solvendum

528 2775 621 2801 deest.
764 2773 792 2801 6.
813 2774 853 2800 B:
874 2773 910 2800 ab
931 2772 1025 2801 deest.
1170 2771 1195 2799 8.
1215 2773 1243 2799 A
1264 2772 1295 2799 in
1319 2779 1434 2806 marg.:
1456 2772 1606 2807 Arguitur
1621 2776 1727 2800 contra
1748 2780 1833 2800 com-

528 2827 653 2847 munem
674 2819 853 2854 opinionem
874 2818 1151 2854 indulgenciarum.
1295 2817 1335 2845 16.
1358 2817 1396 2844 B:
1419 2818 1501 2852 quod
1524 2818 1681 2845 deduccio.
