2051 3273
213 243 287 295 176
933 252 1155 284 JOHANle
1183 252 1376 285 wvcmr.
1596 238 1701 295 [CAP.
1722 247 1802 276 V111.

491 366 558 396 tus
599 357 878 410 privilegium
926 363 1093 396 tenetur
1136 358 1330 396 amittere
1375 357 1447 409 qui
1489 370 1570 396 sua
1619 356 1957 406 abutitztr153“Q

484 433 709 478 potestate,
756 435 794 465 et
838 426 975 465 omnis
1021 426 1269 466 criminosus
1314 434 1360 465 ut
1405 426 1460 465 sic
1506 440 1580 465 sua
1623 426 1808 466 abutitur

491 505 709 549 potestate,
743 510 839 535 cum
861 495 1029 535 racione
1052 496 1240 535 mortalis
1263 495 1420 549 peccati
1452 495 1671 535 inficientis
1704 496 1805 535 abu-

491 566 590 606 titur
634 566 754 605 bonis
799 574 963 605 nature:
1010 566 1196 619 sequitur
1243 566 1358 619 quod
1403 566 1541 605 omnis
1586 565 1806 605 criminose

492 635 646 675 intrans
679 644 795 688 septa
829 635 996 675 ecclesie
1018 644 1181 675 tenetur
1214 644 1260 675 ut
1292 635 1348 674 sic
1381 635 1604 688 privilegiis
1638 635 1839 675 ecclesie5

493 719 568 757 pro
603 705 673 744 illo
706 714 897 758 tempore
930 719 1015 744 non
1038 706 1229 758 gaudere.
1255 706 1308 744 Et
1339 705 1419 744 hoc
1452 714 1512 744 est
1544 713 1694 744 notum
1728 705 1806 744 illis

492 774 562 827 qui
608 774 746 814 sciunt
789 776 903 828 quod
948 775 1149 828 quicquid
1189 774 1437 813 criminosus
1472 774 1610 814 fecerit
1641 774 1808 813 racione

493 844 650 897 peccati
674 843 892 883 inficientis
916 853 1059 897 peccat
1090 843 1332 885 mortaliter.
1367 844 1532 883 Fundet
1555 858 1652 896 ergo
1676 843 1807 882 homo

492 913 866 954 racionabilitatem
912 913 1112 967 privilegii
1148 927 1194 952 ex
1228 913 1430 966 scriptura
1462 922 1501 952 et
1533 913 1647 953 aliter
1681 913 1807 952 nichil

491 984 612 1025 valet.
648 984 718 1023 llla
750 993 891 1024 autem
918 983 1131 1037 privilegia
1164 998 1244 1037 que
1278 984 1479 1023 debemus
1511 983 1643 1037 magis
1675 992 1806 1023 atten-
1827 1003 1865 1023 10

492 1054 587 1093 dere
631 1054 726 1106 plus
769 1054 955 1093 relucent
1001 1054 1040 1092 in
1086 1054 1256 1106 speculo
1309 1054 1526 1107 scripture,
1577 1062 1616 1093 et
1667 1053 1807 1093 minus

492 1123 720 1163 necessaria
752 1125 848 1176 plus
882 1123 1066 1175 confuse,
1100 1123 1197 1176 quia
1230 1124 1342 1162 Deus
1375 1123 1445 1177 qui
1481 1137 1566 1163 non
1599 1123 1739 1176 potuit
1766 1123 1807 1161 in

494 1194 717 1246 privilegiis
757 1204 795 1234 et
834 1194 993 1246 scriptis
1027 1194 1116 1246 ipsa
1149 1193 1396 1232 testantibus
1442 1207 1596 1245 sponse
1631 1207 1705 1232 sue
1738 1193 1807 1231 de-

493 1263 626 1313 ficere,
671 1264 789 1303 scivit
833 1264 949 1316 quod
995 1263 1111 1315 palea
1155 1263 1249 1315 plus
1294 1262 1513 1302 diverteret
1556 1263 1607 1301 ad
1649 1271 1809 1301 terrena

493 1348 621 1386 quam
661 1333 838 1384 celestia,
878 1333 972 1372 ideo
1006 1342 1051 1372 ut
1088 1334 1240 1386 gradus
1274 1332 1577 1372 notificacionis
1609 1332 1809 1385 scripture
1830 1340 1864 1372 15

494 1404 544 1441 sit
577 1403 697 1442 nobis
730 1417 806 1455 pro
837 1403 990 1455 regula,
1025 1403 1222 1456 expressit
1254 1403 1466 1455 privilegia
1499 1402 1727 1455 spiritualia
1760 1402 1809 1440 de

494 1473 779 1526 corporalibus
812 1487 893 1526 que
925 1474 1230 1512 adducerentur
1262 1472 1481 1512 confusam
1509 1473 1692 1511 adiciens
1725 1472 1806 1510 dis-

494 1544 704 1594 ciplinam.

224 1615 415 1644 Divestment
436 1616 469 1643 os
552 1614 611 1651 Ex
642 1613 731 1651 istis
764 1613 890 1652 tercio
924 1613 1134 1665 colligitur
1162 1614 1277 1666 quod
1301 1627 1518 1652 summum
1545 1611 1859 1666 privilegiumR

240 1653 276 1678 all
297 1653 446 1690 tempora}

228 1695 460 1749 thfffisszsgotrl‘m
494 1696 568 1734 pro
614 1692 722 1722 statu
767 1683 830 1721 vie
876 1683 979 1722 foret
1024 1683 1238 1722 ecclesian]
1284 1697 1371 1722 esse
1404 1692 1669 1722 exoneratam
1709 1694 1806 1734 pos—
1825 1700 1865 1721 ρο

205 1756 476 1819 lgggatffesthflilpc-ll
494 1752 676 1791 sessione
730 1753 834 1791 civili
895 1753 1208 1805 temporalium,
1263 1753 1465 1791 currendo
1526 1752 1651 1791 libere
1713 1759 1810 1804 post

234 1812 332 1854 ”could
357 1827 441 1854 have<
494 1822 712 1862 Christum
758 1823 798 1861 in
843 1822 1077 1874 evangelica
1122 1831 1379 1875 paupertate.
1412 1823 1529 1861 Patet
1562 1835 1609 1859 ex
1648 1821 1809 1859 duabus

495 1893 838 1932 conclusionibus
887 1893 1221 1945 precedentibus,
1267 1906 1365 1931 nan]
1398 1901 1443 1931 ut
1476 1892 1548 1944 sicv
1573 1890 1810 1943 disponitur

494 1961 625 2001 fidelis
675 1961 842 2002 Christo
886 1962 1062 2001 similius
1096 1971 1135 2001 et
1166 1963 1354 2015 paracius
1387 1964 1438 2001 ad
1474 1961 1809 2014 conquirendum

496 2046 671 2086 regnum
716 2033 916 2072 celorum.
962 2033 1084 2072 Unde
1130 2042 1169 2072 et
1214 2033 1293 2071 hoc
1338 2031 1600 2084 privilegium
1640 2039 1811 2070 notatur
1827 2038 1864 2069 25

496 2101 537 2140 in
594 2103 764 2142 ecclesia
804 2102 1050 2155 expressins,
1102 2103 1229 2141 alcius
1275 2111 1312 2141 et
1358 2101 1536 2141 crebrius
1584 2100 1809 2139 carioribus

497 2171 650 2211 Christi
683 2172 896 2225 discipulis
931 2170 996 2225 (nt
1029 2181 1141 2224 patet
1164 2171 1338 2211 Matthei
1372 2173 1442 2221 ΧΓ),
1479 2172 1588 2209 Luce
1622 2170 1738 2210 X1V0
1772 2178 1809 2208 et

497 2241 543 2291 Ia,
578 2241 806 2294 Thymotei
832 2243 948 2289 Vim
979 2242 1030 2279 ad
1055 2241 1132 2280 boc
1157 2240 1268 2280 enim
1292 2241 1505 2294 copiosius
1529 2240 1811 2293 sequebantur

498 2311 607 2350 bona
639 2311 786 2364 gracie.
834 2311 1119 2350 Confirmatur
1150 2311 1288 2364 primo
1323 2311 1397 2350 sic:
1438 2310 1629 2350 Christus
1670 2309 1849 2362 posuita

497 2381 671 2420 vicarios
705 2395 804 2420 suos
827 2381 865 2418 in
904 2380 1085 2419 maxima
1114 2381 1301 2420 libertate
1335 2390 1373 2420 et
1405 2380 1622 2433 privilegio
1655 2379 1696 2417 in
1729 2380 1809 2417 hoc
1827 2389 1867 2421 30

499 2451 613 2503 quod
647 2452 830 2503 regulam
857 2451 969 2489 illam
1003 2450 1182 2489 iniunxit
1204 2450 1465 2503 singulariter
1487 2449 1570 2489 suis
1594 2448 1809 2501 apostolis,

499 2533 596 2572 ergo
629 2521 857 2560 conclusio.
906 2522 1002 2559 Non
1036 2520 1146 2559 enim
1179 2521 1272 2559 licet
1306 2534 1453 2573 negare
1485 2519 1587 2571 quin
1621 2518 1811 2557 Christus

498 2590 773 2643 privilegiavit
805 2605 929 2630 suum
963 2590 1200 2643 collegium,
1231 2604 1328 2629 cum
1351 2589 1464 2628 dedit
1497 2589 1553 2627 eis
1584 2588 1694 2641 leges
1727 2587 1810 2626 sin-

551 2750 579 2774 4.
593 2742 633 2775 Αι
649 2740 799 2774 corrigere
814 2740 891 2767 vult:
909 2738 1108 2766 criminosus.
1206 2747 1233 2771 4.
1257 2738 1283 2764 A
1298 2737 1327 2764 in
1342 2745 1442 2771 marg:
1464 2735 1648 2770 Responsio.
1740 2736 1766 2763 8.
1783 2737 1811 2762 A

499 2787 527 2814 in
550 2795 661 2820 marga
693 2785 784 2813 Nota.
929 2785 964 2812 15.
994 2786 1021 2811 A
1050 2785 1106 2817 A,:
1136 2783 1204 2811 Non
1227 2788 1267 2810 ut.
1412 2791 1449 2817 17.
1471 2783 1499 2809 A
1518 2783 1574 2816 A1:
1605 2782 1809 2809 adicerentur.

501 2841 541 2865 lo.
564 2835 589 2859 A
610 2834 638 2860 in
661 2841 747 2866 marg
768 2842 774 2858 τ
797 2831 908 2859 Tereia
928 2831 1097 2858 conclusio.
1224 2837 1266 2856 22.
1289 2831 1315 2857 A
1338 2830 1365 2857 in
1389 2837 1503 2864 marg:
1524 2828 1707 2863 Responsio,
1731 2828 1808 2855 Pan-

499 2885 599 2915 pertas
621 2881 703 2906 cleri.
