2051 3273
237 221 326 250 CAP.
352 209 421 268 XL]
750 221 808 253 DE
834 219 1068 253 accresm.
1748 225 1829 264 229

84 342 117 374 A
146 340 219 373 ιῶσἒ
234 327 448 368 versandi.
490 327 649 374 Quinto
681 326 717 365 si
740 325 935 364 omnibus
968 324 1058 363 istis
1080 325 1282 375 inspectis
1313 326 1545 376 questionis

234 398 420 450 qualitas
459 408 540 434 non
582 395 785 445 lucescat,
812 406 896 446 per
928 393 1147 433 decretum
1181 394 1401 433 seniorum
1438 406 1543 446 pro-

236 468 369 507 vincie
390 466 447 505 ad
468 466 545 504 lzoc
563 471 930 518 congregatorum
956 463 1168 502 mediante
1188 463 1272 503 Dei
1293 464 1544 503 assistencia

234 536 309 589 qui
339 548 420 575 non
446 541 588 587 potest
617 535 709 574 suis
741 533 940 586 deficere,
973 533 1209 573 decidatur.

133 617 166 649 Β
193 617 218 649 3
291 604 441 644 Tercio
473 612 690 656 suppono:
725 602 837 642 Cum
869 602 1031 641 dictum
1052 601 1317 655 privilegium
1338 615 1423 641 non
1449 601 1542 641 fun-
1569 611 1627 650 We
1648 617 1731 639 must
1751 620 1821 639 con-

233 676 354 714 datur
396 674 439 712 in
482 672 570 712 iure
603 672 806 712 canonico
850 672 916 710 vel
956 671 1079 722 civili,
1124 672 1196 710 sed
1235 671 1470 724 specialiter
1501 671 1541 710 in
1575 646 1819 716 Spssesresssfff'iiii‘

230 743 391 797 legibus
434 742 552 794 regni
595 741 725 781 nostri
765 750 804 780 et
843 741 961 780 cartis
999 740 1110 780 illius
1151 741 1319 780 ecclesie
1352 741 1542 793 superius
1627 715 1768 750 Char‘er'

230 812 422 862 recitatis,
456 811 573 864 quod
595 819 764 850 notetur
796 810 932 849 forma
964 818 1003 849 et
1033 809 1126 848 finis
1158 810 1295 863 gracia
1328 810 1445 850 cuius
1467 810 1542 850 hec

230 881 444 935 privilegia
476 891 573 920 sunt
595 894 789 920 concessa
819 877 932 935 (finis
966 879 1079 918 enim
1108 893 1155 918 ex
1187 880 1371 919 secundo
1394 879 1541 932 Phisy-

177 974 215 995 10
232 964 378 990 corum
400 958 615 989 mensurat
635 949 778 989 omnia
794 949 931 988 media
953 949 1004 987 ad
1028 948 1243 1002 eundem),
1260 949 1301 987 in
1317 949 1543 1002 privilegiis
1600 958 1700 985 which
1723 966 1788 985 are:

230 1029 373 1060 autem
403 1019 511 1072 regis
543 1018 725 1072 Edgari
771 1018 919 1070 triplex
957 1017 1050 1057 finis
1090 1018 1350 1071 exprimitur,
1389 1018 1543 1058 scilicet
1557 994 1828 1056 nigrre‘iigsecgftgt.

232 1089 466 1129 reverencia
505 1089 580 1128 Dei
619 1088 661 1127 in
693 1088 878 1141 reliquiis
911 1087 974 1127 sui
1007 1088 1202 1140 apostoli,
1243 1088 1360 1141 quies
1394 1102 1542 1127 mona·
1645 1062 1743 1097 Peter,

139 1170 216 1205 160⁶
231 1159 407 1199 chorum
429 1158 484 1197 ibi
508 1157 756 1211 degencium
780 1166 821 1197 et
843 1157 981 1196 honor
1003 1157 1230 1197 sanctitatis
1253 1156 1398 1196 illiusss
1413 1171 1540 1211 pecu-

229 1228 338 1268 liaris
381 1227 548 1267 basilice
592 1227 633 1266 in
674 1241 757 1280 qua
803 1228 955 1280 degant
998 1226 1194 1279 speciales
1240 1236 1425 1266 oratores
1464 1241 1540 1279 pro

176 1313 322 1352 15rege
354 1308 393 1338 et
424 1311 552 1351 regno
586 1298 635 1336 de
659 1310 846 1350 quorum
874 1295 1114 1335 elemosinis
1136 1297 1187 1335 ad
1210 1296 1289 1335 hoc
1312 1297 1542 1349 specialiter
1555 1304 1583 1337 b)
1603 1304 1685 1340 quiet
1710 1303 1757 1352 (ογ
1782 1305 1832 1332 the

228 1376 527 1408 sustentantur.
581 1367 703 1406 Unde
742 1366 785 1405 in
823 1366 936 1405 bulla
968 1365 1129 1405 Nicolai
1162 1365 1215 1404 ΙΙΙ
1253 1365 1309 1404 sic
1348 1366 1540 1406 habetur:
1632 1340 1754 1375 monim,

227 1438 433 1477 Monachz'
464 1436 616 1476 ibidem
641 1437 753 1476 nulli
775 1436 948 1475 omnino
973 1448 1164 1488 persone
1190 1435 1440 1475 subdantur
1461 1436 1543 1475 nisi
1584 1444 1611 1475 c)
1631 1443 1753 1470 honour
1772 1447 1803 1469 to

227 1508 336 1561 regi.
390 1507 451 1546 Ex
490 1520 575 1560 quo
614 1505 778 1545 videtur
825 1506 941 1558 quod
986 1505 1121 1544 incole
1166 1505 1275 1544 illius
1313 1504 1408 1552 loci,
1454 1477 1830 1547 nonuiliicffhtllirecffiilrig

227 1577 366 1616 solum
399 1576 495 1629 quia
526 1575 623 1629 legii
656 1575 850 1615 homines
882 1574 1001 1626 regis,
1035 1588 1110 1613 nec
1143 1575 1283 1613 solum
1316 1574 1413 1627 quia
1446 1588 1538 1627 spe·
1596 1548 1790 1618 ξπέξέἕιῗέἕ

170 1670 209 1691 20
227 1646 347 1686 ciales
380 1646 467 1685 eius
500 1645 778 1685 elemosinarii
812 1645 883 1684 sed
917 1658 965 1683 ex
986 1644 1188 1683 mandato
1217 1658 1323 1696 pape
1357 1644 1438 1694 regi
1463 1658 1539 1683 suo

226 1715 456 1768 specialiter
487 1723 584 1754 sunt
616 1714 809 1766 subiecti3
841 1727 940 1753 nam
969 1713 1203 1753 secundum
1234 1713 1404 1752 beatum
1438 1713 1538 1753 Gre-

225 1785 391 1838 gorium
423 1783 709 1837 multiplicitas
739 1782 1041 1822 beneficiorum
1072 1792 1197 1835 auget
1230 1782 1539 1835 obligacionem

226 1854 457 1894 beneficiati
495 1854 546 1893 ad
579 1866 705 1892 suum
737 1852 955 1893 datarium.
1010 1853 1071 1891 Ex
1104 1866 1190 1906 quo
1222 1852 1400 1903 videtur,
1439 1865 1537 1891 cum
1576 1860 1687 1888 Monks
1707 1860 1741 1888 of
1758 1861 1807 1888 the

1511 1922 1517 1927 ,
1552 1896 1635 1931 royal
1647 1895 1828 1923 foundation

223 1923 421 1964 monachi
454 1923 564 1962 illius
592 1923 673 1962 loci
705 1922 790 1975 regi
825 1931 912 1961 tam
941 1922 1203 1973 singulariter
1225 1931 1323 1961 sunt
1346 1922 1534 1971 subiecti,
1552 1938 1631 2000 032}
1647 1931 1809 2000 apgnlqirtl}

1528 1992 1534 1997 .
1738 1975 1754 1992 X
1820 1974 1826 1999 ἶ

169 2006 206 2038 25
225 2007 299 2033 nec
331 1993 517 2046 hospites
548 1993 613 2032 vel
645 1992 808 2045 fugitivi
840 1991 902 2031 sui
932 1992 1084 2031 debent
1118 2005 1204 2030 esse
1236 1992 1331 2044 plus
1354 2001 1535 2044 exempti
1593 2008 1628 2038 ες)
1649 2005 1731 2047 must
1752 2000 1789 2047 pe

224 2064 290 2102 vel
321 2062 568 2115 privilegiati
600 2076 729 2115 quam
758 2061 953 2101 monachi
988 2075 1010 2099 a
1038 2061 1190 2114 quibus
1214 2070 1380 2100 emanat
1411 2060 1536 2114 privi-
1560 2035 1818 2105 theissg’iii‘ir'elsffor

223 2132 395 2185 legium,
427 2131 590 2171 videtur
622 2132 738 2184 quod
771 2144 918 2170 omnes
951 2130 1131 2184 profugi,
1165 2132 1214 2169 de
1249 2140 1407 2183 quanto
1440 2140 1538 2170 sunt

225 2203 266 2240 in
310 2202 382 2240 illo
413 2202 522 2254 loco,
567 2200 650 2254 regi
690 2200 840 2253 Anglie
873 2201 1053 2254 quadarn
1087 2200 1396 2253 preeminencia
1441 2210 1538 2240 sunt

226 2270 402 2310 subiecti
438 2285 486 2311 ex
518 2271 598 2310 hoc
631 2271 747 2323 quod
785 2271 835 2309 ab
869 2284 918 2310 eo
952 2270 1007 2309 ibi
1047 2269 1253 2322 recipiunt
1286 2269 1537 2309 beneficium

169 2352 211 2385 30
226 2340 453 2393 singulare;
490 2353 566 2379 nec
604 2349 807 2379 consonat
839 2339 934 2379 fidei
975 2339 1186 2392 religionis
1226 2338 1379 2379 Christi
1422 2340 1538 2392 quod

224 2410 472 2462 monachus,
505 2410 536 2448 si
570 2423 642 2462 per
672 2410 871 2462 possibile
894 2409 1092 2449 occiderit
1113 2408 1331 2448 hominem
1354 2408 1396 2447 in
1425 2408 1536 2447 dicto
1567 2415 1673 2478 fCrini?
1697 2421 1809 2476 cauiim

224 2480 332 2530 loco,
378 2479 452 2519 erit
490 2488 586 2532 post
623 2478 790 2518 liberior
835 2490 874 2519 et
906 2480 1000 2532 plus
1044 2478 1276 2531 percipiens
1315 2479 1365 2517 de
1398 2477 1536 2517 fructu
1581 2458 1754 2524 reeduissuiif
1781 2458 1808 2477 'e

223 2548 439 2602 privilegii,
463 2563 593 2602 quam
616 2549 785 2602 quando
819 2548 896 2588 fuit
928 2548 1129 2588 immunis
1163 2548 1305 2601 quoad
1327 2548 1465 2587 Deum
1498 2556 1538 2587 et
1596 2520 1778 2547 obechence.

276 2661 319 2689 16.
340 2661 361 2688 B
383 2661 412 2688 in
434 2669 546 2698 marg:
578 2661 663 2689 Bulla
687 2660 809 2688 Nicolai
830 2661 880 2688 ΙΙΙ.
1030 2660 1070 2689 ι8.
1098 2661 1127 2688 A
1153 2660 1182 2688 in
1205 2668 1319 2695 marg:
1351 2659 1532 2688 Conclusio.

222 2707 302 2736 Nota
322 2709 481 2743 quomodo
503 2713 574 2735 sunt
594 2707 755 2743 privilegia
773 2707 979 2742 intelligenda.
1010 2707 1131 2742 (Above
1159 2707 1228 2735 160d
1247 2707 1375 2734 without
1398 2707 1486 2734 mark
1505 2706 1539 2733 of

223 2753 403 2788 reference.)
544 2753 588 2781 28.
610 2755 654 2781 A:
676 2754 896 2789 preminencia.
1039 2752 1077 2781 31.
1100 2753 1139 2780 B:
1161 2761 1215 2788 per
1236 2753 1331 2781 deest.

282 2836 313 2869 9.
341 2826 446 2858 Arist.
475 2826 614 2868 Physic.
642 2826 747 2857 Ausc.
775 2825 814 2866 ΙΙ,
844 2826 872 2858 3.
