2051 3343
177 236 230 278 72
915 228 1139 260 JOHANle
1165 228 1358 261 WYCLIF.
1607 214 1710 272 [CAP.
1725 225 1778 252 ιν.

235 347 302 375 The
322 352 388 375 true
463 335 604 375 Primo
638 334 768 373 modo
800 333 1016 386 loquendo
1051 333 1101 371 de
1134 331 1303 371 ecclesia
1329 332 1470 371 solum
1492 333 1633 372 subest
1665 332 1775 371 ordi·
1797 340 1876 375 138b
1899 342 1929 376 c

193 382 436 453 griiiylfiiieociireovis-
464 404 630 443 nacioni
663 403 738 443 Dei
783 412 922 442 eterne
966 402 1030 441 vel
1076 400 1228 441 Christi
1262 400 1476 440 instituere
1509 401 1595 441 eius
1628 410 1776 454 partes,

188 460 283 479 nance
303 452 338 479 Of
355 452 435 479 GOd'
463 474 579 513 Sicut
611 473 724 512 enim
756 487 826 512 rex
858 481 1044 511 terrenus
1077 471 1242 510 ordinat
1279 471 1566 523 temporaliter
1602 484 1781 524 regnum

463 556 601 594 suurn,
635 542 690 581 sic
713 556 782 581 rex
806 541 965 581 celestis
988 541 1153 580 ordinat
1176 540 1408 580 eternaliter
1429 553 1609 592 regnum
1641 553 1779 592 suum,

463 627 561 653 cum
605 613 732 665 regni
775 611 894 651 illius
940 623 1024 649 non
1069 610 1150 650 erit
1182 610 1293 663 finis
1339 612 1402 659 (ut
1445 618 1559 662 patet
1597 609 1812 652 Danielis5

460 682 570 732 V110,
603 693 651 731 14
684 690 722 720 et
754 681 867 719 Luce
897 680 933 719 10
960 678 1044 734 33).
1078 679 1162 719 Alii
1194 688 1336 719 autem
1368 679 1512 719 iuvant
1541 679 1606 718 vel
1638 693 1775 732 perse-

462 760 651 804 quuntur
694 763 873 802 regnum
915 749 1018 789 illud
1063 749 1180 802 quod
1226 757 1286 789 est
1333 748 1505 788 ecclesia
1545 749 1780 789 secundum

462 821 577 873 quod
609 820 722 858 Deus
767 818 1001 858 eternaliter
1045 818 1267 857 ordinavit.
1314 818 1366 857 Et
1410 818 1466 857 sic
1513 818 1778 872 loquendum

461 900 521 930 est
552 891 602 929 de
637 889 809 929 ecclesia
840 902 936 928 vera
968 897 1007 929 et
1040 889 1089 928 de
1123 887 1295 927 ecclesia
1326 896 1519 940 pretensa
1540 888 1604 927 vel
1627 888 1775 941 mixta3

461 960 532 999 sed
564 960 620 998 de
651 958 810 1011 prima
842 967 916 998 est
948 957 1096 998 nobis
1129 971 1304 997 sermo.
1799 978 1837 1000 10

173 1036 240 1065 The
263 1039 445 1066 foreknown
523 1028 780 1068 Conceditur
812 1037 952 1067 tamen
986 1028 1103 1081 quod
1136 1026 1408 1066 ordinacione
1436 1026 1624 1066 humana
1646 1027 1779 1067 clerici

173 1073 446 1142 asprue'filistixiatiioe
463 1098 776 1138 constituuntur
807 1097 849 1135 in
884 1096 1030 1137 officiis
1076 1095 1361 1136 ecclesiasticis
1393 1104 1480 1135 tam
1512 1096 1782 1149 predestinati

172 1150 242 1178 may
258 1143 328 1171 hold
349 1144 446 1171 eccle·
761 1166 767 1172 .
795 1167 801 1172 .
1062 1166 1069 1173 .
1295 1165 1301 1171 .
1436 1165 1443 1172 .
1617 1166 1623 1172 .

183 1177 440 1206 siasticaloffice.
467 1182 597 1222 quam
639 1176 817 1220 presciti,
865 1167 937 1206 sed
982 1167 1221 1206 ordlnantes
1269 1179 1325 1204 eis
1375 1166 1472 1204 talia
1515 1165 1652 1205 offic1a
1694 1180 1780 1206 non

466 1238 620 1277 habent
652 1244 905 1290 potestaten]
937 1235 1157 1276 ordinandi
1196 1236 1314 1289 quod
1357 1235 1440 1275 sint
1482 1235 1671 1275 membra
1715 1236 1781 1275 vel

462 1315 597 1360 partes
635 1320 731 1346 vere
769 1306 950 1347 ecclesie.
992 1305 1177 1346 Ulterius
1211 1305 1454 1345 conceditur
1485 1305 1601 1358 quod
1633 1305 1777 1357 prede·
1799 1315 1835 1348 15

461 1376 637 1416 stinatus
670 1384 1049 1429 quantumcunque
1082 1375 1205 1414 fuerit
1236 1375 1279 1414 in
1310 1374 1476 1415 mortali
1510 1388 1596 1414 non
1629 1374 1780 1414 desinit

460 1460 545 1486 esse
578 1446 819 1485 membrum
850 1458 944 1484 vere
985 1444 1167 1496 ecclesie,
1206 1445 1301 1484 licet
1336 1443 1779 1484 excommunicacione

458 1525 650 1569 pretensa
691 1524 875 1569 ponatur
918 1515 1215 1554 nominetenus
1260 1523 1372 1554 extra
1418 1513 1700 1567 temporalem
1732 1527 1778 1553 ac

459 1585 719 1638 corporalem
752 1585 1188 1625 communicacionem
1213 1592 1402 1638 pretense
1423 1583 1603 1624 ecclesie.
1656 1584 1779 1623 Unde

457 1655 659 1695 Ricardus
704 1656 754 1694 de
798 1655 952 1695 Sancto
996 1654 1165 1695 Victore
1214 1655 1256 1693 in
1289 1654 1477 1708 quodam
1508 1662 1684 1693 tractatu
1716 1654 1778 1693 De
1794 1672 1836 1693 20

457 1725 666 1765 Potestate
693 1724 889 1766 Clavium
917 1724 987 1778 qui
1020 1725 1076 1764 sic
1108 1724 1274 1777 incipit:
1319 1723 1643 1776 “Quodcunque
1667 1724 1777 1777 liga-

458 1791 595 1834 veris⁷'
640 1794 900 1845 Membrum‚
939 1793 1088 1847 inquit,
1127 1794 1287 1834 Christi
1333 1800 1473 1846 potest
1523 1793 1609 1833 dici
1651 1793 1777 1832 homo

457 1863 693 1903 secundum
732 1864 948 1917 geminam
986 1863 1394 1914 consideracionem,
1436 1870 1510 1902 aut
1541 1861 1775 1902 secundum

450 1932 869 1985 predestinacionem
905 1939 980 1971 aut
1012 1932 1246 1972 secundum
1280 1932 1584 1972 habitudinem.
1618 1932 1774 1972 Secun-

458 2002 557 2041 dum
585 2003 1010 2055 predestinacionem
1038 2009 1181 2055 potest
1211 2004 1304 2056 quis
1336 2002 1574 2042 membrum
1623 2001 1832 2042 Christi25

457 2085 549 2112 esse
591 2079 630 2112 et
673 2073 853 2112 necdum
911 2074 1135 2112 caritatem
1185 2073 1355 2112 habere.
1406 2070 1544 2112 Juxta
1592 2084 1776 2124 namque

457 2142 620 2182 domini
662 2143 972 2182 testimonium:
1005 2142 1278 2196 Refrigescet
1316 2144 1479 2182 caritas
1526 2142 1773 2181 multorum.

458 2212 700 2252 Secundum
735 2225 842 2266 ergo
866 2213 977 2252 hanc
1009 2214 1305 2264 accepcionem
1331 2214 1539 2266 contingit
1561 2211 1773 2251 hominem

457 2294 545 2321 esse
578 2282 816 2321 membrum
857 2283 1016 2322 Christi
1038 2288 1078 2321 et
1101 2282 1242 2321 adhuc
1267 2283 1440 2322 vinculo
1464 2282 1598 2322 debite
1622 2283 1771 2336 damp—

457 2352 652 2391 nacionis
677 2353 836 2401 teneri;
861 2351 1094 2392 secundum
1125 2352 1416 2392 habitudinem
1460 2359 1601 2392 autem
1641 2366 1770 2393 mem-
1786 2357 1829 2390 30

457 2420 578 2459 brum
617 2420 775 2461 Christi
808 2421 980 2469 dicitur,
1018 2422 1190 2475 quando
1224 2423 1266 2462 in
1299 2435 1343 2462 se
1377 2422 1500 2462 habet
1530 2422 1627 2474 hoc,
1660 2422 1770 2462 unde

456 2491 534 2529 hoc
565 2491 702 2542 ipsum
736 2490 936 2545 efficitur.
974 2491 1058 2531 Sed
1090 2492 1300 2544 numquid
1339 2491 1574 2531 membrum
1613 2491 1770 2532 Christi

514 2632 539 2652 2.
560 2625 720 2653 Instituere
741 2633 821 2655 corr.
842 2627 900 2661 Al:
921 2626 1000 2653 AB:
1022 2626 1092 2654 iusti
1113 2634 1195 2654 cure.
1263 2627 1297 2655 15.
1319 2627 1380 2655 AB
1401 2627 1430 2655 in
1452 2635 1566 2662 marg.:
1589 2626 1769 2655 Conclusio.

456 2679 501 2698 20.
518 2671 579 2698 AB
600 2672 628 2699 in
652 2680 763 2707 marg:
781 2672 941 2700 Ricardus.

517 2798 568 2820 22.
594 2789 756 2821 Richardi
783 2790 981 2822 §.Victoris
1006 2801 1086 2833 opp.
1117 2788 1173 2835 (ed
1201 2791 1330 2833 Migne)
1363 2801 1442 2834 pars
1469 2801 1537 2822 sec.
1563 2800 1640 2834 pag.
1673 2801 1768 2834 1172,

458 2847 616 2888 cap.XlX
630 2848 785 2879 tract.De
803 2855 971 2890 potestate
988 2849 1115 2891 ligandi
1133 2855 1166 2880 et
1182 2848 1352 2881 solvendi.
1393 2849 1704 2892 27.Mat1h.XXlV‚
1719 2859 1767 2881 12.
