2051 3273
242 196 322 234 500
969 206 1190 238 JOHANNIS
1216 206 1411 238 WYCLIF.
1630 193 1737 251 [CAP.
1758 203 1838 231 xx1.

529 309 800 348 describendo
845 309 1055 349 clericum.
1109 309 1358 349 Ostenditur
1396 319 1537 349 autem
1576 310 1677 349 illud
1718 318 1989 363 men-197¹'H

530 379 697 418 dacium
732 393 779 417 ex
810 379 978 418 veritate
1012 379 1213 431 scripture
1246 379 1481 418 doctorum.

284 455 340 482 ssut
363 456 465 482 ssona-
589 448 739 496 Querit
775 458 914 488 autem
956 449 1092 501 primo
1131 458 1274 488 utrum
1311 448 1353 487 in
1394 448 1590 488 omnibus
1623 449 1838 488 ordinibus

250 495 509 552 iivndufrdiwiiesiegi*
528 527 706 556 caracter
729 518 983 570 imprimitur
1007 528 1058 569 et,
1081 518 1301 571 probando
1325 518 1439 571 quod
1464 517 1533 569 sic,
1562 531 1634 571 per
1655 519 1837 571 quadru-

263 560 493 629 h1izotgffgg387as
527 587 621 639 plex
644 596 944 639 argumentum
966 587 1110 627 recitat
1134 589 1236 627 duas
1260 587 1481 640 opiniones
1505 601 1609 641 quas
1624 588 1838 640 reprobam
1856 597 1872 629 5

527 670 705 709 quarum
751 656 886 709 prima
931 656 1028 696 dicit
1075 658 1191 710 quod
1234 664 1429 696 caracter
1471 658 1513 696 in
1556 659 1646 696 solo
1691 657 1870 698 ordinel

524 726 781 765 sacerdotali
802 727 1075 779 imprimitur,
1091 727 1132 765 in
1156 727 1374 766 ordini-bus
1397 733 1539 765 autem
1563 726 1837 780 inferioribus

523 796 663 834 solum
681 796 741 849 fit
772 796 993 848 disposicio
1032 796 1088 835 ad
1117 796 1425 836 sacerdotalem
1459 802 1734 844 caracterem,
1768 797 1838 834 sed

522 864 604 903 hoc
643 864 741 903 dicit
780 879 866 904 esse
909 865 1074 905 falsum.
1129 866 1240 906 Cum
1285 867 1326 905 in
1359 865 1576 905 ordinibus
1608 866 1744 906 sacris
1776 866 1837 905 in-

510 934 853 987 ferioribus-fiat
873 936 1125 989 segregacio
1140 942 1351 988 perpetua
1375 936 1629 974 clericorum
1644 949 1668 974 a
1687 936 1836 988 laycis,
1857 953 1896 975 10

524 1003 619 1043 ideo
660 1004 931 1044 manifestum
965 1014 1025 1044 est
1057 1006 1173 1058 quod
1203 1005 1405 1044 limitacio
1440 1005 1481 1043 in
1520 1004 1598 1043 illis
1622 1005 1837 1045 ordinibus

528 1082 588 1113 est
609 1074 674 1113 vel
696 1074 869 1127 requirit
891 1075 1121 1114 clericalem
1146 1084 1406 1114 caracterem.
1437 1075 1629 1114 Secunda
1652 1074 1797 1127 opinio
1812 1074 1837 1102 ³¹⁴
1858 1086 1934 1126 197⁸
1964 1084 1989 1116 2

525 1157 653 1196 quan]
686 1144 880 1196 reprobat
913 1153 972 1183 est
995 1145 1110 1197 quod
1133 1151 1327 1183 caracter
1349 1145 1609 1196 imprimitur
1640 1145 1680 1183 in
1704 1145 1837 1183 omni-

524 1213 601 1252 bus
633 1213 852 1252 ordinibus
883 1214 1034 1262 sacris,
1077 1213 1153 1253 sed
1196 1227 1277 1252 non
1323 1214 1364 1253 in
1404 1214 1694 1267 inferioribus,
1737 1214 1838 1266 quia

524 1283 592 1321 isti
636 1289 674 1322 et
718 1296 799 1321 non
839 1283 914 1322 alii
944 1290 1128 1335 possunt
1160 1283 1277 1323 laicis
1310 1283 1595 1333 commisceri;
1636 1282 1711 1323 sed
1742 1291 1894 1324 cumxS

525 1352 670 1391 nullus
703 1352 807 1392 ordo
839 1353 894 1393 sit
925 1353 1127 1392 iterabilis
1161 1360 1199 1392 et
1226 1353 1396 1405 quilibet
1426 1353 1577 1392 habeat
1606 1352 1768 1405 aliquid
1789 1353 1838 1392 de

524 1422 695 1461 racione
728 1423 1001 1471 sacramenti,
1040 1422 1205 1462 videtur
1236 1423 1349 1475 quod
1386 1424 1428 1461 in
1460 1422 1644 1475 quolibet
1673 1423 1728 1462 sit
1758 1423 1836 1462 ali-

525 1491 628 1544 quid
657 1492 770 1544 quod
800 1492 953 1531 habeat
974 1493 1186 1531 racionem
1221 1492 1284 1531 rei
1314 1499 1353 1531 et
1382 1492 1732 1545 signipeipetui;
1762 1492 1839 1531 hoc

243 1567 496 1639 caoriiirgssrffiiigw‘i
523 1568 664 1600 autem
688 1569 947 1602 caracterem
972 1563 1162 1602 dicimus.
1197 1562 1299 1601 Ideo
1322 1568 1384 1601 est
1406 1562 1535 1601 tercia
1569 1562 1707 1614 opinio
1732 1575 1836 1614 pro-
1853 1570 1877 1602 3

523 1632 702 1671 habilior
716 1632 829 1685 quod
843 1633 883 1671 in
905 1633 1099 1672 omnihus
1123 1632 1341 1672 ordinibus
1364 1638 1558 1671 caracter
1578 1632 1895 1684 imprimiturzo

523 1703 635 1741 sicut
657 1703 854 1742 raciones
876 1703 1104 1742 ostendunt
1126 1715 1343 1754 expresse.
1374 1702 1479 1741 Cum
1505 1702 1616 1740 enim
1640 1707 1838 1741 caracter

522 1773 576 1810 sit
598 1772 876 1825 signaculum
901 1785 1174 1824 expressum,
1198 1772 1484 1811 distinctivum
1513 1777 1550 1810 et
1572 1777 1835 1823 perpetuum

523 1847 563 1881 et
581 1841 751 1881 Christo
777 1841 1156 1895 configurativum,
1174 1848 1211 1881 et
1225 1842 1302 1880 hoc
1317 1842 1433 1881 estin
1451 1841 1650 1880 omnibus
1672 1841 1836 1880 ordini-

524 1911 617 1960 bus,
664 1924 746 1950 non
792 1910 1073 1950 dubitandum
1120 1917 1182 1951 est
1226 1912 1268 1951 in
1320 1910 1515 1950 omnibus
1567 1917 1834 1950 caracterem

523 1981 725 2032 imprimi.
1852 1987 1891 2019 25

250 2064 494 2105 Bpriaventura's
581 2050 633 2089 Et
649 2058 953 2102 consequenter
967 2050 1193 2102 respondet
1208 2050 1258 2088 ad
1274 2049 1487 2089 obiectum
1502 2049 1831 2102 quadruplicem.

233 2102 506 2171 Obp3i⁰<¹321⁰0512iii>⁰ssssf¹
524 2120 587 2158 Ad
611 2119 797 2171 primum
821 2132 906 2172 quo
931 2119 986 2158 sic
1009 2119 1213 2172 arguitur:
1242 2119 1446 2159 Caracter
1469 2126 1531 2159 est
1551 2121 1829 2172 signaculum
1844 2126 1861 2157 1

521 2189 767 2241 spirituale,
806 2202 912 2242 ergo
951 2190 990 2227 in
1032 2189 1116 2228 illis
1155 2190 1258 2228 solis
1296 2190 1559 2241 imprimitur
1598 2191 1638 2227 in
1677 2189 1832 2241 quibus

521 2259 650 2297 datur
677 2258 826 2311 aliqua
844 2265 1035 2310 potestas
1060 2271 1170 2297 nova
1194 2265 1232 2297 et
1254 2258 1515 2310 spiritualis,
1549 2259 1625 2298 sed
1639 2265 1832 2312 potestas

522 2329 710 2367 omnium
745 2328 945 2367 ordinum
980 2327 1164 2381 inferior
1197 2335 1259 2367 est
1297 2329 1552 2381 corporalis,
1586 2335 1630 2368 ut
1660 2330 1830 2381 aperire
1849 2335 1890 2367 30

523 2399 677 2437 ostium
713 2398 778 2437 vel
812 2398 1043 2446 custodire,
1075 2398 1331 2450 prophetias
1362 2398 1521 2449 dicere,
1567 2397 1831 2437 candelabra

573 2522 597 2549 5.
619 2523 647 2549 A
674 2523 702 2549 in
731 2530 847 2557 marg:
885 2522 1004 2557 Duplex
1034 2523 1153 2558 opinio.
1296 2522 1324 2550 6.
1354 2523 1383 2551 A
1408 2523 1438 2549 in
1460 2531 1574 2556 marga
1605 2523 1647 2549 De
1677 2527 1831 2550 caractere

521 2569 641 2596 ordinis
670 2569 785 2603 (Below
806 2569 876 2605 197b
896 2568 1025 2596 without
1054 2570 1141 2596 marl<
1169 2569 1203 2595 of
1230 2568 1407 2603 reference).
1551 2577 1579 2605 9.
1601 2570 1629 2595 A
1654 2569 1683 2596 in
1715 2577 1830 2604 marg:

520 2615 743 2642 Bonaventura.
854 2622 894 2641 22.
913 2614 1030 2642 Codd.:
1047 2615 1222 2642 distinctum
1247 2636 1294 2642 ...
1316 2616 1548 2649 configuratum.
1656 2615 1702 2642 26.
1715 2616 1743 2642 A
1758 2615 1779 2642 Β
1800 2615 1829 2642 in

521 2669 634 2695 marg:
658 2660 859 2696 Quadruplex
879 2666 1107 2696 argumentum.

578 2755 609 2787 6.
637 2756 742 2798 Seqq.
769 2767 787 2787 e
816 2758 1080 2787 Bonaventurae
1108 2757 1192 2787 libro
1222 2757 1278 2788 IV.
1305 2757 1398 2788 Sent.
1426 2756 1632 2798 deprompta
1659 2764 1748 2789 sunt.
1777 2757 1827 2788 Cf.

521 2816 540 2845 l.
568 2825 595 2845 c.
623 2814 699 2845 1351.
