2051 3343
220 251 309 281 CAP.
332 238 403 297 vr]
733 252 793 283 DE
820 252 1053 284 ECCLESJA.
1740 243 1813 281 123

69 370 105 404 G
130 370 204 412 1450
276 359 356 398 Sed
370 358 546 398 instatur
560 358 689 411 quod,
706 357 813 397 sicut
829 370 976 396 omnes
991 364 1128 408 partes
1144 356 1528 409 predestinatorum

218 437 315 469 sunt
345 437 481 481 partes
513 427 695 476 ecclesie,
729 427 786 467 ita
818 427 962 467 omnia
995 426 1128 479 capita
1144 425 1529 479 predestinatorum

217 507 314 539 sunt
336 497 505 538 ecclesie
527 497 674 550 capita,
700 506 739 538 et
761 498 818 537 sic
842 505 966 550 caput
988 504 1261 550 aggregatum
1283 494 1388 535 foret
1405 504 1528 548 caput

217 567 398 608 ecclesie.
431 567 510 607 Hic
533 567 682 607 dicitur
713 564 778 622 (ut
800 579 924 619 supra
946 564 1079 621 tetigi)
1113 566 1229 619 quod
1251 565 1353 604 illud
1375 565 1526 618 proba-

184 650 201 683 5
217 638 350 678 biliter
374 637 547 676 concedi
568 646 710 689 potest
731 637 781 676 de
805 637 937 689 capite
960 635 1138 676 naturali
1172 643 1224 687 et,
1256 634 1528 688 intelligendo

217 707 432 747 ecclesiam
463 706 732 759 personaliter
747 715 793 746 ut
824 720 897 759 per
927 705 1118 746 accidens
1140 707 1206 746 vel
1226 704 1529 757 contingenter,

216 787 276 817 est
307 776 488 827 ecclesia,
512 790 610 816 cum
640 785 776 829 partes
808 775 1083 829 quantitative
1115 773 1384 828 predestinati
1417 774 1528 813 ordi-

214 856 367 887 nantur
396 847 448 885 ad
479 846 791 886 beatitudinem.
825 845 905 885 Sed
927 845 1055 885 locuti
1080 859 1224 885 sumus
1248 843 1530 884 communiter

216 915 415 970 equivoce
447 916 497 955 de
529 915 675 968 capite,
710 924 757 955 ut
789 924 850 955 est
887 928 1066 968 persona
1098 927 1242 967 regens
1282 913 1530 966 capitaliter;

164 1010 202 1031 10
217 986 332 1040 quod
365 995 425 1026 est
465 985 633 1026 Christo
674 985 893 1039 proprium
937 984 1077 1038 quoad
1121 993 1253 1024 totam
1301 983 1529 1023 ecclesiam.

276 1056 438 1104 Quarto
456 1055 641 1107 arguitur
655 1068 729 1108 per
743 1056 822 1095 hoc
843 1055 958 1109 quod
976 1054 1090 1095 iuxta
1108 1054 1216 1094 dicta
1239 1053 1408 1093 ecclesia
1426 1053 1533 1093 foret

216 1139 289 1178 per
317 1133 457 1164 totum
487 1134 655 1177 tempus
677 1124 827 1165 veteris
848 1123 1086 1164 testamenti
1108 1124 1318 1177 acephala,
1343 1137 1391 1162 eo
1415 1124 1532 1176 quod
1545 1143 1574 1168 4.
1602 1134 1671 1162 The
1697 1134 1821 1161 church

216 1208 301 1234 non
333 1202 474 1247 potest
503 1194 653 1233 habere
686 1203 811 1247 caput
844 1194 921 1234 nisi
955 1193 1183 1246 Christum,
1207 1194 1280 1233 sed
1311 1201 1411 1233 tunc
1445 1206 1530 1233 non
1547 1168 1820 1232 ngflss‘ffafissbssgn

333 1264 341 1270 .
485 1262 491 1268 .
1273 1263 1279 1269 .
1545 1239 1698 1271 headless‚
1736 1238 1822 1266 since

217 1264 363 1304 habult
395 1263 610 1303 Christum
634 1274 773 1317 caput,
803 1278 900 1317 ergo
923 1273 1023 1304 tunc
1046 1277 1133 1303 non
1155 1264 1301 1303 habu1t
1324 1272 1462 1316 caput.
1479 1264 1532 1303 Et
1547 1273 1660 1313 Christ*
1677 1282 1741 1301 was
1769 1278 1822 1301 not

164 1347 201 1379 15
217 1348 290 1387 per
311 1334 423 1373 idem
437 1333 600 1374 videtur
614 1334 731 1388 sequi
747 1335 863 1388 quod
878 1335 1025 1374 eadem
1040 1334 1211 1374 ecclesia
1225 1333 1304 1375 fuit
1326 1348 1402 1387 pro
1424 1343 1530 1374 tem·
1562 1310 1634 1337 then
1653 1313 1691 1337 ¹¹⁵
1712 1308 1801 1336 head.

216 1417 318 1457 pore
351 1404 550 1444 crementi
583 1404 788 1458 quotlibet
832 1405 1023 1444 membra
1055 1418 1141 1458 sua,
1175 1404 1273 1458 quia
1304 1417 1381 1457 pro
1415 1403 1531 1443 nullo

216 1474 386 1514 instanti
402 1474 479 1515 fuit
492 1474 571 1514 nisi
585 1474 726 1515 fideles
741 1475 812 1529 qui
827 1484 927 1515 tunc
942 1475 1123 1515 fuerunt.
1141 1474 1261 1515 Unde
1276 1473 1317 1512 in
1338 1473 1530 1527 exemplo

217 1553 327 1585 tacto
346 1544 387 1583 in
411 1543 492 1583 fine
516 1545 687 1585 secundi
709 1544 945 1598 argumenti
961 1544 1128 1585 videtur
1150 1544 1265 1598 quod
1287 1557 1374 1583 non
1392 1552 1534 1583 manet

219 1614 366 1653 eadem
411 1615 579 1666 domus,
625 1628 879 1668 quacunque
922 1623 1037 1668 parte
1083 1615 1219 1654 ablata
1260 1614 1325 1653 vel
1368 1614 1532 1653 noviter

161 1706 203 1727 20
217 1683 423 1736 veniente,
455 1684 553 1737 quia
591 1698 664 1737 per
707 1685 818 1724 idern
860 1685 996 1725 ablata
1034 1684 1188 1724 iterum
1227 1692 1342 1723 tanta
1379 1692 1419 1723 et
1456 1683 1535 1723 alia

218 1753 384 1793 noviter
414 1753 622 1806 veniente,
656 1763 694 1794 et
726 1754 783 1794 sic
807 1754 991 1808 qualibet
1012 1763 1130 1807 parte
1163 1755 1318 1794 domus
1341 1763 1534 1807 corrupta

219 1833 259 1864 et
290 1837 374 1863 una
406 1824 640 1863 secundum
673 1838 714 1864 se
746 1833 879 1865 totam
913 1824 1075 1864 noviter
1107 1833 1314 1878 generata,
1347 1833 1535 1865 maneret

220 1894 366 1932 eadem
399 1894 568 1946 domus⁷
601 1894 708 1933 sicut
740 1902 802 1933 est
833 1894 883 1933 de
916 1894 1047 1933 domo
1082 1894 1266 1934 ecclesie.

165 1973 203 2006 Η
275 1963 354 2002 Hic
378 1972 476 2003 sunt
497 1972 578 2003 tres
600 1962 877 2004 difficultates,
902 1963 1052 2015 Prima,
1076 1972 1221 2004 utrum
1242 1963 1434 2004 Christus
1457 1963 1536 2003 fuit

161 2043 201 2076 25
217 2042 312 2073 ante
354 2033 705 2085 incarnacionem,
739 2033 838 2086 quia
870 2042 1030 2073 certum
1062 2042 1122 2073 est
1155 2035 1270 2087 quod
1302 2034 1535 2073 eternaliter
1568 2043 1674 2083 Christ
1694 2043 1800 2083 before

217 2103 294 2142 fuit
324 2103 499 2142 verbum
521 2103 596 2142 Dei
630 2111 669 2142 et
700 2116 866 2156 semper
887 2112 1012 2156 caput
1043 2104 1224 2144 ecclesie.
1260 2104 1340 2144 Sed
1372 2104 1535 2143 videtur
1548 2079 1611 2140 lv¹v¹cis
1627 2083 1823 2140 ¹1¹1¹gt³ri¹nati3ss¹3

217 2185 303 2212 non
326 2172 453 2212 fuisse
476 2181 601 2226 caput
623 2172 710 2212 eius
732 2172 1005 2213 intrinsecum
1026 2182 1254 2227 antequam
1278 2173 1354 2214 fuit
1384 2173 1531 2214 homo.
1549 2148 1828 2220 Sltciiclzlyciiiiffeci¹,⁰f

275 2242 343 2281 Ad
374 2242 477 2282 illud
516 2251 657 2282 autem
689 2242 854 2283 videtur
891 2243 1117 2283 dicendum
1148 2243 1262 2283 iuxta
1295 2257 1391 2296 sepe
1424 2244 1534 2284 dicta

219 2313 334 2366 quod
367 2312 559 2352 Christus
591 2312 634 2351 in
666 2312 804 2365 primo
836 2313 1009 2353 instanti
1046 2313 1194 2353 mundi
1236 2313 1314 2353 fuit
1352 2327 1533 2367 sponsus
1584 2323 1694 2350 buthe
1716 2330 1779 2349 was

162 2391 204 2424 30
220 2382 390 2422 ecclesie
421 2382 792 2434 predestinacione,
825 2382 868 2421 in
892 2382 1218 2422 confirmacione
1241 2391 1382 2423 autem
1407 2397 1531 2437 ange·
1549 2357 1827 2429 alvigcisssiiiiaaaciiozl

219 2452 360 2491 lorum
393 2451 506 2491 dedit
538 2452 680 2491 dotem
714 2452 821 2504 parti
853 2465 1007 2505 sponse
1040 2466 1113 2493 sue
1146 2461 1185 2493 et
1217 2452 1274 2493 sic
1305 2453 1347 2492 in
1381 2453 1533 2493 confir-

272 2572 293 2591 1.
313 2565 342 2592 A
360 2564 391 2592 in
412 2572 526 2599 marg.:
564 2563 662 2599 Nota3
701 2564 877 2600 replicacio.
1038 2574 1067 2598 4.
1094 2566 1123 2593 A
1144 2565 1173 2593 in
1194 2574 1308 2601 marga
1347 2566 1533 2602 Responsio.

220 2610 335 2638 Omnia
355 2611 638 2647 predestinatorum
659 2612 760 2647 capita
779 2617 851 2640 sunt
871 2612 972 2647 capita
991 2613 1132 2640 ecclesie.
1265 2621 1302 2640 ιι.
1322 2614 1352 2640 Α
1372 2613 1401 2641 in
1423 2622 1533 2649 marga

221 2657 339 2693 Quarta
358 2657 509 2686 obieccio.
698 2665 737 2685 21.
758 2660 803 2685 A:
842 2663 1032 2693 corrumpta.
1211 2666 1255 2686 22.
1276 2659 1305 2686 A
1325 2660 1381 2694 A1:
1420 2665 1532 2688 manet.

219 2703 262 2739 25.
283 2705 311 2731 Α
332 2704 363 2731 in
376 2712 493 2739 marg.:
514 2704 703 2740 Responsio.
724 2704 827 2732 Prima
842 2704 1015 2732 difficultas.
1043 2705 1065 2732 Β
1085 2705 1116 2732 in
1129 2713 1248 2740 marg:
1268 2705 1379 2734 Utrum
1393 2705 1534 2734 Christus

220 2750 277 2778 fuit
297 2755 366 2778 ante
377 2750 637 2779 incarnacionem.
779 2750 824 2779 30.
846 2752 875 2779 A
889 2751 919 2778 in
940 2759 1054 2786 marga
1076 2751 1217 2779 Christus
1232 2751 1262 2779 in
1282 2752 1384 2787 primo
1410 2752 1535 2781 instanti

221 2797 329 2824 mundi
348 2796 406 2824 fuit
427 2805 563 2833 sponsus
589 2797 729 2825 ecclesie.

281 2879 335 2913 30.
362 2880 412 2912 Cf.
438 2881 524 2922 Hus,
555 2881 604 2912 De
630 2881 786 2924 ecclesia,
814 2882 905 2925 Opp.
931 2889 1006 2914 tom
1032 2882 1055 2924 Ι,
1087 2881 1179 2925 Ι98“.
