2051 3343
252 253 342 282 CAP.
362 244 400 302 L]
753 259 811 290 DE
838 258 1071 292 ECCLESIA.
1820 269 1844 307 7

101 373 132 405 Ε
161 372 237 406 128d
253 362 366 410 Quid
397 361 521 414 igitur
566 362 673 400 valet
720 361 852 400 dicere
896 364 1012 414 quod
1057 363 1198 403 solun]
1240 365 1305 404 isti
1351 366 1421 418 qui
1462 374 1789 416 sunt‘rhessliurch
1822 378 1846 403 is

250 431 385 470 Rome
418 438 514 469 sunt
546 430 716 469 ecclesia
759 431 823 469 vel
867 440 991 483 caput
1035 430 1226 472 eccleSIe?
1272 435 1395 473 Tales
1444 435 1556 474 enim
1607 411 1813 480 tiiiiirigotistiiie

249 509 426 539 uruntur
456 500 555 539 luna
578 513 650 552 per
672 508 854 551 noctem,
887 508 934 539 ut
968 502 1138 554 exponit
1155 503 1417 556 Augustinus
1449 505 1555 557 psal·
1595 480 1694 507 Whooe
1714 482 1821 508 world.

247 584 318 609 mo
343 569 489 609 CXXO.
530 569 734 622 Quisquis
757 569 893 622 inquit
907 573 1130 622 putaverit
1151 572 1373 612 ecclesiam
1398 575 1439 612 in
1465 587 1553 613 una
1618 583 1798 618 Augustine.

214 645 368 692 §parte
400 651 490 678 esse
523 646 562 678 et
592 652 675 678 non
708 653 802 678 eam
836 643 1086 693 cognoverit
1108 641 1310 693 diffusam
1334 649 1418 682 toto
1451 644 1554 682 orbe

244 716 465 748 terrarum
500 715 539 749 et
569 709 802 748 crediderit
834 710 894 748 eis
927 711 998 762 qui
1028 710 1196 750 dicunt:
1238 711 1349 751 Ecce
1392 713 1458 751 liic
1499 720 1560 752 est

249 779 444 818 Christus
496 784 534 817 et
575 791 670 818 ecce
724 778 825 831 illic,
880 780 989 818 sicut
1041 779 1234 832 loquitur
1286 782 1556 835 euangelium

243 847 405 887 Mathei
416 846 532 886 XXI
538 846 604 897 VO,
628 861 721 887 cum
746 849 815 888 ille
836 855 967 888 totum
991 849 1134 888 orbem
1157 856 1376 890 terrarum
1406 853 1558 891 emerit

243 917 385 970 quoad
416 918 604 957 valorem
630 919 772 970 precii
793 924 833 957 et
854 918 928 958 ille
950 920 991 958 in
1008 920 1212 970 proximo
1234 921 1558 975 scandalizatur

189 1008 227 1029 10
243 993 282 1026 et
315 988 460 1026 uritur
491 999 517 1025 a
550 987 667 1026 luna.
700 988 767 1026 Ad
800 987 901 1040 quid
932 988 1059 1039 igitur
1102 997 1267 1041 oportet
1306 991 1557 1029 contendere

243 1057 348 1095 circa
392 1064 516 1109 caput
547 1053 742 1095 ecclesie?
794 1055 898 1109 Ipsa
950 1057 1086 1110 inquit
1136 1059 1401 1110 Augustinus
1453 1073 1555 1098 caro

245 1126 399 1165 Christi
435 1131 495 1165 est
534 1132 667 1177 caput
704 1127 893 1174 ecclesie,
937 1126 979 1165 icl
1016 1136 1089 1179 est,
1129 1128 1368 1168 humanitas
1402 1142 1549 1169 secun·
1569 1140 1734 1169 TheHead
1748 1143 1843 1181 orme

240 1197 342 1235 dum
374 1209 502 1248 quam
538 1195 727 1235 Christus
771 1196 1075 1248 predestinatus
1119 1206 1192 1248 est,
1237 1207 1282 1237 ut
1319 1198 1417 1238 dicit
1448 1198 1550 1239 fides
1622 1176 1791 1239 Cfflrriiltfs

241 1265 440 1318 scripture
483 1265 635 1317 Ephes.
669 1265 720 1317 10,
754 1266 828 1305 IV0
861 1274 900 1304 et
936 1266 994 1305 V0
1027 1266 1218 1319 capitulis
1252 1276 1290 1307 et
1322 1269 1552 1321 expressius

187 1334 333 1376 15Col.
371 1335 422 1386 10,
473 1335 534 1386 18,
581 1334 679 1374 dicit
723 1335 839 1388 quod
882 1334 1077 1375 Christus
1130 1343 1190 1376 est
1233 1345 1362 1389 caput
1412 1340 1551 1378 tocius

240 1405 428 1445 ecclesie.
473 1405 526 1443 Et
563 1404 686 1444 istan]
721 1405 1039 1444 conclusionem
1085 1406 1262 1446 declarat
1306 1407 1410 1447 bene
1443 1408 1551 1448 dicta

239 1474 451 1513 decretalis
484 1482 751 1527 extravagans
794 1474 1000 1514 Bonifacii
1031 1475 1124 1515 VIII
1169 1489 1249 1529 que
1294 1476 1350 1516 sic
1382 1476 1548 1530 incipit:

246 1544 383 1583 Unam
416 1550 622 1584 sanctam.
668 1544 813 1597 Igitur
853 1543 990 1597 inquit
1032 1545 1209 1585 ecclesie
1253 1548 1378 1586 unius
1420 1560 1549 1586 unum

239 1627 414 1667 corpus,
448 1627 579 1654 unum
603 1621 742 1666 caput,
771 1626 856 1653 non
880 1613 963 1652 duo
986 1615 1129 1666 capita
1151 1617 1277 1667 quasi
1298 1623 1549 1656 monstrum.
1590 1626 1716 1654 Second
1738 1636 1814 1655 con-

193 1691 225 1723 F
297 1684 487 1724 Secunda
519 1684 734 1723 conclusio
767 1697 944 1736 sequens
983 1697 1031 1723 ex
1063 1684 1264 1737 quiditate
1306 1685 1450 1725 matris
1483 1699 1548 1725 ec·
1581 1662 1823 1736 Thglugffigffic

240 1754 358 1794 clesie
391 1763 450 1794 est
482 1754 596 1807 quod
629 1762 794 1793 tantum
827 1762 886 1792 est
917 1766 1013 1805 una,
1052 1754 1108 1794 sic
1149 1756 1263 1808 quod
1296 1769 1382 1794 non
1415 1756 1549 1795 multe
1566 1743 1740 1805 Lgssffgnff‘
1757 1745 1840 1806 „⁰3¹1'y

239 1823 407 1863 ecclesie
450 1822 664 1863 catholice.
702 1823 1022 1863 Demonstratur
1066 1825 1140 1864 sic:
1186 1826 1249 1865 Eo
1293 1826 1385 1878 ipso
1430 1826 1547 1878 quod
1650 1821 1752 1849 many.

239 1901 301 1932 est
331 1892 500 1932 ecclesia
532 1892 772 1932 universalis
806 1893 888 1932 sive
921 1893 1137 1946 catholica,
1166 1895 1257 1948 ipsa
1290 1895 1475 1934 continet
1505 1895 1548 1934 in

239 1976 280 2001 se
321 1975 468 2001 omnes
501 1962 815 2014 predestinatos,
856 1963 952 2002 Non
997 1972 1057 2002 est
1100 1964 1298 2015 possibile
1342 1964 1458 2017 quod
1498 1963 1550 2003 sit

182 2039 222 2071 25
240 2031 316 2070 nisi
350 2045 432 2070 una
464 2031 569 2083 talis⁷
607 2031 732 2084 igitur
763 2045 847 2071 non
894 2041 954 2072 est
992 2033 1190 2085 possibile
1223 2034 1339 2086 quod
1383 2033 1435 2072 sit
1469 2033 1546 2072 nisi

236 2114 319 2141 una
352 2101 592 2141 universalis
625 2101 810 2141 ecclesia.
842 2103 951 2141 Nam
994 2103 1228 2142 secundum
1268 2102 1547 2155 philosophos

238 2172 479 2212 universale
519 2177 582 2210 est
626 2170 839 2223 quoddam
876 2177 1009 2210 totum
1044 2178 1170 2225 atque
1194 2172 1443 2225 perfectum
1478 2174 1836 2247 czci‘gpetssigrgemffracrltls

292 2327 311 2346 1.
332 2320 361 2346 A
380 2319 410 2346 in
432 2327 533 2354 marg:
563 2318 699 2346 Ecclesia
724 2323 768 2346 est
788 2327 842 2354 per
861 2323 961 2346 totum
982 2320 1088 2346 orbem
1110 2319 1222 2347 diffusa
1242 2320 1351 2353 (above
1370 2321 1427 2347 col.
1450 2319 1497 2347 128
1508 2321 1545 2356 d).

232 2374 262 2398 4.
278 2366 322 2392 A:
345 2365 414 2399 CX;
441 2366 472 2392 in
494 2373 596 2400 marg:
623 2365 826 2400 Augustinus.
857 2365 894 2392 B:
926 2365 1120 2398 Augustinus
1141 2374 1235 2400 super
1256 2366 1356 2401 primo
1377 2367 1544 2394 volumine.

234 2419 267 2439 11.
288 2412 317 2438 A
337 2411 368 2438 in
397 2418 500 2446 marg:
521 2410 629 2446 Capud
659 2411 798 2439 ecclesie.
828 2412 850 2439 Β
870 2413 901 2440 in
934 2420 1041 2447 marg:
1069 2412 1273 2447 Augustinus.
1414 2413 1449 2440 15.
1471 2412 1493 2439 B
1514 2413 1544 2440 in

233 2465 335 2492 marg:
356 2457 432 2492 Eph.
455 2466 476 2494 1,
497 2466 527 2494 4,
547 2457 571 2485 5.
593 2457 660 2485 Col.
679 2467 699 2485 1.
790 2467 828 2493 17.
850 2458 872 2486 B
893 2459 923 2486 in
944 2467 1047 2494 marg:
1069 2459 1247 2486 Decretalis.
1269 2461 1309 2494 A1
1324 2460 1382 2487 alia
1402 2468 1495 2486 manu
1515 2459 1545 2487 in

233 2511 319 2538 marg
346 2511 466 2538 super.:
497 2503 582 2531 Scias
610 2504 683 2539 quia
709 2504 798 2532 istam
826 2505 1009 2532 decretalem
1036 2505 1185 2540 falsificat,
1217 2505 1308 2532 nichil
1335 2506 1416 2532 enim
1445 2506 1487 2533 ibi
1508 2506 1545 2533 de

233 2549 458 2586 predestinatis‚
479 2549 532 2576 sed
555 2549 714 2577 decretalis
735 2551 845 2586 probat
865 2551 948 2586 quod
969 2551 1097 2578 subesse
1112 2551 1250 2578 Romano
1278 2551 1412 2586 pontifici
1440 2557 1485 2579 est
1507 2552 1544 2579 de

232 2596 412 2623 necessitate
431 2596 535 2623 salutis
556 2601 584 2623 et
603 2596 661 2624 hoc
680 2605 735 2632 per
755 2605 848 2624 unam
869 2597 1030 2625 ecclesiam
1051 2602 1078 2624 et
1099 2605 1193 2624 unum
1215 2602 1315 2632 caput.
1414 2606 1459 2624 20.
1480 2599 1508 2625 A
1522 2598 1544 2625 Β

232 2642 262 2669 in
282 2650 378 2677 marg.
405 2640 473 2670 Sec.
495 2642 662 2669 conclusio.
695 2644 723 2670 A
743 2643 773 2670 in
801 2651 898 2678 marg.
925 2643 1060 2671 Tantum
1082 2651 1142 2671 una
1163 2649 1190 2671 et
1211 2652 1271 2672 non
1293 2644 1395 2680 plures
1417 2644 1545 2672 ecclesia

233 2688 392 2716 catholica.
500 2696 545 2723 27.
565 2690 594 2716 A
613 2688 643 2716 in
664 2696 767 2724 marg:
788 2688 867 2717 Tres
888 2694 988 2724 partes
1010 2689 1145 2717 ecclesia.

288 2827 320 2858 4.
346 2819 434 2859 Aug.
460 2818 551 2861 Opp.
578 2825 662 2851 tom.
689 2819 741 2852 IV.
770 2830 847 2862 pag.
878 2819 974 2851 1381.
1114 2831 1163 2863 ¹7·
1190 2821 1327 2853 Extrav.
1355 2822 1542 2853 Commun.

233 2874 309 2908 Lib.
328 2877 351 2907 I.
377 2875 443 2908 Tit.
459 2877 545 2910 VIII.
572 2877 626 2909 De
653 2877 858 2910 maioritate
883 2882 915 2910 et
942 2878 1152 2919 ohedientia,
1179 2889 1251 2921 cap.
1279 2880 1301 2911 Ι.
