2051 3273
215 232 295 273 290
925 229 1148 261 JOHANNIS
1172 228 1368 262 Wchr.
1611 214 1717 273 [CAP.
1737 224 1819 253 xm.

211 341 489 405 Incfflilercphriffiietrieve
507 340 604 371 erat.
657 333 742 371 Nec
784 332 925 372 solum
964 342 1124 372 servata
1157 342 1216 372 est
1247 333 1315 371 illa
1349 332 1485 372 forma
1517 332 1916 387 eleniosiiiaiicli1590
1935 344 1974 376 K

224 420 306 451 wera
328 420 366 439 no
386 411 478 438 foun-
504 415 545 440 in
567 402 708 453 Judea,
742 401 814 441 ubi
846 402 959 441 Deus
993 402 1111 442 scivit
1142 403 1359 455 apostolos
1385 416 1471 442 non
1500 411 1704 455 perpetuo
1728 417 1819 456 per-

247 447 456 521 ἀίῖιῐηιιῖιῃεδέῑςῌὲῖ
504 485 743 522 mansuros,
792 473 862 511 sed
891 471 917 499 Ψ
945 472 987 511 in
1030 472 1143 523 Asia,
1187 472 1231 510 in
1279 471 1407 523 India,
1455 471 1497 510 in
1541 472 1739 525 Ethiopia
1785 480 1923 525 et169‘1

249 517 457 544 mstmbunon.
504 541 747 594 ubicunque
771 550 975 581 terrarum
1007 541 1219 581 christiani
1253 540 1441 580 conversi
1470 550 1567 581 sunt
1591 550 1630 581 et
1662 542 1820 595 presbi-

504 610 578 649 teri
628 610 864 661 constituti3
913 611 983 650 sed
1039 610 1209 650 indubie
1254 610 1311 649 illi
1371 624 1418 650 ex
1468 610 1614 650 maiori
1665 611 1857 654 fervore5

506 680 698 729 caritatis,
745 694 793 719 ex
839 680 988 720 maiori
1036 679 1262 733 prudencia
1309 694 1354 719 ac
1395 680 1663 733 simplicitate
1696 694 1823 734 quarn

504 749 636 789 nostri
669 751 939 790 succedentes
973 750 1044 803 qui
1078 750 1155 789 sub
1189 749 1325 789 forma
1357 750 1591 789 dotacionis
1623 759 1824 803 perpetue

504 819 659 858 dabant
691 833 765 858 sua
811 828 849 858 et
894 819 1026 871 magis
1066 820 1219 873 quieta,
1255 832 1301 859 ac
1333 819 1375 858 in
1409 833 1509 872 pace
1542 819 1695 859 Christi
1728 819 1824 872 plus

503 888 668 928 firmata
702 898 762 928 est
796 889 967 929 ecclesia
999 889 1069 928 illa
1101 889 1312 942 primitiva
1344 902 1543 929 conversa
1583 901 1712 941 quam
1748 888 1825 928 fuit

506 966 651 997 nostra
684 958 856 997 ecclesia
889 972 1051 998 cesarea
1083 959 1139 999 sic
1172 960 1325 1000 dotata.
1845 979 1882 1000 10

562 1028 687 1068 Unde
732 1027 835 1067 illud
880 1041 1085 1081 magnum
1131 1028 1281 1068 scisma
1327 1028 1484 1067 factum
1522 1041 1595 1081 per
1633 1027 1870 1081 SergiumL

504 1097 765 1137 monachum
810 1098 917 1137 sicut
949 1107 988 1137 et
1018 1097 1123 1138 illud
1155 1098 1336 1137 scisma
1368 1098 1502 1151 quod
1533 1097 1683 1137 hodie
1716 1098 1823 1151 pul-

504 1167 637 1207 lulat
659 1181 732 1220 per
746 1168 853 1207 duos
869 1167 1269 1220 pseudomonachos
1288 1181 1385 1207 cum
1401 1167 1489 1207 aliis
1505 1167 1823 1221 particularibus

506 1236 783 1276 divisionibus
823 1236 865 1275 in
917 1237 1087 1276 ecclesia
1137 1246 1305 1276 causata
1354 1246 1451 1277 sunt
1501 1250 1549 1276 ex
1598 1236 1827 1276 insaciabili

509 1305 734 1345 affeccione
780 1305 875 1345 cleri
922 1306 975 1345 ad
1017 1306 1279 1359 temporalia,
1322 1321 1451 1360 quam
1495 1306 1572 1345 nisi
1606 1306 1884 1350 occasione15

505 1375 740 1415 dotacionis
774 1389 937 1416 cesaree
970 1376 1247 1416 verisimiliter
1278 1390 1364 1415 non
1394 1377 1606 1415 haberent.
1641 1376 1682 1415 Si
1715 1376 1827 1416 enim

507 1459 592 1485 non
640 1455 747 1486 esset
798 1445 874 1485 ista
922 1445 1104 1497 dotacio,
1153 1459 1239 1485 non
1291 1446 1348 1485 sic
1401 1447 1702 1486 contenderent
1751 1459 1827 1498 pro

506 1516 704 1569 primatu,
756 1529 853 1555 cum
898 1515 1003 1554 circa
1060 1515 1415 1568 preeminenciam
1473 1515 1628 1554 servilis
1687 1515 1826 1555 humi-

505 1585 634 1625 litatis
668 1598 753 1624 non
788 1585 834 1624 fit
867 1584 1106 1626 contencio.

240 1663 388 1699 Quarreis
411 1664 471 1691 and
566 1656 703 1695 Immo
751 1664 797 1695 ut
829 1655 1100 1708 probabiliter
1145 1655 1324 1695 creditur
1361 1663 1450 1695 tota
1489 1655 1691 1694 dissensio
1723 1655 1830 1695 inter
1845 1676 1887 1697 20

216 1699 490 1761 wjssirtshxgrcfflgrffid
506 1739 633 1778 regna
667 1734 706 1764 et
736 1734 881 1778 gentes
911 1726 1169 1764 diversarum
1202 1733 1411 1765 sectarum
1443 1725 1627 1765 exoritur
1658 1733 1830 1778 propter

242 1768 464 1838 ΙῑῗΙ-Ιξιῑῗειὲῗςὲῗ
507 1795 781 1834 omissionem
826 1794 1077 1848 culpabilem
1131 1794 1402 1834 consiliorum
1434 1808 1480 1834 ac
1513 1795 1828 1847 privilegiorum

285 1843 424 1874 poverty.
507 1878 589 1918 que
614 1864 806 1905 Christus
829 1864 1009 1904 instituit
1032 1865 1142 1904 clero
1165 1879 1255 1905 suo.
1278 1865 1389 1904 Nam
1412 1864 1443 1903 si
1468 1878 1616 1904 omnes
1640 1865 1827 1905 redditus

508 1935 661 1988 quibus
694 1934 734 1972 in
768 1934 1078 1974 christianismo
1117 1935 1285 1974 dotatur
1325 1934 1508 1986 ecclesia,
1554 1933 1692 1974 forent
1722 1934 1829 1974 inter

509 2004 712 2044 seculares
744 2004 943 2043 dominos
977 2004 1184 2044 distributi
1218 2014 1258 2044 et
1287 2004 1419 2044 clerus
1453 2005 1690 2044 ostenderet
1720 2004 1763 2043 in
1786 2019 1828 2044 se
1844 2013 1883 2046 25

506 2074 770 2113 concorditer
801 2088 847 2114 ac
874 2073 1094 2113 efficaciter
1133 2083 1429 2127 contemptum
1461 2073 1589 2113 seculi
1621 2087 1666 2113 ac
1699 2074 1826 2113 tercio

506 2143 737 2195 predicaret
768 2143 881 2182 laicis
904 2143 1122 2196 vigilanter
1154 2145 1203 2182 de
1238 2143 1370 2183 fallaci
1404 2143 1627 2183 affeccione
1660 2152 1824 2196 tempo-

505 2213 652 2252 ralium
689 2227 764 2267 pro
798 2222 1021 2253 momento
1055 2227 1141 2266 quo
1166 2213 1481 2266 peregrinamur
1511 2228 1534 2253 a
1566 2213 1753 2265 domino,
1788 2222 1827 2252 et

504 2284 727 2335 quomodo
771 2283 1087 2323 instantaneum
1139 2282 1322 2322 seculare
1366 2282 1619 2322 desiderium
1664 2282 1825 2321 inducit

504 2352 857 2404 dampnacionem
893 2361 1153 2405 perpetuam,
1194 2352 1328 2391 brevis
1367 2362 1506 2392 autern
1540 2352 1687 2390 mundi
1721 2365 1820 2390 con-
1839 2360 1880 2392 30

503 2430 690 2474 temptus
734 2431 928 2474 preparat
975 2421 1196 2461 efficaciter
1239 2422 1290 2460 ad
1332 2421 1638 2461 beatitudinem
1672 2434 1817 2460 conse-

559 2600 592 2619 11.
614 2592 642 2619 A
663 2592 692 2619 in
715 2600 829 2627 marg:
850 2591 942 2619 Nota.
1091 2600 1138 2619 ρο.
1161 2593 1189 2620 Α
1210 2593 1240 2620 in
1266 2600 1381 2627 marg.:
1405 2592 1586 2620 Conclusio.

569 2731 618 2753 11.
645 2721 785 2764 Sergius
815 2721 868 2753 ΙΙΙ.
901 2719 1130 2765 (897-904).
1160 2721 1284 2762 Coinp.
1321 2720 1568 2761 Gregorofflns,
1602 2719 1728 2752 Gesch.
1762 2721 1822 2752 der

505 2779 604 2810 stadt
630 2780 719 2811 Rom
748 2779 794 2810 im
813 2780 1084 2819 Mittelalter111‚
1113 2790 1174 2820 242
1204 2779 1352 2820 hodio3
1379 2779 1412 2809 id
1432 2785 1493 2819 est,
1526 2778 1625 2821 137&
1653 2789 1714 2820 per
1732 2779 1821 2809 duos

505 2837 840 2879 pseudomonachos
867 2837 941 2868 scil.
967 2847 1030 2879 per
1056 2836 1235 2869 Urbanum
1263 2837 1307 2867 VI
1335 2842 1368 2867 et
1395 2837 1611 2868 Clementem
1641 2836 1711 2867 VII.
