2051 3343
239 220 317 272 134
970 227 1192 259 JOHANNIS
1221 227 1412 259 WYCLIF.
1660 212 1766 271 [cim
1793 222 1845 251 vx.

520 347 647 387 porea
678 332 870 380 varietur,
913 340 1054 370 manet
1094 330 1292 371 continue
1332 330 1443 370 idem
1487 330 1633 383 homo,
1677 340 1724 371 ut
1766 331 1985 384 hic147²Q

522 402 786 456 supponitur.
841 403 980 450 Quare
1013 414 1110 454 ergo
1143 414 1229 439 non
1268 400 1325 439 sic
1368 401 1418 440 de
1448 400 1621 440 homine
1664 400 1833 441 ecclesie

522 472 641 512 cuius
674 471 807 511 forma
843 480 903 510 est
936 470 1129 511 Christus
1161 483 1336 509 manens
1359 470 1401 509 in
1426 467 1641 510 eternum?
1675 470 1871 513 secun-2

523 542 625 581 dum
659 541 904 594 exemplum
944 540 1131 580 naturale
1170 548 1231 580 est
1262 540 1380 593 quod
1418 540 1556 579 anima
1598 539 1834 594 cuicunque

521 610 713 650 membro
762 610 957 663 copulata
1002 608 1125 649 fuerit
1166 618 1354 649 remanet
1396 618 1483 649 tam
1519 609 1659 649 anima
1706 618 1867 663 quam5

522 679 762 719 membrum
795 679 942 718 eadem
973 692 1154 732 persona
1186 678 1384 721 hominis,
1429 679 1569 728 Quare
1609 693 1708 733 ergo
1748 693 1834 719 non

522 749 578 787 sic
611 748 661 787 de
694 747 862 788 Christo
887 757 927 788 et
949 747 1132 800 ecclesia,
1151 748 1206 787 sic
1223 748 1336 801 quod
1353 748 1572 802 quodlibet
1594 749 1835 789 membrum

523 818 610 858 eius
643 818 694 858 sit
726 817 932 869 Christus,
966 826 1011 857 ut
1034 826 1186 856 sonant
1206 818 1336 857 multe
1360 815 1650 858 auctoritates?
1683 818 1875 860 Tercioa

522 888 684 927 videtur
715 887 831 940 quod
864 886 970 926 sicut
1003 886 1192 926 Christus
1225 887 1380 926 mansit
1411 888 1557 927 eadem
1589 901 1770 941 persona
1790 888 1833 927 in

522 970 701 996 numero
734 970 810 1010 pro
849 965 1041 1010 tempore
1078 956 1225 996 mortis
1270 970 1355 1009 sue,
1396 965 1482 996 tam
1525 957 1567 996 in
1612 957 1833 1011 sepulchro
1853 975 1892 997 10

522 1035 717 1066 mortuus
750 1039 879 1079 quam
910 1026 954 1064 in
986 1025 1150 1065 inferno
1194 1025 1326 1077 vivus,
1358 1026 1415 1065 ita
1453 1026 1617 1066 videtur
1658 1028 1834 1068 eandem

522 1110 747 1150 personam
789 1095 959 1135 ecclesie
997 1096 1243 1136 disiunctive
1287 1105 1531 1150 regnantem
1576 1097 1618 1135 in
1663 1096 1752 1136 celo
1797 1106 1837 1137 et

526 1166 862 1220 peregrinantem
894 1165 936 1203 in
975 1166 1151 1217 mundo,
1192 1174 1231 1205 et
1271 1165 1326 1205 sic
1372 1164 1563 1205 Christus
1610 1166 1837 1219 assumpsit

521 1236 755 1290 ypostatice
801 1249 1027 1289 personam
1072 1236 1241 1275 ecclesie
1280 1235 1581 1289 peregrinantis
1628 1236 1670 1275 in
1718 1237 1836 1277 beata

521 1305 690 1359 virgine.
1855 1311 1892 1345 15

258 1392 320 1421 We
338 1396 421 1420 must
439 1392 477 1419 be
583 1375 661 1415 Hic
694 1384 862 1429 oportet
893 1376 1120 1429 prudenter
1158 1375 1387 1428 intelligere
1419 1375 1624 1416 unitatem
1656 1389 1835 1429 persone

236 1426 653 1500 egaelfffltggffigr-quam
698 1445 829 1486 sancti
875 1446 1115 1499 exprimunt
1160 1445 1494 1499 exssscripturffi
1539 1454 1586 1485 ut
1628 1454 1742 1499 patet
1785 1447 1834 1486 de
1854 1449 1933 1495 147b

251 1497 485 1567 ngtpizsrsiiiiiiy
524 1524 620 1555 octo
653 1516 874 1568 generibus
907 1516 1119 1555 unitatum
1150 1529 1253 1568 quas
1287 1515 1480 1568 exprimit
1522 1516 1667 1555 beatus
1703 1515 1832 1555 Bern-

523 1585 691 1637 hardus,
725 1594 771 1625 ut
801 1585 998 1625 recitatur
1036 1585 1077 1624 in
1117 1584 1311 1638 proximo
1357 1584 1541 1638 capitulo
1579 1584 1620 1623 in
1658 1598 1833 1638 respon-

524 1655 641 1695 sione
673 1656 724 1694 ad
757 1655 934 1694 tercium
966 1664 1277 1709 argumentum.
1312 1655 1364 1695 Et
1396 1664 1496 1695 tunc
1528 1655 1745 1708 loquendo
1783 1656 1835 1695 ad

523 1738 694 1764 sensum
726 1725 952 1764 doctorum
986 1725 1255 1764 concedenda
1276 1724 1439 1765 videtur
1462 1725 1671 1764 sentencia
1695 1724 1831 1765 cuius·
1850 1738 1893 1761 20

522 1794 623 1834 libet
653 1794 808 1834 horum
841 1794 968 1834 trium
1006 1803 1366 1847 argumentorum.
1406 1793 1515 1834 Nam
1554 1794 1694 1847 primo
1734 1808 1833 1834 con-

524 1864 612 1905 cedi
644 1873 783 1917 potest
815 1865 929 1918 quod
962 1873 1106 1904 manet
1138 1864 1337 1904 continue
1371 1865 1518 1904 eadem
1551 1864 1720 1904 ecclesia
1753 1877 1836 1918 que

525 1944 584 1974 est
615 1933 825 1974 collectim
859 1947 1006 1973 omnes
1036 1934 1306 1987 predestinati
1340 1943 1379 1974 et
1401 1933 1646 1987 singillatim
1668 1933 1835 1987 singuli,

525 2018 570 2045 ac
603 2004 791 2057 singulus
824 2005 1055 2043 eorundem
1087 2017 1235 2044 omnes
1268 2003 1374 2043 uniti
1411 2003 1453 2042 in
1489 2003 1655 2043 Christo
1689 2003 1835 2057 capite,

525 2074 595 2113 sed
627 2082 727 2113 tunc
760 2082 927 2126 oportet
957 2073 1184 2127 intelligere
1216 2087 1440 2126 personam
1464 2081 1510 2113 ut
1532 2082 1669 2126 caput,
1703 2073 1836 2114 basim
1853 2075 1891 2108 25

525 2143 659 2184 tocius
692 2143 919 2196 compositi
963 2152 1001 2183 et
1045 2143 1262 2197 quodlibet
1304 2143 1545 2183 membrum
1576 2157 1703 2183 suum
1734 2157 1835 2183 con-

525 2214 613 2253 fuse
645 2222 863 2266 tamquam
895 2213 1143 2266 absorptum
1175 2212 1216 2251 in
1241 2212 1408 2252 Christo
1441 2213 1747 2265 absconditum⁷
1781 2212 1836 2252 sic

525 2284 640 2337 quod
672 2282 843 2322 ecclesia
876 2282 1028 2322 Christi
1062 2283 1170 2321 dicat
1202 2282 1418 2322 Christum
1450 2296 1546 2322 cum
1579 2297 1836 2337 quocunque

525 2352 635 2392 fideli
698 2352 773 2391 sibi
836 2352 1163 2405 incorporatum.
1228 2352 1267 2392 Si
1337 2352 1449 2392 enim
1515 2367 1624 2406 papa
1687 2352 1836 2393 dicitur

526 2423 695 2462 ecclesia
737 2431 908 2476 propter
945 2422 1138 2462 virtutem
1181 2436 1309 2476 quam
1347 2422 1482 2462 influit
1520 2422 1562 2461 in
1603 2422 1891 2476 ecclesiam‚30

578 2613 612 2632 11.
646 2605 704 2632 Hic
735 2604 864 2631 verbum
896 2603 1049 2631 omissum
1088 2611 1155 2630 esse
1176 2603 1305 2631 videtur.
1466 2603 1505 2632 16.
1528 2604 1555 2631 A
1576 2603 1606 2631 in
1627 2611 1741 2639 marga
1777 2603 1836 2632 Re-

525 2652 664 2686 sponsiO.
685 2650 766 2678 Nota
785 2650 946 2686 quomodo
967 2650 1072 2678 omnia
1092 2650 1231 2678 membra
1254 2649 1369 2678 Christi
1389 2655 1461 2677 sunt
1481 2649 1623 2678 Christus
1642 2658 1712 2678 cum
1731 2657 1836 2678 corre-

526 2697 738 2732 spondenciis.
758 2698 878 2731 (Above
899 2704 967 2734 147²
994 2697 1121 2726 without
1140 2698 1225 2725 marl<
1253 2697 1288 2724 of
1311 2696 1489 2731 reference.)

590 2837 639 2869 18.
667 2838 718 2870 Cf.
744 2838 854 2870 above
881 2849 957 2881 pag.
990 2849 1063 2882 109.
