2051 3273
249 259 338 288 CAP.
355 249 483 306 xvim]
761 262 821 293 DE
848 261 1081 293 ECCLESIA.
1763 262 1845 302 427

92 369 131 411 K
154 375 232 420 187cl
246 367 458 420 discipulis
510 366 701 406 Scarioth
752 367 803 405 ad
853 366 933 404 hoc
986 365 1335 418 promoventibus
1387 374 1559 417 propter

247 437 536 476 defensionem
567 435 749 475 veritatis
779 436 1027 488 evangelice,
1053 448 1151 474 cum
1175 433 1366 474 Christus
1389 444 1560 487 propter

243 506 583 560 persecucionem
613 505 827 545 humiliter
858 505 914 544 ita
946 504 1053 544 tulit.
1078 505 1131 543 Et
1154 504 1317 543 utinam
1339 503 1559 557 pontifices

243 576 402 629 templi,
449 576 580 615 scribe
625 584 664 614 et
706 574 886 627 pharisei
931 588 1016 613 non
1062 574 1263 613 haberent
1292 573 1419 612 hodie
1462 587 1560 612 cum

209 645 431 686 SScarioth
464 645 506 683 in
540 643 711 683 ecclesia
744 644 972 696 discipulos
1005 643 1229 684 imitantes.
1260 643 1300 682 Si
1327 643 1440 682 enim
1462 651 1560 682 sunt

242 715 367 754 hodie
421 714 624 755 seculares
677 714 911 753 sacerdotes
964 722 1184 765 tamquam
1234 711 1453 765 pontifices
1520 721 1559 752 et

243 785 422 837 religiosi
456 783 753 836 possessionati
786 792 1005 835 tamquam
1028 781 1208 835 pharisei
1231 782 1302 835 qui
1326 781 1561 820 secundum

244 854 536 907 apparenciam
567 853 778 905 religionis
810 867 832 893 a
864 852 1031 904 populo
1064 861 1161 890 sunt
1192 851 1310 889 divisi
1355 860 1394 890 et
1432 850 1559 890 tercio

244 925 435 963 doctores
467 922 706 962 tradicionis
738 923 923 962 humane
945 931 1165 974 tamquam
1188 921 1317 960 scribe
1340 934 1386 960 ac
1409 928 1559 973 quarto

190 1010 228 1032 10
243 992 486 1046 profitentes
519 992 801 1045 evangelicam
834 1000 1124 1044 paupertatem
1155 1004 1250 1030 curn
1276 990 1464 1030 Scarioth
1488 990 1559 1043 qui

244 1076 390 1102 omnes
423 1062 607 1102 nitantur
637 1062 885 1115 impugnare
915 1061 1197 1113 evangelicam
1219 1060 1449 1111 veritatem,
1474 1073 1560 1098 non

243 1132 400 1171 mirum
448 1132 480 1172 si
524 1132 566 1171 in
610 1132 688 1171 ista
739 1131 943 1184 quadriga
990 1131 1143 1170 diaboli
1190 1129 1342 1170 Christi
1390 1129 1562 1169 ecclesia

244 1203 520 1254 perturbatur.
556 1201 735 1255 Signum
762 1210 905 1240 autem
927 1200 1203 1253 perversionis
1227 1213 1405 1253 persone
1427 1199 1560 1252 prime

244 1271 370 1324 partis
402 1271 673 1324 proprietarie
708 1270 826 1321 foret,
861 1270 891 1309 si
926 1270 1019 1323 plus
1053 1269 1206 1309 fureret
1237 1279 1410 1323 propter
1442 1269 1560 1308 audi-

193 1347 228 1380 15
247 1341 412 1380 cionem
436 1340 663 1379 ablacionis
693 1354 866 1380 suorum
897 1340 1197 1393 temporalium
1231 1353 1359 1393 quam
1390 1348 1563 1392 propter

246 1420 625 1464 quantumcunque
658 1423 828 1462 gravem
860 1410 1025 1463 lapsum
1060 1409 1228 1449 ecclesie
1251 1409 1294 1448 in
1317 1417 1562 1462 peccatum;

246 1491 345 1520 tunc
378 1481 491 1520 enim
523 1481 617 1533 plus
651 1479 885 1520 afficeretur
916 1479 1222 1533 temporalibus
1252 1493 1383 1533 quam
1410 1478 1562 1518 honori

245 1550 322 1590 Dei
353 1550 418 1589 vel
449 1550 615 1590 utilitati
650 1550 818 1589 ecclesie
849 1549 962 1589 verbi
995 1550 1140 1603 gracia.
1183 1549 1224 1589 Si
1258 1550 1389 1588 clerus
1413 1548 1564 1601 Anglie
1578 1560 1711 1587 Avarice
1744 1560 1851 1587 makes

245 1620 378 1673 magis
420 1620 538 1659 timet
582 1619 852 1659 amissionem
899 1619 1132 1658 dotacionis
1165 1619 1274 1672 regie
1306 1632 1435 1672 quam
1467 1632 1562 1672 pec·
1591 1603 1685 1668 dJ‘ZKS
1703 1594 1840 1657 ‘iiferglgss

189 1705 231 1726 20
248 1699 388 1728 catum
431 1689 548 1741 regni
586 1689 823 1728 invadendo
870 1702 1051 1741 regnum
1095 1689 1279 1739 Francie‚
1313 1702 1400 1727 non
1441 1664 1852 1738 Videoortnperzdfflgffiffis

248 1759 350 1812 quin
388 1758 628 1811 philargiria
660 1758 710 1798 sit
753 1759 969 1809 seductus;
1016 1768 1243 1811 utrumque
1276 1771 1428 1810 nempe
1460 1757 1563 1797 isto·
1602 1734 1828 1797 {ifiholgfarlvcizr

245 1842 341 1868 rum
363 1838 503 1881 potest
526 1829 629 1867 bene
652 1827 752 1880 fieri,
782 1829 853 1867 sed
876 1828 1046 1867 indubie
1080 1828 1263 1881 primum
1298 1838 1359 1867 est
1391 1828 1563 1880 propin-

247 1898 369 1951 quius
414 1898 607 1950 potestati
642 1907 681 1937 et
715 1897 896 1936 facilitati
941 1897 1138 1947 humane,
1171 1906 1218 1936 ut
1261 1897 1418 1950 absque
1457 1897 1563 1950 peri-

247 1968 342 2007 culo
386 1967 523 2006 anime
571 1967 641 2006 fiat
692 1967 809 2007 iuste.
863 1967 968 2015 Quis
1003 1966 1214 2021 (inquam)
1249 1967 1411 2006 dubitat
1463 1967 1565 2020 quin

192 2041 229 2073 25
248 2036 407 2076 facilius
441 2036 546 2076 foret
577 2051 718 2090 regem
742 2047 781 2076 et
804 2050 981 2088 regnum
1006 2050 1163 2089 ponere
1187 2037 1347 2076 clerum
1370 2046 1564 2076 nostrum

246 2106 288 2144 in
332 2115 442 2146 statu
487 2107 678 2159 primevo
714 2106 785 2159 qui
819 2106 925 2146 foret
956 2106 1036 2146 isto
1070 2115 1179 2146 statu
1212 2106 1442 2159 perfeccior
1479 2120 1562 2146 ser-

247 2176 385 2215 vando
438 2176 626 2229 undique
679 2176 901 2225 caritatem,
945 2184 984 2215 et
1037 2177 1279 2215 evacuando
1341 2190 1562 2229 pompam,

245 2259 463 2285 rancorem
502 2259 547 2284 ac
579 2245 798 2285 avariciam
843 2260 972 2299 quam
1004 2245 1232 2285 exercitum
1263 2246 1414 2298 Anglie
1446 2245 1562 2284 inva-

247 2316 386 2354 dendo
434 2315 667 2366 Franciam,
712 2324 882 2368 propter
926 2315 1139 2355 caritatem
1170 2316 1222 2354 ad
1254 2315 1409 2366 hostes,
1448 2315 1563 2367 ipsos

191 2386 232 2417 30
247 2384 550 2438 temporalibus
583 2384 805 2437 spoliando
840 2394 878 2424 et
909 2395 1080 2438 propter
1111 2398 1302 2424 amorem
1334 2399 1404 2424 eos
1437 2398 1563 2437 gene-

247 2454 383 2494 raliter
414 2454 659 2495 occidendo.
690 2455 744 2494 Et
774 2464 914 2494 tamen
947 2456 999 2494 ad
1030 2455 1111 2494 hoc
1144 2455 1377 2494 secundum
1411 2468 1561 2494 consu-

247 2523 374 2562 limus
420 2537 468 2562 ex
511 2523 591 2562 isto
638 2523 777 2562 colore
821 2525 938 2576 quod
981 2533 1119 2576 potest
1150 2523 1237 2563 fieri
1270 2523 1481 2563 meritorie
1520 2523 1562 2562 in

251 2606 347 2632 casu
392 2592 583 2645 possibili
627 2593 768 2646 quoad
801 2592 940 2633 Deum
984 2602 1023 2632 et
1069 2593 1393 2646 possibilitatem
1438 2592 1564 2645 primi

303 2784 328 2813 5.
350 2786 378 2813 A
399 2785 429 2812 in
451 2793 565 2820 marg.:
595 2784 837 2813 Condicionalis.
980 2793 1021 2819 14.
1051 2785 1091 2813 ss:
1133 2789 1266 2814 urerent.
1408 2785 1455 2814 28.
1484 2786 1506 2813 B
1533 2787 1564 2814 in

252 2839 368 2866 marg-z
403 2831 535 2859 Inferius
563 2836 635 2859 nota
662 2837 779 2859 textum
807 2831 966 2869 Jeronymi
991 2832 1065 2859 satis
1093 2836 1283 2868 pugnantem
1317 2840 1373 2868 pro
1406 2832 1566 2860 ablacione

255 2879 483 2913 temporalium.
627 2877 672 2905 30.
697 2878 718 2905 Β
739 2878 769 2905 in
791 2886 906 2913 marg:
928 2878 1009 2906 Nota
1044 2878 1120 2906 bene
1141 2879 1248 2906 ambas
1269 2879 1465 2914 columpnas.
