2051 3273
233 221 323 250 CAP.
345 210 430 268 xic]
732 222 792 253 DE
818 222 1056 254 EchEsm.
1755 211 1837 262 489

82 341 117 374 P
143 340 218 384 196⁸
233 336 271 369 et
303 328 438 376 modo,
468 327 604 381 inquit
631 328 909 380 Augustinus,
939 327 980 366 in
1004 331 1265 379 paupertate
1299 325 1476 364 vivimus
1513 331 1552 363 et

231 412 327 439 cum
360 398 571 438 morimur
598 397 639 436 in
665 402 923 449 paupertate
945 395 1198 443 dormimus,
1221 393 1297 434 secl
1316 407 1550 447 surgemus

233 475 272 509 et
301 481 397 509 vere
429 467 670 507 ditabimur.
724 467 845 506 Unde
891 465 989 519 quia
1032 479 1126 518 pars
1171 463 1439 504 beatitudinis
1491 472 1552 503 est

192 550 427 583 2verorum
473 537 686 575 bonorum
727 535 951 588 possessio,
996 535 1092 573 ideo
1138 534 1323 574 secundo
1362 533 1553 573 subditur

201 621 217 652 5
232 607 275 646 in
297 606 545 660 preconium
568 605 692 645 huius
716 605 879 645 matris:
911 605 1155 658 Multefilie
1176 609 1553 657 congregaverunt
1613 613 1796 685 ἕιῗὲεῗῃὲἕᾶ

234 677 419 725 divicias,
464 682 508 715 tu
550 688 836 728 supergressa
875 688 918 715 es
967 675 1201 714 universas.
1255 674 1365 712 Nam
1410 672 1549 712 omnia
1579 684 1830 746 Ῑῖιιυὲὲῗὲζῇοενῑῄ

1614 727 1628 745 e
1728 728 1733 731 .

236 745 485 799 temporalia
516 754 732 784 transeunt
765 753 804 784 et
837 744 1051 797 decipiunt
1085 757 1365 798 quoscunque
1399 742 1470 796 qui
1509 757 1555 782 ea
1592 753 1662 780 who
1684 761 1735 780 are
1754 758 1824 780 out-

237 816 606 869 preponderanter
638 815 830 868 diligunt.
862 815 959 853 Ideo
982 814 1154 853 Matthei
1177 814 1267 866 V10‚
1310 826 1354 861 19
1389 812 1555 853 dicitur:
1586 788 1823 864 Wgergdslyointehng‘

239 886 376 926 Nolite
398 885 690 938 thesaurizare
711 884 824 924 vohis
859 885 1082 924 thesauros
1107 884 1147 923 in
1172 890 1302 932 terra,
1327 883 1397 922 ubi
1418 895 1554 936 erugo
1640 858 1775 886 church.

182 978 221 1001 10
237 963 276 996 et
307 957 418 996 tinea
448 954 678 994 demolitur
711 961 749 994 et
783 954 1005 1008 ubifures
1032 953 1238 1007 effbdiunt
1269 953 1553 1006 etfurantur,

236 1026 311 1066 sed
342 1026 625 1079 thesaurizate
655 1025 769 1065 vobis
803 1026 1027 1064 thesauros
1060 1025 1101 1064 in
1135 1025 1245 1073 celo‚·
1276 1032 1315 1063 et
1347 1024 1553 1077 sequitur:

243 1095 321 1134 Ubi
352 1102 414 1135 est
444 1095 553 1135 enim
587 1095 814 1135 thesaurus
847 1101 957 1144 tuus,
998 1094 1053 1133 ibi
1084 1101 1123 1133 et
1153 1107 1227 1133 cor
1266 1100 1399 1133 ticum.
1453 1093 1555 1133 Filie

237 1174 380 1204 autem
413 1173 616 1204 vocantur
649 1165 882 1204 secundum
914 1163 1203 1217 Augustinum
1251 1162 1419 1202 heretici
1460 1177 1552 1215 pre-

238 1234 340 1286 sciti,
374 1243 420 1274 ut
451 1233 629 1273 finaliter
651 1234 701 1273 ab
726 1234 897 1273 ecclesia
928 1233 1178 1273 dividantur.
1213 1233 1322 1272 Inter
1345 1232 1417 1271 has
1450 1231 1554 1271 filias

185 1317 219 1349 15
238 1304 429 1356 splendet
452 1304 622 1343 ecclesia
643 1304 750 1343 sicut
771 1303 908 1343 lilium
931 1303 1037 1342 inter
1060 1303 1218 1356 spinas:
1242 1303 1381 1352 Tales,
1405 1302 1554 1356 inquit,

237 1374 359 1426 spine
373 1374 688 1425 habentflorem
704 1374 795 1413 sine
807 1373 991 1426 fruetu;
1017 1386 1116 1412 nam
1137 1372 1357 1411 existentes
1378 1373 1428 1411 ad
1451 1382 1554 1411 tem-

240 1457 318 1496 pus
341 1443 383 1482 in
407 1443 575 1482 ecclesia
598 1443 834 1496 percipiunt
856 1442 1053 1482 fallaciter
1074 1441 1201 1481 fidem
1225 1450 1264 1481 et
1282 1441 1556 1481 ecclesiastica

240 1523 510 1565 sacramenta,
556 1528 605 1554 eo
645 1515 761 1568 quod
794 1514 850 1553 eis
884 1512 1021 1553 deficit
1059 1513 1204 1553 caritas
1248 1520 1554 1553 consummata.

192 1596 226 1636 Q,
298 1584 420 1624 Unde
452 1583 550 1637 quia
582 1584 684 1623 tales
716 1598 890 1637 persepe
919 1584 1166 1623 habundant
1188 1583 1404 1622 mundana
1426 1582 1556 1634 gloria

199 1667 224 1699 3
240 1663 278 1693 et
302 1654 412 1692 fama
435 1653 560 1693 seculi
585 1664 755 1707 propter
774 1653 860 1693 eius
877 1653 1059 1704 divicias,
1083 1653 1177 1692 ideo
1201 1652 1328 1692 tercio
1345 1651 1553 1691 subditur:

239 1723 401 1762 Fallax
433 1724 584 1776 gracia
637 1730 675 1762 et
717 1737 827 1763 vana
865 1723 1165 1776 pulchritudo:
1209 1723 1363 1762 mulier
1406 1722 1556 1761 timens
1574 1765 1598 1791 O
1622 1729 1722 1791 {ltu-s&
1740 1728 1798 1779 3⁰2,
1838 1774 1846 1781 ²

239 1792 454 1833 dominum
488 1793 580 1845 ipsa
606 1793 864 1833 laudabitur.
898 1794 1007 1832 Nam
1030 1792 1165 1846 gracia
1197 1792 1333 1831 laudis
1357 1792 1555 1843 humane,
1585 1773 1726 1827 isudfaim
1750 1772 1846 1827 335²

239 1864 453 1902 mundane
492 1863 622 1915 glorie
660 1864 724 1902 vel
757 1863 930 1902 carnalis
970 1862 1314 1916 concupiscencie
1347 1862 1557 1901 declinant

238 1932 432 1972 homines
457 1946 477 1971 a
500 1933 590 1972 Deo
613 1933 663 1971 ad
689 1933 853 1973 hostem
876 1933 1094 1986 triplicem.
1121 1932 1216 1971 Ideo
1241 1945 1407 1971 necesse
1431 1941 1491 1971 est
1514 1941 1559 1971 ut

184 2015 223 2047 25
240 2002 316 2042 ista
339 2002 390 2042 sit
413 2002 535 2041 fallax
557 2002 704 2055 gracia,
721 2002 819 2056 quia
834 2002 1004 2042 abducit
1019 2017 1040 2041 a
1056 2016 1229 2055 sponso,
1246 2001 1317 2055 qui
1334 2010 1394 2040 est
1408 2002 1558 2054 plenus

241 2072 375 2125 gracie
392 2081 431 2111 et
447 2071 642 2111 veritatis.
661 2073 778 2111 Vana
801 2072 933 2112 eciam
947 2082 1007 2112 est
1022 2072 1290 2125 pulchritudo
1307 2084 1559 2124 quecunque

241 2141 457 2193 sensibilis,
482 2155 579 2181 curn
601 2155 688 2180 non
711 2141 763 2181 sit
785 2142 1056 2195 pulchritudo
1080 2141 1159 2180 nisi
1181 2150 1352 2194 propter
1380 2154 1558 2194 propor-

243 2211 448 2250 cionalem
471 2224 697 2250 numerum
721 2211 1007 2251 insensibilem
1037 2211 1282 2262 increatum,
1313 2211 1352 2249 in
1383 2225 1469 2264 quo
1501 2219 1561 2251 est

242 2280 379 2333 primo
402 2295 476 2333 per
491 2294 532 2319 se
549 2290 587 2320 et
602 2281 770 2334 proprie
786 2281 1056 2334 pulchritudo
1074 2280 1138 2336 (ut
1156 2289 1268 2333 patet
1284 2294 1372 2333 cap.
1389 2278 1559 2335 Multe).

186 2362 228 2394 30
244 2350 340 2389 Ideo
364 2350 573 2403 signanter
595 2350 745 2390 dicitur
766 2350 924 2390 vanitas
944 2351 1035 2390 talis
1060 2349 1330 2403 pulchritudo
1356 2349 1560 2389 sensibilis

243 2412 283 2459 et
307 2420 524 2472 potissime
545 2420 799 2472 temporalis,
824 2421 944 2460 Unde
968 2429 1102 2459 rectus
1126 2428 1164 2458 et
1186 2433 1258 2472 per
1280 2433 1321 2458 se
1354 2420 1458 2459 ordo
1481 2419 1559 2458 ini-

243 2490 377 2529 ciandi
409 2489 627 2529 materiam
658 2504 751 2529 vere
781 2490 916 2529 laudis
948 2499 1008 2529 est
1038 2490 1165 2529 timor
1197 2489 1378 2541 domini,
1401 2503 1449 2528 ex
1480 2489 1561 2528 hoc

296 2621 315 2641 1.
338 2614 376 2641 13:
398 2614 494 2641 eciam
516 2613 621 2641 modo.
778 2623 803 2643 2.
832 2614 865 2641 In
892 2614 1000 2642 codd.:
1037 2613 1261 2647 dormivimus;
1294 2615 1412 2641 correxi
1433 2621 1449 2641 e
1477 2617 1560 2641 textu

241 2661 324 2695 Aug.
469 2660 497 2688 6.
524 2661 569 2687 A:
598 2660 752 2688 universa.
867 2660 913 2688 26.
936 2660 978 2688 B:
999 2661 1068 2689 Una
1088 2660 1197 2688 eciam.
1328 2659 1374 2688 30.
1395 2660 1429 2687 In
1450 2659 1559 2687 codd.:

243 2709 276 2733 ut
295 2709 378 2741 patet
397 2706 426 2733 6.
449 2705 554 2733 Multe.

306 2798 333 2820 1.
368 2790 456 2830 Aug.
489 2789 509 2821 l.
541 2799 569 2821 c.
600 2799 679 2831 pag.
719 2801 790 2832 ¹9¹·
939 2801 992 2834 29.
1031 2790 1131 2822 Decr.
1171 2800 1238 2822 sec.
1263 2800 1353 2832 pars,
1395 2799 1499 2821 causa
1535 2790 1558 2829 Ι,

244 2856 277 2888 q.
304 2846 328 2884 I,
358 2856 431 2889 cap.
456 2846 641 2879 XXXVIII.
