2051 3273
204 252 292 280 CAP.
313 241 410 299 xm]
690 255 748 286 DE
776 254 1009 287 ECCLESIA.

55 360 320 414 B189db0niS
366 360 449 399 Dei
492 359 705 412 operibus,
757 360 818 398 sic
862 365 1035 398 econtra
1080 359 1199 398 Deus
1244 358 1345 398 bene
1384 359 1517 398 utitur

204 430 327 469 malis
366 429 564 482 operibus
603 429 860 480 iniquorum.
895 428 948 467 Et
979 429 1179 480 ponendo
1212 429 1345 467 multa
1377 442 1514 467 exem—

201 499 271 552 pla
321 498 688 538 conclusionaliter
741 498 797 537 sic
851 497 1083 537 concludit:
1154 497 1359 537 Omnibus
1411 512 1515 551 ergo

201 569 318 608 bonis
351 569 446 617 Dei,
481 582 531 607 ne
566 581 650 621 per
680 568 857 621 singula
890 580 1067 607 currere
1100 568 1274 620 longum
1307 568 1373 619 sit,
1406 569 1517 607 male

169 639 336 679 5utitur
383 639 538 678 malus.
583 638 636 677 Et
678 637 774 676 hinc
822 650 918 689 sepe
963 636 1044 676 dixi
1089 639 1206 690 quod
1259 637 1435 677 existens
1473 638 1515 676 in

200 707 366 747 mortali
412 707 610 747 continue
654 706 838 746 abutitur
877 706 999 746 bonis
1038 706 1128 758 Dei,
1174 716 1211 746 et
1254 721 1327 760 per
1369 721 1514 747 conse-

201 791 346 831 quens,
386 777 586 830 quicquid
619 776 674 815 sic
709 776 848 816 fecerit
886 785 1029 829 peccat
1061 777 1310 829 mortaliter3
1347 786 1516 816 econtra

201 848 251 886 de
282 846 421 886 malis:
474 847 599 886 malis
643 847 871 894 malorum,
920 846 1059 899 inquit
1090 847 1368 899 AugustinuS,
1414 847 1516 886 hene

202 917 335 956 utitur
374 917 519 956 honus.
565 915 619 954 Et
653 916 754 968 quid
786 923 869 955 tam
903 916 1073 964 honum,
1109 924 1154 955 ut
1185 917 1319 965 Deus,
1353 916 1403 955 de
1434 930 1515 968 quo

148 1005 185 1026 10
200 987 345 1025 Marci
374 986 449 1033 XO,
485 983 538 1023 Ιὸ)
568 985 740 1025 dicitur:
767 986 899 1025 Nemo
933 986 1067 1025 bonus
1103 987 1183 1025 nisi
1212 987 1331 1025 solus
1364 987 1517 1026 Deus?

205 1056 373 1104 Quanto
418 1069 523 1109 ergo
567 1056 637 1095 ille
681 1056 830 1095 melior
863 1062 979 1094 tanto
1019 1057 1170 1096 melius
1220 1057 1354 1096 utitur
1391 1058 1515 1097 malis

202 1127 369 1165 nostris.
421 1126 532 1174 Quid
575 1123 684 1164 Iuda
721 1126 846 1177 peius
880 1126 989 1164 inter
1027 1126 1240 1178 apostolos
1284 1127 1353 1165 cui
1391 1128 1518 1166 loculi

203 1196 416 1236 commissi
457 1203 559 1235 sunt
602 1202 641 1235 et
684 1195 949 1248 dispensacio
976 1209 1221 1248 pauperum
1261 1196 1519 1236 distributa?

203 1266 285 1305 Sed
329 1266 427 1318 quia
472 1266 670 1318 ingratus
705 1271 820 1304 tanto
854 1265 1049 1318 beneficio
1083 1272 1121 1304 et
1158 1266 1310 1304 honori
1358 1267 1519 1319 accepit

148 1335 440 1388 15pecziniam‚
457 1334 645 1388 perdidit
675 1335 909 1375 iusticiam:
934 1342 1130 1375 mortuiis
1164 1335 1339 1375 tradidit
1369 1336 1519 1385 7›itam;

200 1418 324 1457 quem
371 1411 416 1444 ut
459 1405 693 1457 discipulus
737 1411 924 1456 secutus,
966 1411 1010 1443 ut
1041 1405 1236 1445 inimicus
1261 1413 1517 1458 persecutus

201 1481 286 1523 est;
319 1481 401 1513 toto
434 1475 511 1513 lioc
543 1476 655 1513 malo
682 1475 787 1514 Iztde
820 1475 923 1514 benc
957 1488 1060 1514 usus
1093 1482 1155 1514 est
1187 1475 1397 1526 dominiis,
1421 1489 1515 1515 cum

195 1544 443 1597 prodicione
494 1545 582 1584 eius
630 1544 895 1597 dampnabili
938 1558 1014 1584 nos
1066 1545 1253 1584 redemit.
1301 1545 1366 1585 Sic
1419 1559 1516 1598 ergo

203 1614 349 1653 habuit
394 1615 515 1653 Iudas
553 1613 743 1653 officium
787 1614 829 1653 in
875 1614 1059 1665 ecclesia,
1093 1628 1180 1653 non
1213 1616 1264 1654 de
1296 1615 1378 1665 illa,
1412 1616 1518 1655 sicut

147 1692 361 1723 2ostercus
421 1693 461 1723 et
518 1692 781 1736 apostemata
840 1684 994 1724 habent
1046 1683 1185 1724 officia
1234 1685 1276 1723 in
1327 1685 1516 1725 humano

203 1766 390 1806 corpore,
415 1767 500 1793 non
524 1754 573 1793 de
596 1753 680 1794 illo.
714 1753 858 1802 Modo,
892 1753 1029 1807 inquit
1050 1754 1328 1808 Augustinus,
1362 1769 1516 1808 corpus

206 1822 362 1863 Christi
393 1824 571 1863 mixtum
607 1830 669 1863 est
712 1830 929 1876 tamquam
975 1834 1101 1872 arca‚·
1142 1824 1217 1864 sed
1255 1826 1366 1865 novit
1398 1826 1516 1866 Deus

202 1893 275 1945 qui
315 1900 416 1933 sunt
459 1893 561 1942 eius,
595 1894 705 1932 sicut
742 1900 784 1932 tu
831 1894 939 1933 nosti
969 1893 1070 1946 quid
1102 1895 1294 1942 trituras,
1328 1896 1426 1948 quia
1464 1896 1518 1935 ibi

202 1970 263 2002 est
296 1964 430 2002 latens
470 1976 627 2013 massa,
668 1976 741 2001 nec
779 1964 989 2002 consumit
1020 1964 1240 2003 trituracio
1273 1964 1385 2018 quod
1408 1977 1516 2017 pur-

146 2037 185 2069 25
200 2040 360 2087 gatzcra
394 2039 455 2072 est
484 2033 717 2072 ventilacio.

1719 241 1800 293 443

156 2107 186 2140 G
259 2103 339 2142 Sed
398 2102 620 2142 difficultas
679 2111 739 2142 est
792 2112 935 2142 utrum
987 2103 1088 2142 tales
1140 2104 1303 2156 presciti
1362 2104 1516 2144 habent
1548 2115 1615 2142 The
1635 2115 1786 2150 difficulty

1541 2149 1567 2177 is
1586 2150 1726 2178 whether
1745 2148 1796 2179 tiie

201 2180 451 2211 caracterem
479 2172 650 2222 ordinis,
674 2181 818 2212 utrum
851 2173 931 2212 siut
964 2174 1198 2213 sacerdotes
1232 2174 1417 2226 episcopi
1450 2175 1515 2214 vel
1529 2185 1710 2212 foreknown
1727 2187 1805 2214 have

1585 2218 1732 2256 “Stamp''

201 2242 359 2295 prelati.
394 2242 547 2291 Quoad
586 2242 773 2294 primum
805 2251 865 2281 est
898 2243 1102 2282 dissensio
1135 2242 1241 2282 inter
1273 2244 1432 2283 multos
1465 2245 1514 2282 de
1560 2257 1717 2290 (caracter)
1739 2256 1774 2284 of

202 2311 404 2365 quiditate
456 2312 682 2352 caracteris,
727 2312 871 2365 Aliqui
925 2313 1037 2352 enim
1089 2312 1235 2352 dicunt
1286 2313 1404 2365 quod
1456 2322 1516 2352 est

146 2385 187 2417 30
203 2381 379 2434 qualitas
427 2382 476 2420 de
521 2382 702 2420 secunda
746 2381 882 2434 specie
926 2382 1135 2435 qualitatis
1181 2382 1286 2421 sicut
1318 2383 1516 2422 naturalis

202 2450 408 2503 potencia.
448 2450 532 2490 Alii
569 2459 711 2490 autem
751 2451 896 2491 dicunt
927 2452 1042 2505 quod
1076 2465 1163 2491 non
1196 2461 1257 2492 est
1289 2466 1361 2505 per
1392 2466 1434 2492 se
1472 2453 1514 2491 in

201 2534 349 2573 genere
382 2521 453 2560 sed
485 2534 558 2574 per
589 2521 901 2573 reduccionem‚
934 2521 1041 2561 sicut
1063 2522 1138 2561 alie
1161 2522 1351 2562 veritates
1377 2522 1512 2561 consi-

201 2590 321 2630 miles
365 2599 476 2630 extra
519 2604 665 2643 genus,
709 2591 765 2631 ita
809 2592 926 2644 quod
974 2601 1151 2631 caracter
1195 2592 1246 2632 sit
1290 2592 1512 2645 deputacio

253 2747 280 2774 7.
305 2737 335 2766 8.
364 2738 403 2765 B:
424 2742 531 2765 contra
551 2738 588 2766 de
609 2738 708 2766 bonis.
851 2747 885 2767 ιι.
907 2741 935 2768 Α
954 2742 1011 2775 A1:
1033 2740 1083 2768 ille
1103 2741 1197 2768 deest.
1341 2749 1382 2775 14.
1404 2742 1432 2768 A
1454 2742 1511 2775 A1:

202 2785 255 2812 sed
272 2785 365 2820 quod.
478 2792 521 2812 22.
543 2785 674 2813 Intextu
689 2786 789 2820 Aug:
810 2791 970 2821 tamquam
991 2788 1021 2814 in
1042 2795 1123 2814 area.
1236 2787 1284 2815 26.
1305 2788 1333 2815 A
1348 2787 1378 2814 in
1394 2794 1511 2822 marg.:

201 2831 313 2859 Utrum
343 2833 468 2867 presciti
497 2832 611 2860 habent
636 2837 822 2860 caracterem
849 2833 970 2861 ordinis
999 2832 1204 2869 (Be10w189d
1223 2834 1354 2861 without
1375 2834 1462 2861 mark
1482 2833 1516 2861 of

203 2876 380 2913 reference).
470 2886 515 2915 27.
538 2880 581 2906 A:
603 2883 707 2907 utrum
728 2879 776 2907 sit.
863 2878 906 2909 33.
927 2880 955 2907 A
975 2879 997 2906 B
1019 2879 1049 2908 in
1069 2888 1184 2915 marg:
1206 2880 1278 2916 quid
1301 2884 1346 2908 est
1365 2884 1511 2908 caracter.

1607 2291 1726 2318 orders.
