2051 3273
195 189 273 241 572
916 195 1140 227 JOHANNIS
1167 195 1360 227 WYCLIF.
1557 182 1663 240 [CAP.
1683 192 1794 222 xxm.

479 301 659 352 gandus,
694 301 793 353 quia
827 310 927 339 tunc
963 300 1100 339 dictus
1125 299 1358 352 Gregorius
1391 314 1474 339 non
1499 299 1607 339 foret
1630 301 1791 353 precise
1809 310 1942 344 206⁵N

480 379 595 409 tante
645 370 868 422 potestatis
917 379 1075 422 quante
1122 369 1231 409 foret
1275 383 1384 422 papa
1431 370 1536 408 alius
1587 379 1684 422 post
1728 371 1794 410 vel

480 449 590 489 ante,
637 453 783 492 ymmo
841 452 923 478 non
976 439 1137 490 precise
1191 447 1305 478 tante
1360 439 1584 491 potestatis
1636 449 1794 492 quante

479 509 658 560 ipsemet
707 508 826 559 foret,
872 508 969 560 quia
1004 521 1088 546 non
1122 508 1232 547 foret
1267 508 1365 547 dare
1399 509 1440 547 in
1475 522 1525 547 eo
1565 508 1794 547 maximam

479 587 735 630 potestatem
782 591 857 617 nec
910 577 1094 630 aliquam
1146 577 1370 629 parcialem
1427 586 1683 630 potestatem
1730 578 1827 633 (ut5

480 656 597 700 patet
643 647 684 686 in
731 647 905 686 materia
942 647 1004 685 De
1039 647 1225 685 Maximo
1260 656 1299 686 et
1335 644 1545 702 Minimo).
1590 647 1794 687 Admisso

193 727 266 789 Wffi}
283 725 580 795 {fflffssssfergo
627 731 724 756 casu
764 717 934 757 videtur
972 718 1087 771 quod
1123 731 1270 756 omnes
1306 717 1479 769 spiritus
1511 717 1795 756 liberarentur

211 797 309 831 might
330 801 447 823 restore
480 787 530 825 de
564 786 730 825 inferno
764 796 804 827 et
836 788 1102 839 purgatorio,
1139 797 1179 827 et
1211 800 1359 826 omnes
1394 787 1556 826 viantes
1592 785 1730 826 forent
1753 786 1794 825 in

189 833 240 859 the
260 831 374 866 g01den
395 839 463 866 age.
481 857 619 910 gracia
658 856 794 896 finalis
833 858 1153 910 perseverancie
1188 855 1439 897 confirmati.
1475 857 1583 896 Nam
1625 856 1794 895 thesau-

482 941 551 966 rus
576 927 747 967 ecclesie
786 928 904 966 cuius
928 927 1089 980 accepit
1122 927 1290 976 plenam
1320 926 1689 980 dispensacionem
1733 934 1795 965 est
1815 949 1854 971 10

481 996 697 1037 infinitum
727 997 821 1049 plus
853 998 989 1036 bonus
1020 1010 1150 1050 quarn
1183 997 1353 1036 habitus
1386 997 1465 1036 sibi
1489 996 1711 1048 oppositus
1736 1005 1797 1035 est

482 1067 634 1118 malus,
667 1075 707 1106 et
740 1067 947 1106 limitatur
980 1067 1216 1107 secundum
1255 1067 1321 1105 sui
1360 1067 1559 1106 ultimum
1593 1066 1645 1105 ad
1672 1079 1798 1118 agen·

483 1137 606 1188 dum;
631 1150 730 1189 ergo
753 1137 1016 1189 extingueret
1034 1143 1175 1177 totum
1195 1137 1368 1176 malurn.
1398 1136 1505 1185 Quis
1523 1149 1623 1188 ergo
1649 1149 1796 1188 argue-

483 1217 545 1247 ret
570 1208 695 1247 talem
729 1221 883 1260 papam
911 1208 960 1247 de
990 1208 1283 1260 imprudencia
1307 1207 1380 1261 qui
1404 1208 1640 1247 destrueret
1664 1215 1798 1246 totam

483 1277 632 1316 mundi
665 1278 892 1329 maliciam,
927 1278 1190 1317 restituendo
1224 1278 1413 1317 seculum
1448 1290 1640 1329 aureum,
1678 1285 1724 1315 ut
1756 1276 1797 1315 in
1818 1286 1854 1318 15

483 1355 595 1386 statu
629 1345 900 1387 innocencie?
941 1348 992 1387 Et
1025 1361 1123 1387 cum
1156 1361 1242 1400 quo
1276 1348 1391 1386 Deus
1437 1356 1524 1386 tam
1572 1345 1799 1385 efficaciter

484 1425 755 1456 concurreret
787 1414 1091 1470 approbando?
1126 1417 1386 1456 Excitandus
1420 1430 1520 1468 ergo
1552 1415 1659 1455 foret
1690 1429 1798 1468 papa

483 1487 534 1525 ad
598 1495 683 1525 tam
748 1487 954 1526 instanter
1009 1485 1320 1539 proficiendum
1383 1487 1568 1537 ecclesie,
1623 1487 1656 1525 si
1714 1499 1799 1525 non

484 1554 652 1609 diffidit,
698 1558 771 1596 sed
820 1557 998 1597 confidit
1047 1557 1088 1596 in
1136 1557 1400 1610 plenitudine
1439 1556 1636 1608 potencie
1669 1569 1797 1609 quam

483 1626 708 1678 pretendit.
1816 1645 1857 1666 20

191 1700 467 1735 1fthePopecan
544 1696 662 1748 Item,
708 1696 908 1737 dominus
948 1711 1057 1750 papa
1090 1706 1231 1750 potest
1275 1697 1488 1736 remittere
1527 1695 1798 1735 medietatem

195 1741 467 1806 oetpccpuezeagcgarhte
485 1768 548 1806 vel
572 1767 745 1806 terciam
769 1777 935 1820 partem
960 1768 1095 1807 tocius
1125 1767 1365 1820 penitencie
1388 1776 1462 1805 aut
1495 1778 1800 1820 quamcunque

193 1812 251 1832 can
278 1813 390 1832 excuse
417 1807 648 1890 altpartem
707 1838 795 1877 eius
846 1838 1079 1891 aliquotam
1126 1835 1192 1892 (ut
1248 1837 1349 1876 dicit
1407 1837 1486 1875 ista
1539 1834 1702 1888 posicio
1761 1844 1800 1874 et

483 1907 728 1959 perdoniste
772 1905 1065 1960 preconizant)
1098 1907 1138 1946 in
1174 1907 1322 1960 patria,
1368 1906 1440 1945 sed
1480 1905 1513 1944 si
1546 1905 1626 1943 hoc
1659 1912 1800 1957 potest

484 1986 584 2016 tunc
628 1987 768 2029 potest
809 1978 982 2017 totalem
1027 1977 1309 2030 penitenciam
1351 1976 1527 2015 omnino
1566 1974 1855 2023 remittere‚25

484 2057 523 2087 et
557 2049 665 2087 sicut
698 2048 748 2087 de
782 2061 865 2086 una
898 2061 1094 2100 persona,
1137 2048 1195 2088 sic
1229 2047 1279 2085 de
1314 2046 1433 2086 totali
1467 2044 1664 2095 ecclesia;
1699 2057 1798 2096 ergo

483 2127 623 2172 potest
667 2131 913 2171 preservare
959 2118 1134 2156 totalem
1180 2116 1399 2156 ecclesiam
1439 2115 1491 2154 ab
1531 2114 1647 2153 omni
1691 2126 1798 2166 pena

484 2190 720 2244 purgatorii
765 2189 829 2227 vel
872 2187 1038 2227 inferni.
1093 2187 1172 2226 Hic
1216 2186 1362 2225 dicunt
1414 2184 1637 2224 decretiste
1682 2196 1797 2223 com-

484 2261 671 2300 muniter
693 2259 808 2313 quod
831 2272 941 2311 papa
975 2271 1059 2297 non
1088 2257 1269 2296 remittit
1292 2255 1540 2308 regulariter
1563 2254 1796 2294 secundum

484 2340 648 2384 partem
683 2338 887 2383 quantam
927 2329 997 2367 sed
1032 2337 1224 2381 quotam,
1259 2335 1306 2365 ut
1340 2325 1455 2376 tetigi
1489 2338 1564 2377 per
1597 2323 1797 2362 Hostien-
1814 2329 1857 2361 30

484 2415 570 2440 sem
624 2399 818 2452 superius
871 2409 910 2438 et
963 2399 1111 2438 recitat
1156 2398 1295 2449 glossa
1340 2396 1381 2435 in
1430 2394 1623 2445 decretis,
1665 2392 1796 2445 xlm,

485 2487 524 2526 q.
559 2472 627 2522 Ila,
662 2483 789 2521 super
828 2468 1014 2521 capitulo
1053 2468 1258 2519 Tempus;
1290 2476 1329 2505 et
1363 2466 1440 2505 ista
1474 2464 1586 2504 scola
1631 2463 1798 2502 videtur

538 2608 564 2636 8.
587 2609 675 2643 AAI:
698 2607 797 2635 forent
810 2614 931 2641 magna.
1006 2606 1042 2635 13.
1064 2605 1160 2640 Quis;
1181 2605 1297 2633 codd.:
1319 2604 1401 2640 quia.
1476 2611 1515 2638 ¹7-
1529 2602 1733 2638 approbando
1745 2602 1798 2637 (?);

485 2681 512 2706 A
535 2679 572 2706 B:
594 2663 729 2714 apdiido.
873 2675 919 2703 28.
939 2676 967 2704 A
988 2675 1009 2702 B
1031 2676 1061 2702 in
1082 2683 1198 2709 marg.:
1219 2674 1392 2710 Responsio
1414 2673 1659 2701 decretistarum.

545 2820 597 2852 31.
626 2819 678 2850 32.
707 2819 839 2850 Decreti
868 2827 935 2849 sec.
961 2827 1053 2860 pars,
1079 2826 1181 2849 causa
1206 2816 1293 2856 XIII,
1318 2825 1352 2859 q.
1383 2816 1422 2855 11,
1450 2825 1523 2857 cap.
1552 2814 1671 2846 XXIII.
