2051 3343
187 223 242 261 42

235 335 413 371 Objection:

188 371 237 398 All
267 375 389 405 respect
413 369 463 397 for

239 406 290 432 the
311 406 415 439 clergy

204 440 308 467 would
333 439 447 475 perish.

240 1379 425 1407 Distmction

194 1416 332 1443 between
346 1413 469 1452 explicit

228 1450 288 1478 and
304 1450 434 1484 implicit

290 1484 375 1512 saith.

894 212 1120 246 JOHANNIS
1146 211 1341 243 WYCLtF.
1636 192 1794 252 [eman.

535 321 730 361 Secundo
763 318 1045 372 principaliter
1088 316 1266 356 obicitur
1310 329 1382 368 per
1423 315 1504 354 hoc
1536 315 1652 368 quod
1682 315 1948 356 iuxta133²¹N

477 391 760 444 supradictam
792 387 1049 428 sentenciam
1074 386 1215 426 nullus
1247 386 1377 425 laicus
1400 393 1610 424 teneretur
1632 385 1796 424 credere

478 462 527 500 de
560 460 775 500 sacerdote
804 471 896 509 suo,
929 464 1076 496 curato
1107 456 1192 495 sive
1216 455 1416 508 episcopo
1449 455 1567 508 quod
1588 454 1640 494 sit
1663 468 1797 494 mem-

478 531 601 570 brum
634 528 804 569 ecclesie
836 527 901 567 vel
932 540 1025 565 vere
1056 526 1216 565 habens
1260 538 1417 564 nomen
1449 524 1541 563 talis
1585 523 1726 576 officii⁷
1759 533 1799 564 et

478 600 629 653 periret
673 597 812 638 omnis
835 649 837 652 Ι
862 596 1002 636 honor
1052 595 1364 648 impendendus
1411 593 1581 647 prelatis
1619 602 1658 633 et
1695 593 1831 634 fides5

478 668 627 722 populi
657 667 832 718 laicalis3
871 665 1005 704 immo
1051 665 1192 704 nullus
1223 664 1359 703 viator
1389 671 1598 703 teneretur
1631 663 1795 703 credere

478 740 672 779 Romane
717 736 887 776 ecclesie
930 735 972 774 in
1018 734 1307 774 canonizando
1341 742 1506 773 sanctos
1545 734 1595 772 de
1628 732 1798 785 privatis

479 807 704 862 provinciis
738 815 777 845 et
811 805 1009 845 titubaret
1044 804 1180 844 cultus
1211 803 1381 842 ecclesie
1410 803 1453 841 in
1482 802 1800 842 solemnizando

480 879 584 918 festa
616 886 655 917 et
686 876 882 929 reliquias
916 883 1173 913 sanctorum.

538 948 619 987 Sed
658 954 820 986 constat
859 959 907 984 ex
944 944 1064 984 dictis
1103 944 1218 997 quod
1256 951 1454 982 neutrum
1497 942 1697 996 sequitur,
1730 942 1859 981 sed1o

481 1018 569 1057 eius
601 1015 869 1069 oppositum3
902 1028 979 1067 pro
1013 1027 1098 1067 quo
1131 1013 1371 1052 notandum
1402 1012 1519 1065 quod
1551 1011 1655 1051 fides
1687 1024 1800 1050 nunc

481 1087 662 1127 sumitur
708 1099 785 1138 pro
833 1094 928 1124 actu
976 1083 1171 1123 credendi
1215 1096 1302 1136 quo
1348 1082 1539 1133 creditur,
1580 1094 1692 1120 nunc
1725 1094 1802 1134 pro

480 1157 625 1197 habitu
650 1156 844 1196 credendi
866 1168 940 1208 per
961 1167 1090 1208 quem
1113 1152 1305 1203 creditur⁷
1335 1161 1375 1192 et
1397 1165 1509 1191 nunc
1532 1164 1609 1204 pro
1631 1151 1802 1190 veritate

481 1242 564 1282 que
596 1227 789 1278 creditur,
821 1235 868 1265 ut
901 1226 1022 1264 docet
1053 1223 1318 1277 Augustinus
1350 1223 1480 1274 X1110,
1512 1223 1574 1261 De
1597 1221 1802 1261 Trinitate

484 1297 668 1351 capitulo
701 1297 756 1336 ΙΙΟ
789 1305 829 1336 et
861 1296 948 1335 1110.
1821 1295 1857 1327 15

541 1367 735 1408 Secundo
788 1364 1028 1405 notandum
1071 1363 1187 1417 quod
1238 1362 1318 1402 alia
1362 1370 1423 1401 est
1467 1360 1571 1400 fides
1616 1375 1697 1414 que
1742 1369 1803 1401 est

485 1437 704 1478 credulitas
744 1435 877 1475 fidelis
922 1433 1114 1487 explicita
1153 1442 1192 1472 et
1237 1432 1316 1471 alia
1352 1431 1455 1471 fides
1498 1431 1715 1483 implicita,
1755 1440 1802 1471 ut

483 1507 713 1548 catholicus
751 1506 909 1545 habens
952 1503 1144 1543 habitum
1181 1502 1277 1542 fidei
1320 1501 1511 1541 infusum
1551 1500 1616 1540 vel
1659 1499 1802 1553 acqui-

483 1578 613 1617 situm
636 1576 827 1629 explicite
850 1574 979 1615 credit
1002 1573 1219 1613 ecclesiam
1241 1571 1491 1611 catholicam
1511 1570 1554 1609 in
1570 1569 1803 1621 communi,

483 1656 524 1688 et
554 1647 597 1686 in
628 1647 698 1685 illa
729 1645 811 1685 fide
857 1643 1077 1684 communi
1122 1642 1251 1682 credit
1294 1640 1496 1693 implicite
1528 1640 1593 1680 vel
1630 1638 1805 1679 confuse
1820 1653 1862 1675 20

484 1718 771 1771 quodcunque
815 1714 1023 1768 singulare
1065 1721 1314 1752 contentum
1364 1711 1441 1750 sub
1487 1719 1628 1750 sancta
1671 1718 1803 1748 matre

486 1787 671 1837 ecclesia,
717 1786 823 1826 sicut
869 1783 994 1837 logici
1038 1796 1132 1822 vere
1179 1781 1325 1821 dicunt
1370 1781 1485 1834 quod
1530 1780 1699 1820 sciendo
1733 1793 1806 1818 ens

488 1870 577 1897 esse
608 1857 651 1895 in
683 1869 760 1895 suo
793 1855 972 1907 analogo
1006 1853 1144 1892 sciunt
1171 1851 1316 1891 omnia
1348 1859 1387 1890 et
1419 1850 1582 1903 singula
1613 1850 1656 1889 in
1689 1863 1805 1889 com-

488 1927 620 1967 muni.
673 1926 739 1966 Sic
788 1924 852 1979 (ut
896 1937 995 1976 sepe
1047 1921 1148 1977 dixi)
1194 1921 1228 1960 si
1273 1920 1515 1974 quicunque
1560 1919 1807 1959 christianus

490 1996 678 2038 habuerit
709 1995 838 2035 fidem
871 1994 1037 2034 caritate
1078 1992 1303 2031 formatam
1345 1990 1388 2029 in
1430 1999 1807 2043 quantumcunque
1824 1992 1863 2025 25

490 2065 722 2116 communi,
739 2063 892 2104 sufficit
907 2077 1004 2103 cum
1017 2063 1168 2102 virtute
1182 2064 1206 2087 ÷÷
1222 2060 1530 2113 perseverancie
1545 2060 1595 2098 ad
1615 2060 1806 2099 salutem.
1826 2062 1905 2103 134²

488 2137 601 2176 Deus
634 2135 747 2174 enim
780 2134 852 2188 qui
884 2133 997 2173 dedit
1041 2133 1220 2186 primam
1251 2130 1380 2170 fidem
1424 2130 1538 2170 dabit
1575 2129 1807 2179 clariorem,

489 2205 567 2245 nisi
599 2204 732 2244 fidelis
764 2212 896 2256 ponat
928 2203 1105 2242 obicem.
1151 2203 1248 2241 Non
1282 2201 1395 2240 enim
1427 2200 1553 2252 exigit
1590 2200 1718 2250 Deus,
1762 2207 1808 2237 ut

489 2288 638 2314 omnes
684 2273 757 2313 filii
797 2273 859 2312 sui
898 2286 976 2325 pro
1009 2272 1127 2311 omni
1162 2270 1349 2310 viacione
1383 2284 1457 2310 sua
1489 2269 1672 2323 cogitent
1705 2281 1805 2308 con-

489 2346 606 2385 tinue
637 2344 679 2383 in
712 2352 806 2383 actu
830 2341 1069 2396 particulari
1101 2342 1151 2381 de
1174 2340 1358 2394 qualibet
1382 2339 1477 2379 fidei
1500 2338 1714 2392 particula,
1738 2337 1808 2377 sed
1823 2341 1866 2374 30

549 2478 569 2497 1.
583 2471 609 2497 A
624 2469 644 2496 B
657 2470 686 2496 in
703 2476 807 2503 marg:
829 2467 973 2496 Secunda
989 2466 1140 2494 obieccio.
1215 2474 1236 2492 1.
1250 2465 1289 2492 ss:
1310 2465 1393 2492 iuxta
1409 2465 1505 2492 deest.
1578 2472 1602 2491 2.
1619 2464 1657 2490 13:
1678 2467 1809 2490 tenetur.

491 2525 533 2544 10.
553 2517 582 2544 A
597 2516 619 2543 Β
639 2516 669 2543 in
691 2523 794 2549 marg:
816 2514 1003 2549 Responsio.
1077 2521 1110 2540 ιι.
1127 2514 1153 2539 Α
1176 2512 1206 2539 in
1228 2519 1331 2547 marg:
1352 2510 1457 2538 Fides.
1543 2511 1581 2537 13.
1598 2510 1636 2536 13:
1658 2509 1808 2536 habitum.

491 2572 534 2596 14.
556 2562 577 2588 B
604 2563 635 2589 in
662 2569 767 2595 marg:
804 2560 899 2588 Fides
927 2559 1059 2587 sumitur
1084 2558 1247 2594 tripliciter
1273 2558 1446 2585 secundum
1476 2556 1695 2592 Augustinum.
1726 2555 1809 2582 ibid:

491 2608 696 2643 Augustinus.
770 2607 811 2634 16.
834 2607 871 2634 B:
893 2606 1040 2635 Secundo
1061 2606 1158 2633 deest.
1242 2613 1281 2640 17.
1302 2604 1435 2639 Fidelis;
1456 2604 1523 2631 Hus
1544 2602 1643 2630 addit:
1665 2601 1808 2629 hominis.

492 2657 520 2683 A
540 2656 570 2682 in
592 2663 694 2689 marg:
715 2654 803 2682 Fidei
823 2653 997 2681 distinccio.
1025 2652 1123 2680 Ibid.:
1146 2651 1238 2679 Fides
1260 2652 1297 2679 de
1318 2651 1448 2678 ecclesia
1468 2650 1620 2677 catholica
1640 2656 1710 2676 cum
1732 2648 1810 2675 cari-

491 2707 553 2730 tate
581 2701 694 2729 sufficit
722 2701 759 2728 ad
787 2701 918 2728 salutem
946 2700 1031 2734 (both
1058 2700 1143 2727 tliese
1171 2701 1291 2735 glosses
1319 2698 1419 2725 below
1446 2695 1506 2725 133³
1524 2695 1653 2723 without
1674 2695 1760 2722 mark
1781 2698 1813 2721 ot

493 2748 672 2782 reference).
761 2755 801 2774 21.
823 2746 860 2773 B:
882 2746 1047 2783 singulare.

558 2854 604 2884 ¹4·
631 2844 724 2885 Opp.
752 2844 896 2884 August.
926 2842 1013 2883 Vlll,
1038 2851 1113 2884 pag,
1145 2851 1222 2884 029.
