2051 3273
207 215 296 243 CAP.
318 205 427 262 xxti]
708 219 765 249 DE
794 219 1025 250 EccrEstfx.
1728 215 1804 254 533

58 331 192 366 L201b
208 323 339 362 multa
374 323 483 362 bona
518 324 567 362 de
601 336 768 375 genere,
803 323 872 361 sed
909 324 1124 362 meritoria
1158 325 1393 364 secundum
1429 339 1520 378 pre-

207 402 366 432 sentem
398 393 623 443 iusticiam,
662 393 828 431 racione
854 393 971 431 cuius
996 393 1145 432 micius
1170 394 1520 446 dampnabuntur

207 471 246 501 et
279 462 449 501 interim
483 462 654 501 ecclesie
688 462 977 503 merebuntur.
1021 463 1101 501 Sed
1139 476 1233 502 cum
1270 473 1432 504 certum
1468 465 1519 504 sit

207 532 322 585 quod
357 533 577 585 dampnati
610 542 723 583 sunt,
773 533 955 585 amplius
1001 546 1122 572 orare
1165 547 1243 586 pro
1287 533 1366 573 illis
1413 532 1521 573 foret

172 602 381 643 50mnin0
415 602 576 653 inutile,
624 615 771 655 ymmo
817 602 959 641 oracio
994 603 1186 642 catholici
1231 617 1314 642 non
1349 613 1409 642 est
1442 617 1518 655 pro

203 671 295 722 illis,
332 684 426 709 cum
462 672 723 723 impossibile
767 671 820 710 sit
852 671 984 723 ipsam
1022 672 1099 710 illis
1145 670 1372 724 proficere3
1418 686 1515 712 con-

203 741 379 779 tendens
413 754 512 779 vero
546 741 659 793 quod
695 741 783 793 ipse
816 749 908 779 orat
949 754 1027 794 pro
1071 742 1140 780 tali
1175 751 1345 781 mortuo
1379 751 1518 795 potest

203 808 458 849 mortificare
510 810 753 849 oracionem
804 811 1021 863 propriam
1067 811 1378 852 contendendo.
1432 812 1518 851 Nec

204 880 414 919 contendo
449 889 594 918 contra
631 880 847 918 volentem
888 879 1112 919 defendere
1146 881 1261 933 quod
1294 881 1390 920 licet
1421 895 1516 934 par-

150 949 434 988 xoticulariter
481 963 601 988 orare
646 963 723 1002 pro
771 950 1016 1002 dampnato,
1063 950 1163 988 dum
1201 960 1339 989 tamen
1375 960 1518 990 orator

201 1017 281 1057 hoc
314 1019 584 1071 ignoraverit,
633 1019 730 1072 quia
779 1020 869 1058 talis
917 1020 1058 1058 oracio
1104 1020 1271 1058 nonnisi
1314 1020 1517 1072 equivoce

203 1099 264 1129 est
299 1103 377 1142 pro
410 1089 494 1140 illo,
530 1089 601 1128 sed
634 1088 857 1128 intendens
893 1090 1006 1141 quod
1042 1090 1095 1127 sit
1126 1102 1204 1142 pro
1238 1089 1308 1128 illo
1343 1089 1518 1128 faciliter

202 1169 388 1199 meretur
410 1159 598 1209 veniam;
632 1172 705 1198 nec
740 1159 849 1197 valet
883 1159 1169 1198 iuramentum
1203 1159 1396 1209 oratoris,
1430 1172 1516 1211 quo

105 1230 360 1281 201⁰obligat
401 1243 442 1268 se
477 1229 526 1267 ad
573 1229 781 1267 orandum
830 1229 1034 1268 annaliter
1080 1229 1370 1281 temporaliter
1392 1227 1414 1251 ἦ
1438 1242 1515 1281 pro
1537 1239 1663 1276 Prayers
1684 1240 1795 1269 should

1531 1275 1567 1302 be
1577 1275 1641 1302 said
1651 1276 1805 1309 generallv

147 1298 418 1349 15defuncto,
469 1300 538 1337 sed
587 1299 710 1337 amici
755 1298 939 1337 defuncti
978 1299 1133 1338 debent
1167 1309 1365 1351 appetere
1399 1298 1513 1351 quod
1530 1308 1803 1379 fgflrtgsscfg'uignhh

201 1369 449 1420 generaliter
481 1379 626 1408 oretur
658 1381 734 1420 pro
759 1369 938 1408 mortuis
972 1369 1013 1407 in
1048 1369 1313 1421 purgatorio,
1348 1378 1386 1406 et
1421 1368 1532 1418 talis·
1574 1380 1760 1418 thespeciai

201 1439 341 1478 oracio
372 1447 539 1477 tantum
562 1438 626 1477 vel
659 1439 752 1491 plus
775 1438 853 1477 sibi
879 1439 986 1477 valet
1012 1439 1118 1477 sicut
1142 1438 1282 1476 oracio
1306 1415 1804 1490 specialis,¹1¹iii>¹iit¹⁰nnolie⁰slssld

200 1509 423 1560 supposito
469 1508 583 1560 quod
631 1508 683 1546 sit
728 1507 804 1557 ibi;
860 1517 899 1546 et
946 1507 1058 1545 nulla
1104 1507 1246 1545 oracio
1288 1507 1395 1545 valet
1435 1506 1513 1545 sibi

201 1577 436 1616 dummodo
470 1578 521 1616 sit
555 1577 824 1629 dampnatus.
854 1576 951 1615 ldeo
986 1576 1199 1629 utrimque
1234 1589 1315 1614 non
1351 1577 1511 1615 medio-

142 1647 325 1687 2ocriter
368 1656 544 1699 peccant
591 1648 663 1700 qui
712 1646 891 1685 errando
952 1655 1217 1699 postponunt
1272 1646 1419 1685 melius
1472 1655 1511 1685 et

200 1717 358 1765 eligunt
403 1717 543 1756 minus
593 1717 771 1755 bonurn.
818 1716 1002 1764 Quando
1050 1729 1149 1768 ergo
1195 1715 1352 1755 dicitur
1397 1716 1511 1768 quod

200 1795 344 1825 oratur
391 1800 467 1839 pro
517 1787 763 1838 dampnato,
810 1785 1057 1837 intelligitur
1097 1786 1212 1838 quod
1246 1785 1514 1838 pretenditur

199 1868 318 1893 orare
351 1869 426 1908 pro
460 1869 523 1907 eo,
559 1856 673 1908 quod
707 1855 754 1895 fit
788 1868 899 1894 nunc
931 1856 1043 1894 licite
1077 1864 1115 1894 et
1150 1868 1261 1894 nunc
1296 1855 1417 1895 male.

258 1925 321 1962 Ad
367 1926 602 1964 secundum
649 1924 1022 1964 confirmacionem
1070 1925 1249 1964 admitto
1299 1924 1510 1963 cronicam
1585 1937 1630 1963 As
1652 1942 1680 1963 10
1702 1937 1749 1964 the

1483 1993 1490 1999 .
1542 1971 1681 2006 example
1702 1972 1713 1998 1
1735 1980 1789 2008 say

144 1996 182 2029 25
201 2003 238 2033 et
262 1994 355 2032 dico
380 1995 494 2046 quod
519 2008 593 2033 nec
615 1995 760 2033 beatus
780 1995 1008 2045 Gregorius
1034 2007 1108 2033 nec
1132 1995 1245 2033 Deus
1270 1995 1359 2046 ipse
1393 1994 1801 2075 SCivltwaishsstrerissaifssled

1476 2063 1481 2068 .
1703 2050 1715 2068 S

198 2063 430 2103 Traianum
457 2064 580 2103 fuisse
599 2064 875 2115 dampnatum
894 2064 944 2102 ad
960 2077 1111 2116 penam
1130 2072 1394 2115 perpetuam,
1414 2076 1509 2115 quia
1527 2079 1557 2101 to
1586 2076 1622 2114 [qe
1648 2076 1803 2114 saved-by

200 2134 312 2173 Deus
329 2135 567 2173 eternaliter
591 2134 893 2186 predestinavit
916 2134 1148 2172 Traianum
1175 2135 1224 2172 ad
1248 2134 1448 2184 gloriam3
1473 2110 1801 2182 etihgfuiiiggiisrsffn

198 2205 305 2243 sicut
336 2205 575 2244 eternaliter
598 2204 808 2243 ordinavit
834 2217 928 2243 eum
955 2205 1005 2241 ad
1031 2216 1180 2255 penam
1206 2203 1510 2256 purgatoriam,

197 2274 253 2313 sic
288 2274 524 2314 eternaliter
559 2274 769 2313 ordinavit
809 2274 923 2327 quod
968 2273 1177 2313 mediante
1213 2272 1511 2311 intercessione

141 2344 184 2377 30
200 2344 309 2383 beati
335 2343 527 2396 Gregorii
551 2344 797 2396 salvaretur,
826 2345 923 2397 quia
958 2344 1159 2382 debemus
1196 2343 1363 2381 credere
1396 2342 1510 2394 quod

197 2427 272 2452 nec
297 2414 443 2452 beatus
467 2413 696 2466 Gregorius
722 2427 796 2452 nec
821 2415 967 2452 beatus
994 2413 1035 2451 in
1059 2413 1146 2451 celo
1178 2421 1315 2465 potest
1348 2420 1511 2451 mutare

198 2483 389 2522 divinum
424 2483 646 2523 consilium
681 2484 744 2522 vel
776 2497 850 2535 per
884 2496 1025 2535 preces
1062 2492 1225 2521 mutare
1249 2483 1312 2521 vel
1345 2481 1510 2521 flectere

199 2566 322 2592 suum
359 2553 627 2605 propositum
673 2550 739 2606 (ut
779 2552 878 2591 dicit
914 2552 1130 2591 decretum
1165 2552 1273 2591 beati
1308 2551 1510 2590 Jeronimi

252 2745 278 2773 5.
300 2745 326 2774 6.
350 2745 388 2773 B:
411 2753 471 2772 non
493 2753 549 2781 pro
571 2745 640 2772 illis.
760 2753 797 2773 12.
819 2744 935 2772 Codd.:
957 2752 1020 2781 quo
1041 2745 1089 2772 sit.
1227 2753 1274 2779 24.
1294 2745 1322 2773 A
1343 2746 1372 2772 in
1394 2753 1509 2780 marg.:

201 2792 280 2818 Nota
310 2792 348 2818 de
374 2791 507 2819 Traiano
535 2800 625 2826 quem
658 2791 739 2819 Deus
768 2799 820 2826 per
850 2792 1027 2818 oracionem
1050 2791 1193 2826 Gregorii
1223 2793 1259 2819 de
1280 2792 1509 2827 dampnacione

199 2837 347 2865 liberavit.
490 2837 535 2865 28.
556 2839 584 2865 A
605 2837 643 2864 B:
666 2838 708 2865 sic
730 2837 912 2866 eternaliter.
