2051 3273
236 263 324 292 cAPi
345 253 442 311 vm]
747 267 806 298 DE
833 266 1068 298 ECCLESIA.
1768 255 1842 307 ¹73

96 379 128 413 Ο
154 380 230 412 152c
245 371 450 418 celestem,
486 378 530 410 ut
559 371 799 423 quicunque
832 370 1046 410 desiderat
1067 370 1307 422 primatum
1344 371 1556 418 celestem,

242 447 448 492 sequatur
479 440 544 478 hic
575 441 857 480 humilitatem
894 440 1110 488 celestem,·
1142 426 1382 491 quicunque
1418 446 1557 479 autem

244 509 490 549 desiderant
512 510 750 561 primatum
784 512 825 549 in
859 516 980 548 terra
1014 511 1230 549 invenient
1260 508 1557 563 confusionem

226 569 285 618 *in
311 579 413 618 celo.
442 579 576 632 Ergo,
611 579 759 632 inquit,
792 580 877 619 iam
903 592 988 619 non
1018 579 1073 619 sit
1095 580 1206 619 inter
1227 591 1374 619 servos
1397 579 1561 618 Christi

212 649 293 689 5de
311 650 504 701 primatu
528 657 762 698 certamen,
788 663 866 689 nec
884 649 1067 702 festinet
1091 649 1380 702 unusquisque
1410 661 1557 688 eorum

243 719 453 771 quomodo
485 719 571 758 alio
604 720 745 758 maior
776 726 998 771 appareat,
1021 719 1099 759 sed
1129 719 1339 771 quomodo
1364 719 1560 758 omnibus

243 789 425 842 inferior
460 789 671 829 videatur.
701 789 752 827 Et
786 789 861 828 ista
884 788 1072 828 doctrina
1101 787 1308 828 sufficeret
1330 788 1407 827 toti
1430 788 1558 827 eccle—

244 858 301 897 sie
346 859 396 897 ad
445 859 699 898 eleccionem
743 858 946 911 privilegii
990 859 1053 897 vel
1100 859 1320 910 primatus,
1374 871 1448 897 nec
1500 866 1561 897 est

242 928 439 980 possibile
471 929 585 981 quod
616 942 709 967 vere
741 927 980 981 pacificetur
1012 928 1196 980 ecclesia,
1226 937 1452 980 antequam
1484 927 1561 967 ista

191 1014 228 1034 ιο
242 998 384 1050 regula
415 998 591 1050 practice
623 998 673 1036 sit
705 999 862 1037 edocta.

195 1071 230 1104 P
302 1068 363 1106 Ex
395 1067 481 1106 istis
515 1067 676 1107 elicitur
707 1069 823 1120 quod
855 1068 1021 1106 nullum
1044 1076 1104 1106 est
1125 1081 1272 1106 verum
1295 1067 1560 1120 privilegium
1577 1082 1644 1110 Tne
1658 1082 1850 1110 Churclihas

244 1137 426 1187 ecclesie,
460 1137 536 1175 nisi
570 1137 620 1176 de
652 1146 811 1190 quanto
846 1137 1057 1189 fundatur,
1090 1138 1265 1176 docetur
1296 1138 1360 1175 vel
1401 1137 1562 1176 elicitur
1578 1122 1853 1188 Γρῗέεξὲυςῖρῗᾷιιῖὲῖ

247 1220 293 1245 ex
326 1206 541 1259 scriptura.
585 1208 701 1246 Patet
733 1206 808 1246 sic:
842 1206 994 1246 Omnis
1028 1208 1091 1246 lex
1124 1207 1235 1246 utilis
1267 1215 1407 1246 sancte
1440 1206 1562 1246 matri
1596 1187 1829 1257 msiffl'ssffiffefn

246 1276 414 1315 ecclesie
459 1277 633 1315 docetur
676 1276 865 1328 explicite
910 1277 973 1316 vel
1018 1276 1220 1329 implicite
1265 1277 1307 1315 in
1345 1276 1560 1329 scriptura,

152 1348 230 1382 152d
245 1359 372 1385 omne
405 1345 672 1397 privilegium
695 1354 755 1384 est
777 1345 1021 1385 huiusmodi
1053 1361 1100 1386 ex
1130 1346 1268 1386 dictis:
1293 1346 1316 1368 ÷÷
1338 1360 1435 1399 ergo
1460 1360 1560 1385 con-

244 1415 388 1455 clusio.
423 1414 707 1454 Confirmatur
738 1429 785 1454 ex
818 1429 915 1468 sepe
946 1416 1084 1455 dictis:
1134 1416 1287 1455 Omnis
1318 1416 1468 1455 veritas
1502 1425 1563 1455 est

244 1486 284 1523 in
319 1485 519 1537 scriptura
553 1499 679 1535 sacra,
724 1499 852 1524 omne
884 1486 1149 1539 privilegium
1182 1495 1242 1525 est
1279 1485 1426 1525 veritas
1466 1486 1563 1538 quia

243 1556 320 1606 lex,
354 1569 451 1608 ergo
476 1555 704 1594 conclusio.
736 1555 858 1594 Unde
881 1556 1156 1608 Augustinus,
1194 1556 1249 1595 ΙΙο
1272 1556 1333 1594 De
1363 1555 1560 1595 Doctrina

245 1624 491 1675 Christiana,
524 1625 564 1662 in
598 1624 699 1664 fine:
738 1625 950 1678 Quicquid
981 1627 1104 1665 lzomo
1137 1632 1264 1665 extra
1295 1627 1560 1678 scripturam

189 1707 412 1733 20sacram
460 1695 670 1742 didicerit,
715 1697 753 1734 si
797 1697 973 1735 noxium
1020 1703 1081 1735 est
1113 1696 1169 1735 ibi
1200 1695 1479 1747 dampnatur,
1524 1696 1562 1734 si

245 1765 345 1803 utile
378 1771 438 1803 est
469 1764 526 1803 ibi
557 1766 795 1812 invenitur;
839 1774 878 1804 et
922 1765 1033 1804 idem
1062 1765 1160 1804 dicit
1194 1766 1369 1818 epistola
1414 1774 1559 1818 quarta

245 1834 296 1872 ad
344 1834 624 1873 Volusianum
667 1832 732 1889 (ut
776 1834 871 1874 alibi
919 1835 1065 1874 diffuse
1111 1834 1317 1889 exposui).
1364 1834 1562 1888 Sequitur

247 1918 360 1956 ergo,
408 1904 440 1943 si
474 1904 566 1957 quis
599 1904 806 1957 quidquid
839 1905 937 1944 utile
970 1914 1081 1944 extra
1113 1905 1362 1958 scripturam
1403 1919 1563 1944 sacram

247 1973 447 2023 didicerit,
492 1973 547 2011 ibi
592 1973 814 2025 invenitur,
848 1988 975 2013 omne
1009 1975 1276 2028 privilegium
1314 1989 1562 2014 concessum

191 2043 286 2081 25in
333 2043 452 2082 cartis
496 2043 561 2082 vel
602 2043 725 2082 bullis
770 2052 829 2083 est
875 2044 1079 2097 quiddam
1122 2044 1222 2084 utile
1267 2042 1331 2098 (ut
1371 2054 1484 2097 patet
1516 2059 1562 2084 ex

248 2110 538 2167 diffinicione),
588 2126 685 2165 ergo
731 2126 857 2152 omne
901 2114 1169 2166 privilegium
1214 2115 1383 2154 ecclesie
1422 2124 1482 2154 est
1520 2115 1562 2153 in

249 2182 449 2235 scriptura
488 2194 619 2233 sacra,
664 2183 758 2222 ideo
792 2197 889 2223 cum
921 2183 989 2223 illa
1021 2184 1073 2224 sit
1105 2185 1274 2224 maioris
1306 2185 1564 2225 auctoritatis

250 2260 289 2291 et
333 2252 591 2305 accepcionis
635 2266 763 2305 quam
808 2254 918 2293 bulle
965 2255 1030 2293 vel
1063 2263 1170 2294 carte
1220 2254 1283 2305 (ut
1315 2255 1398 2294 dixi
1431 2254 1564 2309 alias),

251 2321 318 2360 ille
349 2331 395 2361 ut
427 2322 660 2374 plurimum
691 2322 732 2361 in
766 2324 875 2362 clero
909 2323 1186 2376 superfluunt.
1217 2325 1327 2363 Nam
1349 2324 1427 2363 illis
1451 2325 1563 2364 abla-

193 2391 299 2431 30tis
343 2391 586 2431 inniteretur
629 2392 911 2446 privilegiatus
956 2394 1187 2433 ministerio
1237 2393 1405 2433 ecclesie
1450 2395 1565 2447 quod

250 2469 311 2500 est
357 2475 429 2515 per
473 2475 514 2501 se
563 2476 685 2501 causa
728 2463 944 2516 privilegii,
978 2473 1017 2503 et
1049 2477 1136 2502 non
1168 2463 1224 2503 sic
1257 2463 1486 2503 confideret
1523 2464 1565 2502 in

301 2607 330 2631 4.
358 2598 380 2625 Β
401 2598 479 2626 inter
500 2599 594 2626 deest.
740 2600 775 2627 13.
806 2600 834 2626 A
854 2599 883 2627 in
906 2607 1019 2634 marg:
1053 2599 1162 2627 Honor
1181 2599 1345 2634 scripture,
1373 2599 1444 2635 quia
1463 2600 1565 2627 omnis

250 2645 362 2672 veritas
395 2645 424 2672 in
458 2653 493 2672 ea
525 2646 711 2673 continetur.
864 2645 904 2674 16.
943 2647 972 2673 A
1000 2645 1030 2673 in
1063 2654 1178 2680 marg:
1211 2645 1355 2674 Secunda
1392 2646 1565 2673 conclusio.

251 2690 291 2718 18.
311 2692 340 2718 A
361 2692 390 2719 in
413 2700 526 2727 marg:
547 2692 751 2727 Augustinus.
878 2693 919 2720 23.
941 2692 980 2720 B:
1002 2694 1027 2720 si
1048 2693 1117 2728 quis
1138 2697 1192 2727 est,
1214 2693 1281 2728 quis
1303 2697 1359 2729 est,
1387 2693 1459 2728 quid
1481 2694 1564 2721 utile.

250 2737 295 2764 28.
317 2738 357 2764 B:
381 2740 627 2774 acceptacionis3
657 2741 684 2766 A
705 2739 734 2766 in
762 2747 876 2773 marga
904 2738 1122 2766 Correlarium.

313 2821 363 2854 18.
389 2833 460 2866 cap.
488 2823 590 2855 XLII.
618 2823 787 2866 Opp.111‚
826 2835 852 2864 1,
886 2835 941 2865 44.
969 2825 1162 2866 Epistolam
1196 2824 1236 2855 ad
1266 2825 1343 2856 Vol.
1375 2824 1444 2855 vid.
1473 2824 1565 2867 Opp.

251 2882 288 2919 H,
318 2881 395 2919 305.
