2051 3273
225 243 313 271 CAP.
336 232 434 290 xix]
735 245 793 275 DE
822 244 1051 276 ECCLESIA.
1745 234 1827 283 459

78 360 108 394 Ο
133 363 210 403 192a
223 363 388 389 necesse
421 349 471 389 sit
503 363 580 388 nos
612 350 653 388 in
687 350 770 388 vita
803 349 1017 388 intendere
1050 348 1176 400 signis
1201 347 1466 387 sensibilibus
1498 347 1538 385 in
1555 354 1828 417 ngtetnxevoeljmtusslt'

223 420 376 473 quibus
408 428 488 459 stat
519 420 651 458 modo
680 432 757 457 suo
782 418 1003 457 christiana
1025 418 1184 470 religio,
1208 431 1305 457 cum
1329 419 1534 457 debemus
1590 398 1829 452 sacra²³m⁹ecntsf⁹

224 490 388 528 credere
421 490 537 542 quod
573 489 717 528 omnia
750 497 1007 527 sacramenta
1041 487 1249 527 sensibilia
1293 487 1368 527 rite
1413 487 1536 526 mini-

223 567 347 597 strata
378 558 533 597 habent
565 558 792 597 efficaciam
825 558 1061 597 salutarem.

174 636 208 669 P
284 627 366 667 Sed
397 627 439 665 in
471 628 551 666 isto
585 636 665 667 stat
700 627 932 680 periculum
970 627 1186 666 militantis
1224 626 1393 666 ecclesie
1426 627 1540 679 quod
1555 631 1623 659 The
1660 632 1776 666 danger
1804 632 1829 658 is

192 697 473 738 liudaizando
497 697 731 736 secundum
754 710 924 736 sensum
958 697 1168 735 carnalem
1202 697 1320 748 signa
1347 696 1416 734 illa
1440 709 1539 735 cum
1555 668 1827 736 atteiiiflibrinissrgaid

222 766 521 806 tradicionibus
555 767 749 805 humanis
783 766 877 818 plus
925 766 1009 804 suis
1043 766 1213 819 signatis
1255 738 1817 833 ρῑεροοάθῑεῖὼῖῇζὲἒιζξὲᾏῖξέἀ

183 837 287 877 2vel
340 837 471 875 eciam
522 836 659 888 legem
704 836 779 874 Dei
823 836 918 887 plus
962 836 1146 874 attendat
1190 835 1346 874 iudicio
1396 849 1539 874 sensus
1622 826 1639 841 ²³
1705 826 1722 841 ²³
1823 826 1828 832 ’

224 905 413 959 corporei
454 919 583 958 quam
628 905 752 944 oculo
801 904 953 944 mentis
986 906 1051 944 vel
1085 905 1216 944 eciam
1248 904 1397 944 lumini
1430 903 1538 943 fidei.

171 993 208 1014 10
226 976 278 1014 Et
311 977 688 1028 correspondenter
720 976 772 1014 ad
804 975 908 1014 istos
930 984 1073 1014 motus
1106 974 1244 1014 anime
1278 988 1406 1027 opera
1440 988 1538 1013 con-

225 1054 434 1095 secuntur,
479 1046 591 1083 unde
623 1046 674 1083 ad
707 1044 948 1083 elidendum
982 1045 1112 1084 istum
1145 1058 1325 1083 errorem
1349 1044 1540 1083 Christus

224 1114 431 1153 ordinavit
464 1127 539 1153 nos
573 1114 614 1152 in
648 1113 728 1153 fide
760 1114 897 1153 vivere
931 1123 969 1154 et
999 1115 1191 1153 membra
1222 1113 1367 1153 matris
1401 1123 1540 1153 nostre

221 1183 524 1237 particulariter
540 1184 744 1236 ignorare,
778 1198 828 1222 ne
844 1185 937 1237 quis
962 1194 1179 1237 presumat
1194 1198 1235 1223 se
1252 1184 1449 1223 extollere
1476 1184 1540 1222 vel

222 1254 423 1306 exigendo
445 1254 694 1306 temporalia
716 1254 925 1307 gentiliter
946 1268 968 1292 a
990 1255 1078 1305 lege
1109 1253 1310 1306 scripture
1337 1254 1539 1305 recedere,

169 1328 206 1361 15
223 1323 392 1362 sciendo
433 1325 549 1376 quod
593 1324 707 1362 nulla
740 1324 1018 1376 solempnitas
1051 1324 1116 1362 vel
1148 1323 1321 1362 tradicio
1356 1323 1542 1362 humana

224 1393 320 1432 facit
368 1393 587 1432 hominem
638 1403 762 1446 caput
806 1394 870 1432 vel
924 1393 1167 1431 membrum
1214 1402 1353 1431 sancte
1398 1391 1542 1431 matris

224 1463 391 1502 ecclesie
443 1472 514 1502 aut
560 1463 712 1502 Christi
762 1463 964 1502 vicarium
1015 1462 1093 1501 nisi
1147 1462 1337 1514 specialis
1388 1461 1542 1501 Christi

223 1532 359 1584 gracia
391 1541 430 1572 et
462 1532 646 1572 imitacio
672 1532 827 1572 Christi
861 1532 901 1571 in
935 1532 1137 1571 moribus.
1175 1531 1356 1571 Ulterius
1379 1531 1544 1570 videtur

223 1603 339 1655 quod
357 1616 444 1641 non
468 1602 561 1641 licet
584 1616 686 1655 pure
710 1602 859 1642 clerico
888 1602 930 1640 in
961 1615 1085 1641 causa
1109 1610 1147 1641 et
1170 1615 1349 1654 persona
1371 1600 1543 1654 propria
1570 1612 1618 1639 No
1639 1612 1731 1639 cleric
1753 1620 1823 1647 may

169 1686 208 1708 20
225 1672 367 1711 fratres
416 1685 514 1710 suos
566 1672 839 1724 corporaliter
886 1686 962 1724 pro
1013 1671 1319 1724 temporalibus
1372 1670 1541 1709 ecclesie
1577 1647 1816 1717 teniiilciiaii'ties.

225 1754 474 1793 expugnare.
539 1741 656 1780 Patet
717 1741 792 1780 sic:
845 1740 967 1780 Clero
1031 1740 1171 1779 minus
1222 1741 1468 1791 elongatum
1520 1754 1543 1778 a

224 1810 307 1849 vita
339 1810 567 1862 apostolica
612 1819 671 1849 est
715 1810 892 1849 ommino
936 1810 1143 1860 illicitum,
1184 1819 1222 1849 et
1260 1809 1393 1862 magis
1428 1810 1542 1848 elon-

225 1890 371 1933 gatum
417 1888 477 1918 est
521 1879 654 1931 magis
700 1879 904 1930 illicitum,
951 1880 1023 1918 sed
1066 1879 1181 1918 iuxta
1227 1879 1545 1917 conclusionem

227 1948 410 2001 primam
448 1949 608 1989 clerum
647 1951 899 1989 contendere
943 1949 985 1988 in
1032 1949 1121 1989 foro
1155 1948 1434 1988 ecclesiastico
1468 1962 1543 2000 pro

169 2024 209 2055 25
226 2019 481 2072 patrimonio
516 2018 672 2058 Christi
707 2029 767 2058 est
801 2019 977 2058 omnino
1018 2019 1226 2069 illicitum,
1276 2032 1373 2071 ergo
1408 2018 1543 2057 multo

226 2089 358 2140 magis
407 2088 549 2141 ipsum
601 2088 796 2127 bellando
856 2102 932 2141 pro
989 2089 1294 2141 temporalibus
1351 2088 1545 2126 invadere

229 2158 396 2197 fratrem
431 2171 570 2209 suum,
605 2171 702 2196 nam
737 2172 834 2197 cum
867 2158 919 2197 sit
951 2173 973 2197 a
995 2158 1079 2197 vita
1111 2167 1151 2196 et
1174 2157 1363 2196 doctrina
1388 2156 1544 2196 Christi

228 2227 358 2280 magis
382 2236 638 2275 extraneum,
656 2227 761 2267 foret
785 2227 987 2266 sacerdoti
1004 2227 1160 2267 Christi
1184 2227 1315 2280 magis
1339 2227 1543 2267 illicitum.

229 2298 299 2336 Ille
331 2311 428 2349 ergo
463 2297 533 2350 qui
566 2307 781 2349 pateretur
814 2297 998 2347 iniurias,
1033 2305 1260 2349 antequam
1293 2310 1391 2335 cum
1424 2296 1545 2335 fratre

171 2369 212 2400 30
228 2381 304 2407 suo
330 2367 614 2416 contenderet,
639 2376 848 2419 pateretur
871 2366 1055 2416 iniurias,
1080 2375 1307 2419 antequam
1323 2366 1545 2418 spoliando

228 2438 339 2476 bona
372 2446 517 2476 nature
563 2436 731 2475 fratrem
777 2450 903 2476 suum
934 2436 1158 2475 invaderet.
1205 2437 1327 2476 Unde
1366 2450 1546 2486 magnus

229 2507 390 2546 videtur
433 2505 617 2545 defectus
667 2506 708 2544 in
760 2505 911 2545 nostris
964 2505 1206 2544 doctoribus
1261 2505 1332 2557 qui
1377 2505 1547 2544 dimissa

229 2577 342 2616 scola
374 2574 527 2615 Christi
567 2575 608 2614 in
642 2575 859 2628 sequendo
891 2575 1030 2627 ipsum
1066 2584 1105 2614 et
1137 2575 1341 2627 paciendo
1375 2575 1545 2614 iniurias

280 2721 304 2749 5.
326 2724 353 2749 A
374 2723 404 2749 in
426 2730 539 2757 marg:
562 2722 748 2750 Periculum.
828 2730 857 2758 9.
880 2721 919 2749 13:
950 2722 1059 2749 lumini
1080 2723 1175 2750 deest.
1242 2732 1300 2757 .14.
1327 2724 1355 2750 A
1377 2724 1407 2750 in
1430 2731 1546 2759 marg:

230 2768 408 2796 Conclusio.
523 2767 564 2795 18.
586 2770 614 2795 A
634 2768 664 2795 in
686 2776 802 2802 marg:
831 2768 947 2802 Quinta
968 2770 1138 2796 conclusio.
1162 2769 1232 2796 Non
1253 2770 1322 2797 licet
1337 2778 1413 2805 pure
1433 2771 1544 2798 clerico

230 2815 373 2841 invadere
390 2814 516 2842 fratrem
536 2822 628 2841 suum
650 2819 775 2849 propter
790 2816 973 2849 temporalia
989 2823 1044 2842 nec
1060 2816 1127 2853 licet
1142 2816 1202 2842 sibi
1220 2820 1251 2842 ut
1264 2823 1320 2850 pro
1336 2816 1395 2842 illis
1419 2822 1543 2850 pugnei.

227 2868 267 2887 21.
291 2860 408 2888 Codd.:
431 2869 643 2896 expungnare.
660 2861 753 2888 ibid.:
771 2860 861 2888 Clero
877 2861 935 2889 cui.
1029 2862 1076 2889 26.
1091 2862 1123 2889 ln
1139 2863 1237 2889 codd:
1253 2862 1384 2896 talibus;
1407 2861 1543 2889 Correxi.
