2051 3273
217 211 301 261 454
941 219 1165 252 JOHANNIS
1189 221 1384 253 WYCLHJ.
1611 208 1716 262 [CAP.
1736 216 1818 244 X1x.

235 333 340 394 'rhoffi
357 332 468 394 snhoould
506 336 604 362 nam
636 322 810 362 homine
847 323 1024 363 habente
1063 325 1369 365 revelacionem
1401 326 1452 364 ad
1484 326 1565 364 hoc
1597 338 1684 364 non
1716 337 1816 363 con-
1837 337 1913 377 192⁰
1939 333 1968 366 S

231 401 479 464 lcqnfilemlionlfor
505 393 691 431 tenderet
723 392 829 432 circa
861 393 979 445 illud,
1013 394 1083 433 sed
1116 394 1285 434 sentiret
1317 394 1530 434 humiliter
1563 394 1613 433 de
1646 408 1688 433 se
1709 393 1817 446 ipso,

241 445 295 499 'inge
318 445 465 509 311aucr21i?
504 462 535 501 si
569 476 657 501 non
678 462 827 501 habeat
853 462 1156 503 revelacionem
1185 464 1234 502 de
1264 463 1365 516 hoc,
1399 478 1495 503 cum
1523 472 1624 504 tunc
1656 463 1819 516 ignorat

503 532 535 571 si
569 532 620 571 sit
652 533 701 571 de
733 541 874 572 sancta
905 541 1036 572 matre
1068 533 1250 585 ecclesia,
1286 533 1326 572 in
1363 547 1520 573 vanum
1552 533 1820 573 contenderet

504 601 534 639 si
569 601 619 640 sit
652 601 786 641 maior
818 602 868 641 de
900 602 969 641 illa
1001 602 1185 654 ecclesia,
1219 616 1317 642 cum
1350 604 1464 642 deest
1505 603 1580 642 sibi
1620 601 1853 656 probacio5

504 671 535 709 si
568 671 620 711 sit
651 672 700 710 de
738 672 808 711 illa
847 671 1017 711 ecclesia
1055 670 1120 727 (ut
1164 681 1322 712 tactum
1367 682 1427 713 est
1470 673 1511 711 in
1551 672 1821 712 conclusione

508 740 676 794 prima).
716 742 930 781 Maioritas
975 750 1117 781 autem
1161 742 1201 781 in
1249 742 1419 782 ecclesia
1463 751 1502 782 et
1545 756 1631 781 non
1671 742 1721 781 de
1753 741 1821 780 illa

505 810 611 851 foret
680 811 948 851 contendenti
1024 811 1182 852 inutilis
1253 821 1292 852 et
1362 812 1532 852 ecclesie
1603 820 1822 865 tamquam

505 880 776 933 impertinens
823 882 908 921 sive
948 882 1203 922 contrarium
1227 882 1252 910 ’ὅ
1274 882 1616 936 contemptibilis,
1670 882 1723 921 Et
1774 895 1820 920 ex
1842 889 1919 936 ¹92⁶
1946 900 1971 924 a

506 950 593 990 istis
626 951 790 991 videtur
822 953 941 1005 quod
973 952 1097 992 nimis
1130 966 1282 1006 magna
1309 952 1525 992 clemencia
1548 951 1654 991 foret
1677 964 1881 1004 urgerem

505 1021 721 1061 ecclesian]
765 1031 811 1061 ut
855 1023 993 1061 credat
1036 1022 1267 1076 quemlibet
1299 1023 1544 1063 Romanum
1576 1020 1824 1074 pontificem

516 1103 603 1129 esse
636 1101 760 1143 caput
792 1105 865 1131 sue
898 1092 1080 1145 ecclesie,
1112 1106 1211 1131 nam
1242 1092 1356 1132 iuxta
1388 1092 1497 1131 dicta
1528 1092 1703 1145 quilibet
1733 1091 1825 1130 talis

512 1170 653 1213 posset
696 1175 783 1200 esse
821 1161 1042 1214 episcopus
1089 1162 1131 1201 in
1175 1162 1345 1202 ecclesia
1383 1162 1470 1201 sine
1507 1162 1588 1202 hoc
1622 1163 1736 1216 quod
1776 1162 1826 1201 sit

224 1237 366 1263 sincewe
381 1239 496 1262 cannot
511 1232 560 1269 de
582 1231 663 1270 illa.
682 1231 797 1270 Sicut
819 1245 916 1284 ergo
939 1245 1025 1270 non
1050 1241 1109 1271 est
1132 1233 1181 1271 de
1210 1231 1290 1271 fide
1313 1233 1428 1286 quod
1452 1232 1590 1272 omnis
1606 1233 1825 1271 Romanus

219 1272 495 1341 CV¹51ss¹1ffe¹¹ffigiissst
511 1301 698 1353 pontifex
731 1301 782 1341 sit
813 1302 1132 1354 predestinatus,
1178 1302 1235 1341 sic
1280 1316 1366 1342 non
1410 1311 1470 1342 est
1503 1303 1553 1341 de
1585 1301 1823 1341 substancia
1844 1310 1881 1343 15

238 1350 287 1368 me
310 1342 475 1368 membffls.
508 1369 603 1409 fidei
659 1372 774 1424 quod
826 1372 876 1411 sit
920 1381 1046 1425 caput
1088 1373 1153 1411 vel
1203 1373 1444 1411 membrum
1492 1380 1631 1411 sancte
1681 1370 1824 1410 matris

510 1441 692 1481 ecclesie.
744 1442 797 1480 Et
835 1450 948 1494 patet
980 1443 1096 1495 quod
1134 1455 1221 1482 non
1255 1442 1443 1495 sequitur
1474 1441 1606 1495 perire
1638 1440 1678 1479 in
1711 1440 1865 1484 laicisb

509 1510 609 1549 fides
642 1512 692 1550 de
725 1519 838 1550 recto
872 1511 1159 1551 sacramentali
1193 1511 1425 1551 ministerio
1456 1511 1694 1563 sacerdotis,
1728 1510 1826 1563 quia

510 1580 664 1620 sufficit
701 1580 812 1620 fideli
852 1582 1015 1620 credere
1048 1580 1176 1620 fidem
1209 1581 1458 1621 catholicam
1493 1589 1531 1620 et
1563 1582 1678 1634 quod
1712 1582 1825 1620 Deus

509 1660 681 1703 propter
695 1651 861 1690 nullum
877 1665 1059 1690 errorem
1083 1651 1308 1704 spiritualis
1328 1651 1532 1704 prepositi
1556 1649 1828 1704 dampnificat
1844 1670 1886 1692 20

510 1721 726 1760 subditum
760 1721 837 1760 nisi
871 1735 997 1760 suum
1020 1721 1272 1760 demeritum
1295 1721 1347 1760 sit
1370 1721 1412 1760 in
1436 1735 1573 1761 causa.
1607 1722 1704 1760 Non
1728 1733 1826 1773 ergo

511 1791 634 1829 debet
666 1791 857 1830 subditus
891 1792 1106 1844 desperare
1145 1792 1195 1830 de
1239 1799 1412 1844 peccato
1456 1789 1670 1844 prepositi,
1717 1789 1827 1843 quia,

492 1869 889 1914 ,quantumcunque
947 1861 1082 1901 malus
1135 1862 1325 1900 sacerdos
1388 1860 1523 1912 fuerit,
1592 1860 1827 1899 dummodo

511 1930 703 1970 subditus
726 1930 769 1969 in
794 1930 1011 1970 Christum
1035 1930 1263 1982 crediderit,
1287 1930 1424 1969 salvus
1448 1929 1535 1981 erit,
1559 1937 1598 1968 et
1622 1930 1826 1982 dampna-

512 2000 591 2039 bile
625 2000 905 2040 ministerium
939 2000 1185 2040 sacramenti
1229 2000 1291 2040 sui
1338 1999 1468 2039 curati
1513 1999 1588 2038 sibi
1628 1998 1883 2051 proderit925

512 2079 557 2110 ut
589 2070 771 2110 ostendit
803 2071 1016 2110 decretum
1049 2071 1125 2110 sub
1158 2069 1403 2110 auctoritate
1425 2068 1665 2122 Augustini,
1700 2068 1742 2107 in
1765 2069 1826 2108 De

514 2139 857 2192 Consecracione,
882 2140 973 2180 dist.
993 2140 1066 2180 IV:
1088 2139 1303 2188 Quomodo
1327 2140 1480 2191 ipsum,
1505 2138 1653 2193 inquit,
1678 2150 1826 2178 carac-

512 2217 644 2250 terem
679 2211 802 2250 multi
840 2211 932 2263 lupi
970 2211 1101 2250 eciam
1143 2209 1256 2262 lupis
1287 2210 1330 2249 in
1363 2216 1474 2263 gunt
1516 2210 1589 2261 qui
1631 2208 1829 2249 videntur

514 2293 605 2320 esse
648 2281 775 2332 intus,
831 2286 1156 2333 verumptamen
1209 2278 1266 2319 ad
1318 2279 1437 2318 illam
1487 2291 1604 2318 ovem
1651 2292 1730 2331 que
1772 2292 1827 2318 ex

514 2351 658 2390 multis
691 2363 777 2390 una
811 2357 873 2391 est
905 2363 986 2390 non
1013 2350 1245 2403 pertinent.
1844 2357 1885 2389 30

571 2421 657 2459 Nec
690 2420 880 2474 sequitur
913 2434 960 2459 ex
992 2421 1074 2459 isto
1109 2419 1301 2459 confusio
1335 2418 1485 2472 policie
1514 2417 1696 2469 ecclesie,
1730 2417 1862 2470 quiae
1886 2426 1916 2459 Τ

514 2489 685 2530 ecclesia
716 2489 900 2529 militans
934 2489 1128 2542 operibus
1167 2489 1229 2529 sui
1264 2488 1392 2529 curati
1425 2488 1548 2527 debet
1579 2488 1754 2539 credere,
1788 2495 1826 2526 et

567 2645 594 2673 7.
616 2638 731 2665 Codd.:
756 2638 927 2666 Minoritas.
1064 2646 1091 2672 9.
1113 2637 1152 2664 B:
1174 2637 1324 2672 impertis.
1469 2644 1496 2670 9.
1518 2638 1547 2664 A
1567 2636 1596 2663 in
1613 2643 1729 2669 marga
1750 2634 1820 2662 Non

515 2685 657 2712 tenemur
689 2685 812 2712 credere
857 2685 1029 2712 Romanum
1074 2684 1250 2718 pontificem
1289 2691 1356 2711 esse
1401 2687 1493 2718 caput
1538 2686 1643 2710 nostre
1687 2681 1825 2709 ecclesie.

515 2731 556 2758 16.
578 2731 619 2757 13:
639 2732 684 2758 vel
707 2732 801 2758 deest.
945 2738 991 2765 24.
1012 2731 1042 2758 A
1061 2731 1092 2758 in
1114 2738 1232 2765 marg.:
1254 2729 1462 2765 Augustinus.

576 2847 628 2880 27.
654 2838 788 2870 Decreti
815 2838 858 2870 III
885 2848 976 2881 pars,
1003 2839 1054 2870 De
1083 2839 1247 2871 Consecr.
1275 2837 1352 2869 dist.
1380 2837 1438 2877 IV,
1464 2846 1537 2880 cap.
1562 2835 1648 2868 XLI.
