2051 3273
261 229 340 269 256

970 238 1195 270 „IOHANNIS
1225 239 1421 271 WYCIJF.
1663 225 1767 283 [CAP.
1784 236 1849 265 ΧΠ.

252 355 320 382 abet
342 354 403 381 him
428 353 456 380 in
479 352 525 380 his
542 343 690 393 eidem,
724 351 762 381 et
793 342 850 381 ita
880 342 1125 394 generaliter
1146 344 1487 396 quandocunque
1519 343 1612 396 quis
1647 344 1892 387 consentit3
1910 353 1944 386 D

365 390 412 416 sin

542 411 801 464 culpabiliter
832 411 1094 464 temptatori3
1138 425 1213 451 nec
1245 420 1306 451 est
1336 411 1402 450 hic
1434 412 1668 465 sophisma:
1709 413 1853 452 Petrus
1872 410 1949 453 164tl

540 481 630 520 vult
676 480 719 519 id
763 481 879 533 quod
923 481 973 520 de
1018 480 1126 520 facto
1172 489 1233 520 est
1276 490 1497 533 peccatum
1527 482 1592 521 vel
1624 481 1856 521 formaliter

542 550 790 589 antecedens
834 551 886 589 ad
929 550 1046 601 illud,
1090 551 1161 589 sed
1205 563 1291 589 non
1335 551 1425 590 vult
1469 560 1704 603 peccatum,
1750 551 1856 590 sicut

547 618 732 671 sophiste
765 618 911 658 dicunt
932 620 1049 672 quod
1072 619 1303 659 formaliter
1323 620 1414 659 vult
1445 629 1661 673 percutere
1683 621 1856 660 Petrum
1872 630 1888 663 5

542 688 617 728 scit
640 689 755 741 quod
779 688 847 728 ille
872 698 932 728 est
954 690 1161 741 sacerdos,
1195 698 1234 729 et
1256 698 1399 729 tamen
1422 703 1508 729 non
1530 691 1619 730 vult
1641 698 1857 743 percutere

543 758 817 799 sacerdotem.
850 759 960 798 Nam
983 759 1202 811 sophisma
1224 759 1336 798 istud
1360 767 1420 798 est
1441 759 1701 812 impossibile
1734 757 1859 813 (sicut

543 827 642 865 alias
676 826 922 882 declaravi);
955 837 1054 868 tunc
1088 828 1201 867 enim
1233 842 1320 868 non
1354 828 1460 868 foret
1478 828 1647 868 volucio
1670 828 1732 867 vel
1758 842 1856 867 con-

544 896 677 935 cessio
715 897 932 949 implicita‚
982 898 1079 951 quia
1123 898 1155 936 si
1198 898 1331 938 homo
1376 898 1466 937 vult
1504 898 1748 951 particulare
1787 906 1860 950 per

544 966 734 1005 accidens
767 966 1021 1019 implicitum
1054 967 1096 1006 in
1124 967 1346 1007 universali
1376 981 1448 1020 per
1480 981 1520 1006 se
1542 967 1681 1020 primo
1712 965 1858 1017 volito,
1880 988 1917 1010 10

547 1035 681 1075 multo
726 1035 857 1088 magis
889 1036 980 1075 vult
1017 1036 1217 1090 implicite
1250 1037 1479 1077 formaliter
1512 1049 1777 1090 consequens
1808 1037 1859 1075 ad

547 1118 620 1157 per
651 1119 694 1144 se
726 1104 921 1156 volitum,
966 1114 1012 1144 ut
1055 1106 1087 1144 si
1129 1120 1198 1145 rex
1241 1107 1332 1146 vult
1362 1107 1480 1160 quod
1511 1107 1658 1146 Petrus
1690 1105 1860 1145 clericus

546 1175 696 1213 habeat
743 1174 903 1213 dictum
949 1174 1228 1227 privilegium,
1288 1176 1386 1229 quia
1433 1175 1523 1215 vult
1567 1176 1683 1228 quod
1725 1175 1861 1214 omnis

550 1244 722 1283 clericus
753 1244 871 1295 regni
904 1244 966 1283 sui
989 1244 1139 1283 habeat
1161 1245 1321 1284 dictum
1343 1245 1622 1298 privilegium,
1656 1254 1695 1284 et
1716 1245 1862 1284 Petrus

547 1323 607 1352 est
630 1313 777 1366 aliquis
801 1313 892 1353 talis
917 1314 1101 1365 clericus,
1125 1315 1260 1354 multo
1288 1315 1419 1368 magis
1440 1315 1529 1354 vult
1554 1328 1680 1354 omne
1705 1314 1857 1354 forma-
1881 1325 1918 1357 15

548 1384 639 1422 liter
672 1396 851 1436 sequens
890 1384 942 1422 ad
974 1384 1090 1423 illud.
1145 1385 1269 1424 Unde
1312 1384 1533 1424 necessitas
1578 1383 1689 1436 cogit
1733 1383 1861 1423 eciam

547 1466 693 1492 avaros
727 1453 954 1492 concedere
994 1453 1101 1492 hanc
1133 1454 1329 1506 logicam,
1378 1467 1476 1493 cum
1507 1453 1623 1493 aliter
1654 1467 1741 1493 non
1773 1467 1863 1506 par—

547 1522 767 1575 ticiparent
799 1522 1023 1576 privilegiis
1055 1523 1120 1562 vel
1153 1524 1393 1563 elemosinis
1425 1523 1678 1577 principum,
1711 1523 1788 1561 nisi
1822 1523 1863 1561 in

549 1592 819 1631 concessione
851 1593 917 1631 vel
960 1593 1184 1632 volucione
1228 1593 1423 1646 generali,
1469 1601 1611 1632 notata
1654 1592 1695 1631 in
1741 1591 1862 1631 cartis

551 1661 644 1713 illis,
677 1661 880 1715 implicite
913 1661 964 1702 sit
996 1675 1192 1702 concessa
1230 1662 1499 1715 participacio
1533 1661 1760 1701 elemosine
1793 1675 1862 1713 ge·
1879 1682 1922 1704 20

551 1731 712 1771 neralis.
766 1732 820 1771 Et
863 1731 942 1771 isto
986 1732 1118 1771 modo
1165 1732 1404 1771 concedunt
1442 1730 1633 1771 catholici
1672 1731 1790 1784 quod
1820 1731 1862 1769 in

551 1802 673 1840 Petro
725 1809 996 1854 procuratore
1049 1801 1218 1840 ecclesie
1272 1814 1467 1841 concessa
1518 1809 1578 1839 est
1629 1814 1651 1839 a
1696 1800 1864 1840 Christo

550 1870 797 1924 generaliter
853 1871 895 1909 in
955 1872 1144 1924 quodam
1202 1871 1422 1911 involucro
1472 1878 1656 1923 potestas
1708 1870 1865 1909 ordinis

553 1940 721 1980 cuilibet
743 1941 947 1980 sacerdoti
971 1941 1172 1994 sequenti.
1197 1940 1310 1981 Cum
1325 1954 1423 1994 ergo
1438 1948 1654 1993 peccatum
1677 1948 1867 1992 patenter

553 2010 741 2064 sequitur
788 2025 835 2050 ex
879 2010 1038 2050 actibus
1081 2010 1221 2050 volitis
1265 2025 1363 2050 cum
1406 2010 1489 2049 suis
1524 2009 1922 2060 circumstanciis,25

552 2080 717 2119 videtur
749 2081 865 2133 quod
897 2081 1043 2120 volens
1075 2080 1180 2119 illud
1212 2081 1460 2120 antecedens
1489 2079 1580 2118 vult
1611 2078 1758 2119 saltem
1789 2078 1867 2118 im-

266 2170 367 2198 There
391 2169 415 2195 is
436 2168 539 2204 impli-
554 2150 694 2203 plicite
716 2159 937 2202 peccatum
961 2163 1236 2203 consequens.
1266 2150 1332 2189 Sic
1355 2149 1467 2188 enim
1490 2149 1587 2188 dicit
1608 2147 1869 2201 Augustinus

282 2206 322 2233 cit
342 2205 387 2231 sin
409 2204 438 2231 in
460 2209 523 2231 acts

266 2242 329 2267 that
349 2239 416 2267 lead
436 2244 467 2266 to
483 2239 527 2265 sin

267 2282 342 2302 even
364 2276 451 2301 when
478 2275 543 2300 that

534 2220 672 2274 ‚quod
697 2233 823 2259 omne
846 2229 1065 2273 peccatum
1089 2228 1149 2259 est
1161 2218 1460 2270 voluntarium,
1485 2226 1524 2257 et
1546 2217 1647 2256 fides
1670 2217 1869 2270 scripture

267 2310 360 2338 result
381 2310 406 2337 is
427 2313 479 2336 not
499 2308 541 2335 1„-
557 2303 654 2342 sepe
686 2290 784 2329 dicit
816 2291 932 2343 quod
977 2290 1109 2329 homo
1141 2290 1231 2328 vult
1263 2297 1303 2328 et
1335 2288 1468 2341 diligit
1499 2287 1632 2327 multa
1664 2287 1786 2338 mala,
1830 2295 1869 2326 et

342 2345 463 2372 tended.

556 2368 697 2398 tamen
720 2368 870 2399 notum
894 2367 953 2398 est
967 2359 1082 2412 quod
1103 2371 1188 2397 non
1204 2358 1294 2397 vult
1315 2357 1406 2410 ipsa
1428 2356 1616 2409 explicite
1634 2356 1867 2395 secundum
1883 2365 1926 2397 30

558 2429 767 2468 racionem
801 2442 884 2481 qua
915 2428 1038 2469 mala.
1092 2429 1143 2468 Et
1181 2427 1255 2467 hec
1287 2427 1397 2467 racio
1441 2440 1566 2480 quare
1598 2438 1762 2464 necesse
1809 2434 1868 2464 est

558 2498 754 2538 dominos
787 2497 1039 2550 temporales
1078 2497 1119 2535 in
1158 2510 1409 2551 quacunque
1443 2494 1710 2536 concessione
1744 2508 1866 2547 gene-

559 2568 652 2607 ralis
702 2567 904 2620 privilegii
951 2567 1016 2606 vel
1061 2567 1288 2607 elemosine
1332 2575 1531 2620 perpetue
1563 2564 1869 2617 subintelligere

614 2781 638 2799 2.
659 2774 688 2801 A
708 2773 737 2800 in
759 2779 874 2806 marg:
896 2770 1075 2806 Sophisma.
1220 2771 1248 2799 6.
1275 2771 1315 2797 B:
1342 2778 1412 2797 cum
1434 2776 1495 2797 non
1515 2768 1588 2796 vult.
1732 2777 1773 2796 ιο.
1795 2768 1816 2795 Β
1838 2768 1867 2795 in

562 2827 675 2854 marga
696 2819 825 2846 Volucio
847 2817 1122 2853 dupleximplicita
1142 2816 1256 2844 scilicet
1276 2822 1304 2844 et
1324 2817 1474 2852 explicita.
1590 2821 1634 2849 27.
1657 2815 1681 2841 Α
1703 2815 1732 2843 in
1755 2821 1868 2848 marg.=

562 2866 766 2901 Augustinus.
913 2863 951 2891 31.
975 2866 998 2891 Α
1021 2865 1050 2891 in
1073 2871 1185 2898 marg:
1208 2862 1386 2891 Conclusio.
