2051 3273
262 214 351 242 CAP.
373 201 456 259 xv]
761 215 820 246 DE
847 214 1081 246 ECCLESIA.
1774 198 1850 251 343

110 330 246 375 K175d
261 328 464 360 mentum.
506 320 626 359 Unde
659 320 845 359 solebam
877 318 1010 357 dicere
1043 317 1159 370 quod
1191 315 1350 354 ablacio
1384 315 1566 368 quedam

230 398 322 434 1est
365 389 576 442 utrimque
616 390 738 439 bona,
777 397 821 428 ut
853 387 980 427 Marci
1025 387 1093 438 110,
1130 399 1196 438 20,
1239 385 1336 425 dicit
1381 384 1568 425 Christus

261 459 376 512 quod
405 459 635 513 auferetur
666 471 691 497 a
714 457 937 511 discipulis
964 458 1056 497 suis
1078 469 1278 509 sponsus,
1312 454 1567 508 quandoque

220 542 245 574 2
260 538 423 568 tantum
446 528 690 568 alterutrum
713 528 821 567 bona
845 526 909 583 (ut
932 527 1040 567 Osee
1067 526 1160 579 VO),
1183 526 1438 579 quandoque
1466 536 1564 562 vero

228 599 470 652 5utrimque
493 599 614 649 mala,
649 606 694 636 ut
722 598 892 650 quando
916 596 1125 636 criminosi
1149 595 1330 648 spoliant
1353 608 1440 634 sese
1462 593 1563 633 reci-

218 681 397 720 3proce,
432 681 596 720 semper
627 675 768 706 autem
807 676 867 706 est
911 667 1068 706 ablacio
1114 665 1273 718 passiva
1305 664 1413 703 bona
1454 663 1563 702 abla-

258 737 361 776 tario
394 746 665 790 permanente
697 737 738 775 in
772 737 981 776 caritativa
1013 735 1234 789 paciencia.

167 819 242 852 1,ss
317 807 467 847 Tercio
500 806 773 847 confirmatur
805 821 852 847 ex
883 807 972 860 lege
1005 806 1130 846 debiti
1174 803 1401 844 elemosine
1445 802 1561 855 spiri-
1587 808 1612 837 3.
1634 809 1701 837 The
1720 809 1799 844 King
1819 809 1844 836 is

258 877 392 917 tualis.
426 878 535 916 Nam
567 891 635 916 rex
667 885 830 917 tenetur
860 885 947 916 tam
979 890 1027 914 ex
1058 876 1146 915 iure
1183 874 1258 913 Dei
1303 886 1431 926 quam
1476 845 1851 918 ittrechiffiiSstfbfeecets

202 968 240 990 10
257 946 371 999 regni
405 960 564 986 servare
596 955 804 999 quantum
836 945 989 985 sufficit
1020 945 1137 997 legiis
1169 943 1254 984 suis
1286 942 1491 982 iusticiam
1525 951 1564 981 et
1577 913 1851 1011 areoffitpssfflffired

256 1015 445 1055 debitum
477 1030 583 1068 opus
617 1016 839 1069 spiritualis
871 1014 1150 1054 misericordie
1195 1013 1258 1068 (ut
1296 1020 1408 1065 patet
1439 1025 1561 1064 supe-
1681 992 1707 1011 a]
1735 1004 1741 1010 ’

254 1085 338 1124 rius
376 1094 551 1125 tractatu
583 1086 643 1125 De
675 1084 935 1138 privilegiis),
968 1085 1037 1124 sed
1072 1083 1319 1137 precipuum
1342 1095 1450 1135 opus
1473 1081 1563 1121 talis

256 1155 537 1194 misericordie
569 1155 651 1209 regi
685 1155 895 1208 pertinens
927 1154 1032 1194 foret
1054 1153 1273 1206 castigacio
1297 1152 1480 1193 coactiva
1513 1152 1563 1190 ad

258 1224 593 1264 continuandum
652 1239 746 1264 suas
806 1224 1072 1276 elemosinas3
1137 1237 1234 1276 ergo
1289 1223 1391 1262 illud
1443 1222 1564 1261 debet
1598 1259 1600 1263 .

202 1294 511 1347 15impendere.
544 1295 665 1335 Unde
698 1295 768 1347 qui
802 1294 1072 1334 offenduntur
1093 1293 1274 1332 maxime
1306 1293 1357 1331 ad
1389 1292 1563 1332 verbum

255 1365 305 1402 de
337 1364 552 1403 ablacione
598 1364 894 1417 temporalium
937 1363 1158 1402 vendicant
1201 1362 1317 1415 quod
1361 1362 1563 1401 seculares

254 1433 478 1472 defendant
522 1434 770 1473 elemosinas
815 1447 988 1473 suorum
1034 1432 1350 1485 progenitorum
1400 1431 1440 1469 in
1487 1446 1561 1471 suo

253 1504 401 1542 robore
416 1512 718 1555 permanentes,
735 1504 849 1556 quod
865 1516 950 1542 non
974 1502 1017 1541 fit
1039 1501 1171 1556 (iuxta
1191 1501 1298 1540 dicta
1318 1501 1431 1541 ΧΙΙΙΟ
1451 1502 1559 1558 cap.)

253 1573 330 1611 nisi
363 1574 464 1612 dum
497 1573 666 1613 ecclesia
697 1573 821 1613 habet
852 1572 1087 1625 profectum
1122 1585 1169 1610 ex
1206 1571 1335 1610 modo
1369 1573 1559 1613 elemosi-

197 1666 238 1687 20
254 1643 392 1694 nandi,
427 1643 483 1682 sic
516 1643 631 1697 quod
664 1643 814 1682 collata
836 1650 1077 1682 remaneant
1099 1641 1140 1679 in
1163 1639 1329 1679 racione
1357 1641 1559 1695 privilegii

252 1713 316 1752 vel
332 1712 571 1763 elemosine,
591 1712 706 1766 quod
724 1711 978 1764 extinguitur
991 1711 1094 1749 dum
1109 1710 1385 1750 elemosinarii
1401 1712 1559 1752 collatis

252 1782 491 1821 elemosinis
529 1784 779 1833 abutuntur,
839 1780 1029 1834 quamvis
1074 1779 1185 1819 enim
1239 1790 1448 1821 remaneat
1493 1782 1559 1835 pie

251 1852 446 1891 donantis
477 1852 687 1903 voluntas,
720 1865 815 1891 cum
850 1851 1012 1890 donum
1035 1849 1249 1903 corporale
1271 1850 1405 1902 perdit
1427 1850 1556 1891 racio-

250 1936 348 1961 nem
382 1922 610 1961 elemosine
642 1935 715 1975 per
744 1922 936 1972 abusum,
971 1928 1009 1960 et
1041 1919 1185 1959 fuisset
1208 1919 1405 1959 meritum
1427 1921 1556 1960 dona-

194 2002 233 2034 25
250 1991 347 2030 toris
380 1991 601 2043 extensius,
636 1990 856 2044 supposito
891 1990 1005 2043 quod
1036 1989 1098 2028 sui
1123 1988 1400 2028 elemosinarii
1432 1990 1559 2043 profi-

250 2070 387 2101 cerent
408 2061 540 2114 magis
571 2060 753 2111 ecclesie,
777 2060 873 2113 quia
895 2059 937 2098 in
960 2058 1059 2111 ipsis
1083 2058 1403 2099 elemosinantes
1426 2061 1558 2113 magis

248 2130 507 2184 proficerent.
553 2130 619 2170 Sic
667 2130 779 2169 enirn
825 2129 1059 2168 secundum
1090 2128 1260 2167 beatum
1298 2128 1557 2170 Bernardum

247 2209 466 2254 peccatum
486 2199 595 2239 Petri
616 2198 826 2238 Abellardi
850 2207 910 2237 est
931 2197 1067 2237 adhuc
1090 2198 1307 2249 incertum,
1331 2207 1555 2253 antequam

247 2279 443 2310 noscatur
475 2270 591 2322 quod
621 2268 813 2309 homines
846 2282 893 2307 ex
925 2281 999 2307 sua
1030 2267 1162 2306 heresi
1195 2267 1455 2310 seducentur.

190 2349 232 2381 30
305 2339 427 2379 Unde
460 2338 565 2378 solet
598 2338 676 2377 dici
709 2336 991 2378 communiter
1022 2337 1137 2389 quod
1174 2336 1400 2377 elemosina
1433 2338 1556 2378 habet

247 2409 553 2462 perfeccionem
586 2408 853 2448 essencialem
884 2421 966 2461 que
999 2408 1226 2448 attenditur
1257 2421 1383 2461 penes
1420 2408 1552 2448 fervo-

297 2553 327 2577 4.
347 2544 376 2571 A
396 2544 453 2578 A1:
474 2544 599 2579 quando
622 2543 716 2571 deest.
839 2543 875 2571 15.
897 2543 978 2571 Hus:
1000 2543 1090 2571 Unde
1111 2544 1213 2571 clerici
1234 2544 1296 2579 qui.
1413 2544 1453 2572 18.
1474 2546 1502 2572 A
1523 2545 1552 2572 in

244 2594 343 2617 textu:
371 2588 466 2616 XXII.
487 2596 572 2623 cap.;
604 2589 737 2618 correxit
762 2589 791 2617 in
820 2597 918 2625 marg.
1062 2588 1105 2617 23.
1135 2589 1286 2618 Voluntas
1317 2591 1401 2618 deest
1427 2591 1456 2617 in
1478 2592 1505 2618 A
1525 2595 1553 2618 et

244 2636 284 2669 B;
304 2636 344 2669 Al
365 2634 435 2662 add.
456 2635 487 2662 in
508 2643 604 2670 marg.
749 2635 791 2663 23.
824 2635 864 2662 B:
890 2640 955 2663 tum
986 2635 1111 2663 donum.
1254 2635 1299 2663 28.
1329 2636 1368 2664 B:
1389 2641 1434 2664 est
1454 2637 1553 2664 adhuc

244 2681 402 2717 meritum,
423 2685 598 2716 antequam.
741 2682 788 2710 30.
809 2682 835 2709 A
851 2681 872 2708 B
888 2681 918 2708 in
933 2689 1049 2717 marg.:
1068 2681 1149 2710 Nota
1169 2682 1206 2710 de
1222 2682 1336 2718 duplici
1357 2682 1551 2718 perfeccione

244 2727 424 2754 elemosine.

300 2831 331 2864 9.
358 2821 432 2853 Hus
458 2822 479 2853 l.
506 2832 534 2855 c.
