2051 3273
216 211 412 268 CAP.X111.]
726 223 785 254 DE
811 223 1043 255 ECCLESIA.

74 341 107 373 B
132 338 209 383 167d
223 343 296 382 per
316 329 438 368 istam
460 327 707 380 particulam
728 340 823 366 cum
839 326 1034 379 paribus.
1059 325 1278 379 Contingit
1301 335 1440 365 autem
1463 339 1536 378 per

225 397 416 437 accidens
448 397 704 436 occisionem
725 396 910 436 hominis
942 396 1007 434 vel
1041 395 1127 434 eius
1150 395 1421 447 punicionen]
1447 408 1534 434 esse

223 467 356 520 magis
399 466 664 517 autenticam,
712 465 809 518 quia
852 465 948 517 plus
992 465 1082 504 Deo
1127 465 1361 516 placentem
1405 477 1535 517 quam

226 537 321 576 data
351 535 545 574 liberacio
579 549 602 574 a
633 544 769 574 morte
801 535 865 573 vel
887 533 1099 573 restitucio
1132 534 1183 572 ad
1214 532 1534 586 prosperitatem

191 606 262 649 5in
298 605 418 644 bonis
450 613 596 643 nature
628 605 693 643 vel
726 603 906 655 fortune,
940 602 1161 655 supposito
1194 603 1310 655 quod
1342 602 1534 654 precedat

224 689 271 714 ex
302 674 451 713 maiori
485 673 664 713 caritate.
717 674 1049 725 Verumptamen
1089 685 1186 711 cum
1225 671 1419 724 operacio
1453 684 1533 724 que

223 744 456 783 secundum
503 757 544 782 se
589 751 628 782 et
672 743 905 782 secundum
950 755 1044 781 suas
1094 741 1429 780 circumstancias
1473 749 1533 780 est

223 812 447 865 exemplari
494 825 571 851 suo
610 812 653 850 in
687 811 854 851 Christo
888 811 1076 862 similior,
1121 810 1242 849 debet
1286 823 1530 862 correspon-

223 884 366 922 denter
404 895 491 922 esse
529 881 792 933 caritativior,
831 894 1028 934 suppono
1068 881 1184 933 quod
1220 880 1445 933 loquamur
1483 880 1533 919 de

170 972 207 993 10
223 951 551 992 autenticacione
575 950 712 1003 operis
736 949 797 1005 (in
819 958 1027 1003 quantum
1048 947 1326 1002 huiusmodi),
1365 958 1404 989 et
1436 962 1533 988 cum

224 1021 362 1061 omnis
407 1020 683 1060 autenticacio
728 1020 863 1072 operis
917 1019 1047 1059 nostri
1095 1019 1391 1072 correspondet
1433 1031 1530 1070 pro-

223 1090 520 1144 porcionaliter
568 1089 870 1142 approbacioni
918 1088 1084 1140 Christi,
1136 1098 1252 1141 patet
1302 1088 1529 1128 conclusio.

223 1162 360 1200 Nemo
396 1159 508 1198 enim
541 1159 662 1198 debet
685 1158 814 1198 facere
837 1172 946 1211 opus
980 1157 1262 1197 misericordie
1284 1157 1362 1196 nisi
1384 1171 1530 1197 secun-

222 1231 326 1269 dum
341 1228 574 1268 doctrinam
589 1242 718 1281 quam
733 1228 875 1268 didicit
889 1242 911 1267 a
927 1228 1109 1279 Christo,
1133 1228 1205 1266 sed
1228 1241 1326 1267 cum
1341 1227 1530 1268 Christus

169 1308 205 1339 15
222 1299 366 1339 docuit
397 1313 474 1338 nos
518 1300 613 1338 dare
645 1298 921 1351 temporalem
961 1297 1237 1337 elemosinam
1274 1307 1313 1337 et
1350 1310 1435 1336 non
1474 1297 1531 1337 sic

221 1377 482 1421 perpetuam,
514 1367 701 1421 sequitur
733 1368 849 1420 quod
878 1367 1119 1420 temporalis
1152 1367 1446 1406 elemosinacio
1479 1367 1531 1406 sit

220 1437 354 1489 magis
386 1437 606 1477 autentica.

181 1516 206 1548 2
278 1507 395 1558 Item,
440 1507 814 1560 proporcionaliter
846 1515 892 1546 ut
938 1506 1132 1559 operacio
1174 1506 1384 1545 meritoria
1424 1507 1530 1559 sapit

220 1575 424 1615 maiorem
454 1575 750 1627 humilitatem,
783 1585 842 1615 est
875 1577 964 1615 Deo
987 1575 1236 1628 placencior,
1269 1584 1307 1615 et
1333 1590 1406 1628 per
1429 1589 1528 1615 con-

164 1664 206 1686 20
222 1659 400 1698 sequens
432 1646 527 1697 plus
560 1645 767 1685 autentica
800 1646 912 1698 apud
943 1645 1191 1697 magistrum
1222 1645 1293 1698 qui
1327 1655 1387 1686 est
1417 1646 1529 1685 mitis

220 1724 260 1754 et
290 1715 460 1755 humilis
494 1716 638 1766 corde;
673 1715 743 1754 sed
775 1715 831 1754 sic
864 1724 924 1755 est
956 1716 1005 1754 de
1039 1714 1390 1754 elemosinacione
1422 1724 1527 1755 tem-

219 1784 353 1837 porali
384 1794 574 1837 respectu
598 1784 962 1824 elemosinacionis
985 1794 1196 1837 perpetue.
1232 1784 1345 1837 Ergo
1377 1784 1446 1823 illa
1469 1794 1529 1824 est

217 1854 349 1907 magis
383 1853 603 1893 autentica.
648 1853 788 1892 Minor
827 1854 1028 1906 probatur
1059 1867 1106 1893 ex
1137 1853 1217 1893 hoc
1249 1855 1365 1906 quod
1399 1854 1527 1894 solius

218 1923 378 1962 domini
416 1923 617 1975 temporis
661 1923 732 1976 qui
773 1932 833 1963 est
872 1924 983 1962 Deus
1028 1932 1089 1962 est
1121 1937 1193 1976 per
1225 1937 1267 1963 se
1300 1925 1526 1964 concedere

162 2001 202 2034 25
219 1993 381 2032 donum
424 2002 690 2046 perpetuum,
742 1994 854 2032 unde
905 1992 969 2047 (ut
1025 1993 1122 2032 alias
1166 1992 1386 2047 declaravi)
1439 2007 1524 2033 non

127 2062 401 2102 nasasubiacet
444 2063 639 2115 potestati
690 2062 875 2101 hominis
903 2062 928 2090 ἧς
957 2063 1182 2102 concedere
1235 2064 1395 2102 donum
1447 2076 1524 2115 pro

216 2131 357 2184 aliquo
400 2141 604 2184 tempore,
649 2131 725 2171 nisi
774 2145 851 2185 pro
889 2141 1079 2185 tempore
1124 2145 1208 2185 quo
1253 2132 1340 2184 ipse
1384 2141 1525 2185 potest

215 2201 366 2241 habere
396 2203 460 2240 vel
483 2202 688 2241 dominari
712 2202 862 2253 eidem,
897 2216 994 2241 cum
1017 2202 1128 2241 Deus
1152 2215 1238 2241 non
1262 2210 1400 2254 potest
1422 2216 1522 2241 con-

217 2271 360 2311 cedere
392 2271 456 2310 ius
490 2271 696 2311 extensius
730 2273 813 2311 sive
847 2272 1014 2311 uberius
1037 2285 1166 2324 quam
1187 2271 1365 2323 ipsemet
1386 2280 1525 2324 potest

159 2348 201 2379 30
216 2340 378 2379 habere.
413 2339 524 2379 Cum
548 2353 646 2393 ergo
673 2353 757 2379 non
781 2340 831 2379 sit
853 2340 893 2379 in
916 2349 1121 2393 potestate
1144 2340 1337 2379 secularis
1361 2341 1523 2380 domini

215 2409 364 2448 habere
398 2418 600 2462 perpetuo
632 2410 714 2449 tale
747 2410 923 2461 donum,
966 2410 1129 2449 videtur
1166 2410 1284 2462 quod
1317 2423 1404 2448 non
1437 2410 1520 2450 suf-

214 2478 299 2518 ficit
345 2492 417 2531 per
465 2493 507 2518 se
561 2488 646 2517 tam
689 2488 853 2518 extense
898 2480 1126 2532 quicquam
1171 2480 1409 2518 concedere.
1470 2480 1523 2519 Et

214 2547 483 2587 confirmacio
505 2548 631 2587 huius
661 2558 720 2587 est
752 2549 868 2601 quod
890 2549 1021 2588 homo
1051 2562 1137 2587 non
1159 2558 1300 2601 potest
1322 2548 1521 2588 ratificare

213 2617 534 2669 perpetuitatem
567 2617 742 2656 dominii
783 2631 860 2656 suo
898 2616 1041 2656 heredi
1076 2618 1251 2657 naturali
1291 2618 1355 2657 cui
1388 2618 1520 2670 magis

157 2693 196 2725 35
213 2685 390 2725 afficitur
421 2695 639 2739 tamquam
660 2686 792 2738 magis
825 2686 978 2739 capaci.
1014 2688 1247 2734 Quomodo
1271 2700 1368 2740 ergo
1401 2687 1518 2726 recti-

213 2753 352 2794 ficabit
401 2755 671 2794 elemosinam
723 2756 773 2794 ab
826 2756 1135 2808 approbacione
1181 2756 1335 2795 Christi
1386 2756 1519 2807 magis

213 2821 472 2864 extraneam?
524 2824 638 2864 Sicut
670 2838 767 2878 ergo
801 2825 988 2876 Edgarus
1021 2834 1060 2864 et
1091 2834 1256 2865 sanctus
1289 2826 1519 2865 Edwardus

1742 225 1821 265 277

1560 1528 1587 1549 2.
1602 1521 1801 1559 'sempor-ary

1584 1557 1661 1584 alms
1681 1558 1778 1593 imply

1552 1599 1641 1619 more
1660 1591 1814 1629 humility.

1563 1937 1662 1966 Man’s
1685 1947 1788 1972 power

1552 1981 1626 2000 over
1649 1974 1750 2008 things
1771 1974 1796 2000 is

1547 2013 1725 2043 temporury
1745 2010 1804 2036 and

1545 2042 1582 2069 he
1602 2048 1715 2069 cannot
1736 2043 1804 2077 give

1556 2077 1651 2111 rights
1673 2078 1737 2104 that
1758 2078 1795 2105 he

1601 2112 1675 2139 does
1696 2117 1751 2139 not

1609 2155 1746 2181 possess.
