2051 3273
231 201 305 238 166
932 204 1154 236 JOHANNIS
1182 203 1374 235 WYcLff.
1623 187 1818 244 [cruzvm.

513 327 638 353 omne
662 313 823 351 bonum
853 309 1024 363 profluit
1047 321 1201 360 sponse
1224 306 1392 355 Christi,
1426 314 1464 345 et
1487 315 1531 344 ut
1560 305 1616 344 sic
1649 303 1821 343 offendit
1840 315 1915 347 1510
1938 314 1970 347 F

511 384 566 422 in·
599 390 733 422 totam
780 379 1008 429 ecclesiam,
1042 377 1140 430 quia
1173 384 1315 415 contra
1346 374 1426 414 hoc
1459 374 1708 413 mandatum
1745 373 1818 413 do-

512 452 633 491 mini:
674 451 770 490 Non
811 449 995 501 loqueris
1028 453 1179 486 contra
1214 446 1466 497 proximum
1509 450 1624 483 tuum
1646 443 1818 496 falsum

513 522 814 566 testimonium,
850 519 981 557 Exod.
1014 518 1124 568 XX0‚
1172 517 1232 567 16,
1265 514 1484 553 iniuriatur
1515 522 1560 553 ut
1592 513 1649 552 sic
1682 521 1820 552 sancte

512 590 631 630 matri
656 588 843 629 ecclesie:
876 587 970 626 ideo
995 586 1099 624 absit
1124 584 1340 624 ecclesiam
1364 592 1553 636 expetere
1576 582 1821 622 huiusmodi
1837 594 1853 626 5

512 669 734 700 oratorem.
766 659 874 697 Nam
898 656 1133 695 secundum
1154 653 1445 707 Augustinum
1467 666 1591 705 super
1604 651 1821 690 Psalmum

513 731 623 769 Vssffl:
671 728 715 767 Si
759 728 835 766 hoc
869 726 1027 766 dicitur
1058 725 1172 777 quod
1204 730 1279 775 est,
1318 736 1466 763 verum
1500 723 1671 773 dicitur,
1706 730 1745 761 et
1777 731 1822 761 ut

512 799 568 838 sic
613 799 664 836 ad
708 811 805 836 eum
838 795 908 848 qui
943 804 1002 834 est
1035 794 1262 844 acceditur,
1305 793 1343 832 Si
1374 799 1515 832 autem
1550 792 1626 831 hoc
1664 791 1823 831 dicitur

512 869 623 920 quod
656 880 739 906 non
774 872 849 917 est,
889 865 1157 904 mendacium
1185 863 1244 916 fit
1283 872 1320 902 et
1352 876 1374 901 a
1405 861 1574 901 veritate
1605 861 1820 901 receditur.

512 938 612 977 Ideo
656 936 758 976 dicit
794 936 1032 988 propheta:
1082 934 1237 974 Perdes
1270 946 1417 973 omues
1439 929 1461 953 ψ
1486 934 1557 985 qui
1589 933 1921 985 [οςῃιιιηίῑινώκ1

513 1007 797 1046 mendacium.
851 1006 972 1045 Unde
1018 1018 1069 1043 ne
1113 1004 1207 1057 quis
1251 1003 1468 1042 arbitretur
1512 1002 1744 1055 perfectum
1785 1011 1824 1041 et

513 1076 769 1129 spiritualem
801 1074 1020 1113 hominem
1054 1087 1128 1126 pro
1160 1073 1236 1113 ista
1265 1072 1485 1125 temporali
1518 1071 1601 1110 vita
1632 1071 1672 1110 in
1708 1071 1823 1110 cuius

514 1155 647 1185 morte
675 1158 760 1184 non
784 1144 989 1183 occiditur
1003 1143 1155 1194 anima,
1170 1143 1256 1195 sive
1280 1156 1352 1181 sua
1376 1142 1459 1180 sive
1482 1141 1660 1192 alterius,
1677 1141 1824 1180 debere

512 1215 691 1265 mentiri,
729 1228 813 1253 non
848 1213 1043 1253 inmerito
1076 1213 1118 1251 in
1157 1212 1238 1251 alio
1278 1213 1373 1251 loco
1406 1211 1609 1264 scriptum
1641 1220 1720 1250 est:
1767 1209 1825 1250 OS

515 1285 626 1338 quod
659 1286 864 1324 mentitur
896 1283 1047 1322 occidit
1079 1284 1284 1322 animam.
1846 1287 1881 1319 15

571 1355 631 1393 Ex
650 1368 735 1407 quo
751 1362 864 1407 patet
882 1354 997 1406 quod
1013 1367 1088 1405 pro
1104 1361 1191 1392 tota
1208 1351 1430 1391 universali
1446 1350 1615 1390 ecclesia
1632 1350 1826 1389 salvanda
1841 1357 1877 1390 G

515 1425 654 1464 nullus
686 1424 849 1476 sapiens
875 1423 1131 1473 mentiretur,
1166 1436 1264 1461 nam
1288 1435 1385 1460 cum
1408 1434 1535 1460 omne
1558 1420 1827 1459 mendacium

514 1494 564 1534 sit
586 1503 807 1547 peccatum
836 1503 979 1533 contra
1002 1501 1207 1542 naturam,
1242 1505 1290 1530 eo
1314 1491 1429 1544 quod
1452 1499 1540 1530 tota
1572 1499 1719 1529 natura
1751 1490 1828 1530 fuit

515 1578 617 1616 pure
649 1564 690 1602 in
723 1563 892 1603 veritate
916 1563 1002 1602 sine
1027 1561 1246 1601 mendacio
1279 1561 1472 1614 primitus
1502 1560 1702 1611 instituta,
1735 1560 1827 1613 quis

275 1640 334 1666 and
355 1640 453 1666 ¹¹¹¹·0w
516 1643 756 1687 procuraret
770 1646 846 1686 pro
871 1634 984 1671 bono
1008 1631 1174 1671 ecclesie
1190 1644 1262 1684 per
1276 1630 1400 1669 verba
1414 1627 1653 1669 mendacia?
1676 1631 1857 1670 Nonnel

435 1684 438 1688 ·
455 1676 459 1699 ι

242 1675 411 1741 Ιπῗῖῃιῗξῑῑοῐῗ
430 1674 488 1735 aliid
516 1704 677 1743 domini
701 1703 903 1743 seculares
926 1702 1139 1742 audientes
1156 1701 1270 1754 quod
1286 1714 1359 1753 per
1374 1700 1527 1752 dogma
1542 1699 1707 1748 falsum,
1732 1700 1829 1753 quia

279 1743 452 1778 mmmm*
516 1787 588 1826 per
619 1772 900 1823 mendacium,
932 1771 983 1811 sit
1015 1770 1278 1824 privilegium
1312 1769 1480 1809 ecclesie
1503 1768 1829 1820 defendendum,

516 1858 562 1882 ex
602 1842 779 1881 naturali
818 1841 977 1880 lumine
1017 1840 1158 1880 statim
1198 1840 1495 1879 convincerent
1533 1840 1648 1892 quod
1691 1848 1829 1878 totum

517 1912 782 1966 privilegium
816 1912 865 1950 sit
899 1911 1078 1950 mendax
1112 1920 1151 1950 et
1184 1910 1382 1949 frivolum
1427 1910 1541 1962 quod
1585 1909 1742 1961 indiget
1774 1909 1830 1948 sic

518 1982 649 2022 fulciri
683 1978 935 2021 mendaciis?
981 1982 1132 2020 Nonne
1178 1980 1330 2019 iterum
1362 1979 1577 2019 audientes
1612 1980 1868 2018 doctorem2

518 2052 686 2091 ecclesie
719 2051 1002 2104 dogmatizare
1046 2051 1211 2103 publice
1260 2051 1376 2103 quod
1410 2049 1622 2102 privilegia
1660 2048 1827 2088 ecclesie

518 2131 615 2161 sunt
658 2135 729 2174 per
768 2121 984 2160 mendacia
1017 2121 1276 2173 inpetranda,
1321 2119 1630 2171 suspicarentur
1678 2119 1826 2171 proba-

520 2192 653 2231 biliter
698 2192 813 2244 quod
864 2200 950 2230 tota
1009 2189 1219 2243 suggestio
1267 2203 1351 2242 qua
1394 2189 1669 2241 impetrantur
1719 2189 1829 2227 bona

520 2261 690 2300 ecclesie
723 2261 773 2300 sit
805 2261 984 2299 mendax
1017 2269 1056 2299 et
1089 2259 1201 2309 falsa,
1243 2268 1282 2298 et
1313 2273 1386 2312 per
1420 2273 1696 2311 consequens,
1736 2272 1827 2297 om-

520 2331 587 2370 nia
631 2331 700 2369 illa
743 2331 854 2369 bona
899 2329 1035 2368 forent
1082 2343 1129 2368 ex
1159 2328 1337 2368 ‘defectu
1370 2328 1631 2368 fundamenti
1676 2327 1830 2367 stabilis
1847 2330 1888 2363 30

519 2396 768 2440 auferenda?
815 2401 968 2439 Nonne
1000 2398 1125 2439 tercio
1159 2399 1328 2438 credens
1362 2398 1577 2438 ecclesiam
1611 2398 1666 2437 sic
1705 2397 1870 2450 privi-3

572 2525 600 2552 (3.
627 2525 655 2551 A
675 2523 703 2551 iu
726 2531 840 2559 marg:
868 2524 1071 2559 Augustinus.
1215 2524 1241 2550 S.
1263 2524 1343 2558 Aug.
1365 2523 1382 2549 l.
1406 2531 1449 2550 c.:
1478 2521 1510 2550 Si
1538 2522 1620 2549 enim
1642 2523 1699 2549 hoc
1721 2522 1831 2549 dicitur

519 2571 602 2607 quod
624 2576 679 2607 est,
705 2578 811 2598 verum
834 2570 955 2605 dicitur,
986 2571 1011 2597 si
1032 2575 1134 2597 autem
1156 2571 1211 2597 hoc
1233 2570 1344 2597 dicitur
1364 2570 1445 2605 quod
1469 2577 1528 2596 uon
1551 2574 1605 2605 est,
1634 2569 1830 2596 mendacium

520 2621 575 2644 est.
717 2615 759 2643 23.
782 2617 831 2643 ss.:
861 2625 896 2643 ex
917 2621 1023 2643 natura
1048 2616 1173 2644 lumine.
1317 2615 1359 2642 23.
1382 2617 1420 2642 b':
1449 2615 1656 2642 convinceret.
1688 2614 1829 2642 Rectius:

519 2663 787 2690 convincerentur.

577 2769 608 2800 7.
640 2759 728 2800 Aug.
762 2760 781 2789 l.
820 2768 846 2789 c.
886 2758 977 2801 opp.
1008 2759 1063 2798 lV7
1111 2769 1142 2800 p.
1179 2758 1201 2798 Ι,
1234 2769 1265 2800 p.
1300 2757 1347 2788 ιδ.
1491 2767 1520 2799 9.
1559 2756 1687 2787 Psalm.
1729 2757 1767 2796 V,
1801 2767 1830 2797 7.

526 2815 810 2858 16.5ap.1,11.
