2051 3273
195 176 274 228 570

188 857 212 884 It
242 857 365 885 follows
398 858 462 884 that

189 900 203 919 a
220 900 291 919 man
306 892 331 919 is
346 897 400 919 not
413 892 463 919 the

241 927 336 954 better
361 927 411 954 for

247 962 404 996 soliciting

220 996 432 1029 indulgences‚

230 2182 298 2209 The
320 2191 426 2218 power

188 2217 331 2245 ascribed
358 2222 390 2244 to
411 2219 462 2245 the

187 2253 270 2288 Pope
291 2253 316 2280 is
332 2252 460 2280 infinite.

909 186 1132 219 JOHANNIS
1157 186 1351 219 WYCLIF.
1560 173 1665 233 [CAP.
1688 184 1796 212 xxm.

478 305 586 343 pena
631 300 671 330 et
719 293 841 344 culpa
896 292 1139 330 introducta
1186 292 1226 329 in
1267 292 1470 343 opinione
1506 293 1655 345 populi
1690 293 1798 332 foret
1816 303 1948 338 205d1,

478 361 735 413 simplicium
765 361 998 414 seductiva,
1031 370 1071 401 et
1100 370 1348 414 sequeretur
1372 370 1550 415 utraque
1582 362 1797 401 conclusio

478 444 606 483 quarn
643 430 793 470 doctor
832 431 1005 484 reliquit
1044 440 1091 470 ut
1131 431 1447 483 inconveniens,
1483 432 1641 471 scilicet
1681 432 1797 484 quod

479 501 639 553 absque
692 501 810 539 omni
864 501 933 539 tali
986 500 1256 553 indulgencia
1310 500 1464 552 dignus
1508 502 1620 554 apud
1658 501 1809 540 Deum·

478 570 769 609 remissionem
789 570 1174 623 proporcionaliter
1193 579 1443 623 sequeretur
1467 580 1507 609 et
1530 571 1797 623 indulgencie
1814 582 1830 614 5

479 640 766 679 communiter
798 639 948 679 fierent
972 653 1050 693 pro
1075 649 1163 679 tota
1198 640 1386 679 ecclesia.
1414 640 1659 680 Profectum
1685 640 1795 679 enim

479 709 615 748 tocius
649 710 824 749 ecclesie
859 710 984 749 debet
1018 723 1127 762 papa
1161 710 1301 762 primo
1334 710 1554 750 intendere
1587 719 1628 750 et
1658 710 1795 750 distri-

480 780 706 818 bucionem
730 780 881 832 premii
907 780 1065 818 iudicio
1090 780 1234 818 divino
1261 780 1515 832 relinquere,
1540 788 1587 819 ut
1611 788 1794 833 oportet.

537 849 599 888 Ex
631 849 789 901 quibus
822 849 992 888 videtur
1026 849 1141 903 quod
1176 862 1260 888 non
1295 858 1356 888 est
1389 849 1640 889 altrinsecus
1675 849 1850 893 valdeM

479 917 748 957 meritorium
790 918 948 957 instare
994 932 1123 970 penes
1171 932 1325 972 papam
1379 932 1457 971 pro
1512 919 1794 971 indulgenciis
1814 941 1853 962 10

477 988 605 1027 huius
659 988 943 1040 acquirendis,
999 989 1097 1041 quia
1152 989 1215 1027 vel
1268 997 1439 1040 oportet
1491 989 1629 1029 dicere
1679 989 1795 1042 quod

479 1058 649 1097 racione
692 1058 821 1097 huius
868 1058 1169 1110 occupacionis
1215 1057 1261 1097 fit
1308 1058 1440 1097 homo
1473 1058 1642 1110 dignior
1681 1060 1794 1112 apud

479 1129 634 1180 Deum,
692 1141 821 1181 quam
873 1127 985 1167 foret
1041 1128 1280 1168 omittendo
1347 1128 1473 1167 talem
1530 1129 1796 1181 instanciam,

480 1199 547 1237 vel
580 1198 699 1237 aliter
723 1197 838 1250 quod
863 1197 915 1236 ad
941 1198 1186 1236 habendum
1218 1197 1454 1237 affectatam
1480 1198 1796 1251 indulgenciam

480 1267 589 1307 foret
623 1267 842 1307 concessio
877 1268 943 1307 vel
976 1268 1089 1306 bulla
1124 1268 1286 1320 papalis
1320 1267 1577 1308 indifferens.
1604 1269 1853 1311 Primum15

479 1350 564 1376 non
598 1336 770 1376 dabitur
801 1345 977 1389 propter
1010 1337 1108 1377 tria:
1143 1337 1288 1377 Primo
1322 1338 1421 1390 quia
1456 1339 1652 1390 apostoli,
1687 1351 1796 1391 quos

478 1407 651 1460 spiritus
684 1416 855 1446 sanctus
882 1407 1027 1446 docuit
1062 1420 1234 1446 ornnem
1259 1408 1496 1459 veritatem,
1529 1408 1797 1460 culpabiliter

478 1477 722 1516 omisissent
754 1476 1089 1528 occupacionem
1125 1487 1211 1516 tam
1246 1477 1510 1516 meritoriam
1545 1491 1622 1531 pro
1655 1477 1794 1517 indul-

477 1547 634 1600 genciis
679 1546 982 1599 impetrandis;
1029 1547 1218 1585 secundo
1264 1547 1364 1600 quia
1409 1556 1510 1587 tunc
1556 1561 1665 1600 papa
1698 1561 1793 1600 pro-

479 1625 648 1669 rogaret
681 1617 976 1656 concessiones
1010 1616 1276 1668 huiusmodi,
1310 1625 1357 1656 ut
1389 1617 1587 1656 subditus
1628 1617 1794 1656 diucius
1810 1637 1852 1659 20

477 1688 701 1727 continuet
734 1687 776 1726 in
810 1686 896 1725 vita
930 1694 1018 1725 tam
1052 1686 1292 1738 meritoria;
1325 1695 1365 1726 et
1397 1687 1529 1726 tercio
1563 1686 1671 1727 facta
1705 1696 1794 1727 tota

481 1757 705 1810 diligencia
738 1765 906 1797 tantum
940 1756 1097 1795 valeret
1129 1756 1291 1809 petenti
1325 1769 1400 1795 nec
1432 1756 1588 1796 habere
1623 1769 1794 1797 conces-

478 1828 643 1866 sionem
677 1839 786 1879 pape
823 1826 889 1864 vel
929 1826 1087 1865 bullam
1129 1826 1238 1865 sicut
1276 1839 1431 1879 papam
1465 1826 1696 1866 concedere
1729 1826 1792 1867 vel

478 1896 653 1949 bullare,
685 1905 726 1935 et
748 1904 998 1949 sequeretur
1032 1896 1210 1935 tercium
1236 1897 1479 1935 membrum
1515 1896 1631 1949 quod
1661 1896 1795 1935 multa

478 1966 620 2006 officia
666 1966 919 2005 clericorum
964 1966 1183 2019 papalium
1229 1966 1612 2018 condempnarent.
1667 1966 1794 2006 Tales
1814 1975 1852 2008 25

477 2037 633 2076 multas
679 2035 920 2076 evidencias
967 2036 1155 2088 cogitare
1199 2048 1430 2088 possumus
1484 2049 1558 2088 per
1610 2048 1795 2089 quarum

477 2106 743 2146 obiecciones
776 2115 816 2145 et
846 2106 1087 2145 soluciones
1118 2106 1271 2145 veritas
1304 2105 1510 2144 catholica
1544 2106 1794 2145 declaretur.

536 2176 728 2216 Ulterius
761 2175 872 2215 fiunt
895 2184 1148 2228 argumenta
1183 2176 1427 2215 communia
1453 2184 1601 2215 contra
1623 2189 1795 2214 omnem

478 2246 779 2299 theologorum
833 2255 873 2285 et
925 2245 1251 2285 decretistarum
1312 2245 1571 2285 sentenciam
1624 2245 1666 2284 in
1718 2245 1795 2284 hac

478 2325 614 2370 parte.
661 2316 842 2356 Videtur
885 2316 1013 2366 enim,
1058 2316 1199 2368 primo
1235 2316 1349 2368 quod
1383 2324 1570 2368 potestas
1603 2329 1710 2367 pape
1743 2315 1828 2355 sit1

479 2385 676 2438 potencia
722 2385 908 2437 infinita,
959 2399 1057 2424 nam
1103 2399 1211 2438 papa
1258 2385 1386 2424 habet
1439 2393 1695 2437 potestatem
1741 2385 1793 2423 ad

480 2455 804 2495 concedendum
830 2455 1123 2507 indulgencias
1158 2455 1333 2495 infinitis
1367 2455 1561 2507 personis
1594 2468 1668 2507 per
1702 2454 1794 2494 infi-

480 2526 618 2565 nitum
679 2534 849 2578 tempus
903 2525 1145 2575 duraturas,
1201 2538 1300 2577 ergo
1354 2524 1569 2564 infinitum
1623 2524 1794 2563 maioris

480 2594 677 2648 potencie
731 2603 792 2634 est
845 2608 973 2647 quam
1028 2595 1266 2647 episcopus,
1317 2595 1389 2648 qui
1433 2595 1573 2634 solum
1617 2594 1794 2646 quadra-

480 2665 597 2716 ginta
645 2664 733 2703 dies
774 2664 913 2703 solum
959 2663 1089 2703 finitis
1137 2664 1318 2703 subditis
1364 2672 1505 2716 potest
1550 2663 1850 2704 concedere.35

531 2818 565 2840 11.
586 2809 626 2837 B:
648 2808 729 2837 hius.
869 2816 916 2845 27·
938 2809 977 2837 B:
997 2809 1192 2839 obiecciones
1213 2810 1332 2838 solucio
1342 2817 1409 2840 neS.
