2051 3343
238 240 313 280 128
958 245 1182 280 JOHANNIS
1208 246 1402 279 WYCLIF.
1654 231 1761 291 [CAP.
1778 241 1830 269 v1.

242 362 494 427 εξςῐῑέὼιῖιιιιὲῑάῡίξ-
521 352 776 393 Conceditur
796 361 936 391 tamen
959 352 1009 389 de
1032 351 1200 391 Christo
1223 352 1339 404 quod
1370 351 1459 403 ipse
1492 350 1725 389 eternaliter
1756 349 1833 389 fuit
1853 358 1931 401 146¹¹
1949 360 1982 393 L

255 434 393 470 tinguish
414 433 472 472 beffi
519 423 655 473 Deus;
688 434 764 460 nec
786 420 991 474 sequitur:
1025 420 1066 460 Si
1092 420 1168 459 iste
1190 419 1322 459 homo
1344 420 1468 459 habet
1490 433 1578 459 esse
1599 419 1833 472 potenciale

228 473 333 531 twiiirci
356 468 503 543 {cgiffiiml
518 490 561 529 in
601 490 734 531 causis
774 490 979 542 secundis,
1021 503 1119 543 ergo
1163 489 1240 529 iste
1284 490 1414 529 homo
1462 497 1522 529 est
1564 502 1641 542 pro
1686 488 1832 528 eadem

317 539 419 574 bemg.
518 574 727 612 mensura,
761 560 859 614 quia
890 569 990 599 tunc
1006 573 1132 598 omne
1156 559 1423 598 individuum
1446 559 1561 612 quod
1584 566 1724 610 posset
1746 571 1833 597 esse

523 629 643 681 foret,
668 639 707 670 et
739 622 800 669 sic‘
833 643 921 668 esse
953 629 994 668 in
1027 628 1221 681 potencia
1252 637 1312 668 est
1346 628 1588 668 distrahens.
1623 628 1701 668 Vel
1733 636 1865 669 con-5

518 713 636 739 cesso
681 700 798 753 quod
830 698 1021 739 Christus
1060 697 1184 738 habet
1205 712 1293 738 esse
1326 706 1511 737 creatum
1542 710 1619 750 pro
1639 710 1835 737 mensura

521 770 628 820 data,
663 770 779 823 quod
811 777 884 820 est,
918 782 1004 808 esse
1044 782 1165 808 cause
1197 768 1393 819 secunde,
1426 776 1565 807 tamen
1603 775 1704 806 tunc
1747 780 1834 805 non

516 839 641 878 habet
673 853 759 879 esse
783 838 950 892 Christi,
967 839 1064 893 quia
1085 847 1186 879 tunc
1203 838 1372 878 haberet
1394 837 1663 878 existenciam
1684 837 1833 877 huma-

517 909 629 948 nitus
661 909 929 962 singularem.

257 988 360 1018 Christ
391 996 479 1015 assu·
576 979 630 1018 Et
662 979 718 1018 sic
761 978 1038 1031 respondetur
1080 979 1132 1018 ad
1177 978 1406 1018 secundam
1442 978 1692 1018 instanciam
1731 990 1869 1030 con-b

229 1025 301 1052 med
322 1024 371 1051 tlte
387 1024 502 1050 human

246 1059 329 1121 &gay
348 1058 492 1120 &ghhztllgie
518 1048 704 1087 cedendo
737 1057 1019 1101 assumptum,
1054 1061 1151 1087 cum
1184 1047 1376 1088 Christus
1410 1047 1487 1087 fuit
1508 1047 1551 1086 in
1583 1047 1723 1087 triduo
1745 1056 1833 1087 tam

228 1128 425 1196 tthhreeesoffigyig
445 1129 671 1190 tffitcorpus
704 1131 834 1171 quam
866 1118 1020 1169 anima,
1065 1118 1135 1156 sed
1174 1130 1271 1157 cum
1304 1117 1497 1158 Christus
1537 1131 1625 1157 non
1658 1117 1834 1157 assumit

255 1204 308 1226 not
328 1198 358 1237 jn
381 1198 417 1225 o.
439 1197 477 1224 T.
519 1201 670 1240 corpus
690 1188 923 1241 ypostatice
945 1187 1023 1226 nisi
1047 1187 1257 1228 mediante
1280 1188 1433 1239 anima,
1457 1196 1583 1241 patet,
1606 1201 1703 1227 cum
1725 1200 1832 1227 non-

315 1238 416 1261 umes.
519 1258 623 1297 dum
647 1267 780 1297 creata
805 1267 865 1297 est
887 1257 1029 1297 anima
1052 1256 1205 1297 Christi
1229 1271 1304 1310 pro
1328 1267 1519 1310 tempore
1540 1258 1687 1297 veteris
1709 1266 1832 1297 testa-

518 1327 663 1378 menti,
696 1341 782 1367 non
815 1341 891 1381 pro
924 1327 996 1366 illo
1028 1335 1221 1379 tempore
1254 1336 1314 1366 est
1346 1327 1549 1378 Christus,
1582 1341 1658 1367 nec
1681 1326 1890 1368 sufficit15

519 1397 570 1435 ad
604 1411 691 1437 esse
722 1397 991 1437 individuum
1024 1411 1111 1436 esse
1143 1397 1399 1450 specificum,
1433 1398 1531 1451 quia
1552 1406 1652 1438 tunc
1685 1411 1833 1437 omnes

520 1466 688 1507 effectus
720 1468 911 1508 absolute
944 1467 1176 1507 necessario
1209 1468 1431 1508 evenirent.

254 1546 323 1575 The
353 1546 477 1575 Church
578 1538 644 1577 Ad
666 1537 843 1577 tercium
866 1546 1041 1591 negatur
1062 1547 1343 1592 assumptum,
1364 1552 1462 1578 cum
1477 1537 1647 1578 ecclesia
1670 1550 1834 1590 semper

247 1582 354 1610 would
376 1587 430 1610 not
451 1582 487 1609 be

247 1617 487 1680 1¹i123ff333'vffils
519 1608 597 1648 fuit
629 1608 807 1662 capitata
838 1622 911 1661 per
941 1609 1114 1648 verbum
1148 1610 1264 1662 quod
1288 1608 1440 1648 mansit
1462 1617 1663 1661 perpetue
1687 1607 1830 1647 eadem

231 1687 504 1749 ἒιυνζαξῐῗῑξηὲῇῗέἒ
519 1692 698 1731 persona
731 1687 770 1717 et
802 1678 858 1717 sic
902 1678 1013 1718 idem
1047 1688 1173 1732 caput
1204 1687 1300 1731 post
1338 1688 1377 1718 et
1416 1686 1526 1718 ante.
1573 1677 1834 1718 Conceditur
1850 1693 1892 1715 20

242 1757 486 1796 waysincqme
519 1756 661 1787 tamen
702 1749 820 1801 quod
857 1757 954 1801 post
996 1748 1087 1788 illas
1131 1749 1308 1801 nupcias
1347 1749 1570 1788 celebratas
1616 1748 1660 1787 in
1714 1756 1834 1787 utero

265 1797 469 1820 mcarnanon.
519 1817 704 1870 virginis,
740 1819 913 1871 quando
956 1818 1147 1858 Christus
1187 1818 1266 1858 fuit
1311 1832 1456 1858 murus
1499 1827 1541 1858 et
1577 1817 1836 1858 antemurale

521 1901 672 1940 sponse
688 1902 774 1939 sue,
792 1887 868 1928 fuit
886 1897 1011 1941 caput
1033 1888 1211 1928 racionis
1228 1888 1405 1941 duplicis
1428 1897 1467 1927 et
1489 1887 1666 1941 duplicis
1688 1896 1835 1927 nature

522 1966 561 1997 et
593 1957 649 1997 sic
682 1957 808 1997 simul
840 1967 966 2011 caput
997 1958 1272 1998 intrinsecum
1314 1967 1353 1997 et
1392 1966 1519 2010 caput
1557 1957 1834 1997 extrinsecum

522 2026 708 2066 eiusdem
743 2027 925 2067 ecclesie.
960 2028 1013 2067 Et
1045 2027 1102 2067 sic
1134 2028 1186 2067 ad
1208 2027 1475 2067 auctoritates
1507 2035 1646 2080 potest
1668 2026 1747 2066 dici
1770 2024 1836 2081 (ut
1851 2031 1891 2063 25

523 2097 640 2150 alias)
674 2098 793 2150 quod
830 2097 1023 2137 Christus
1063 2106 1124 2137 est
1161 2111 1239 2150 pro
1283 2106 1473 2150 tempore
1515 2097 1663 2137 veteris
1709 2105 1833 2136 testa-

522 2166 652 2206 menti
684 2167 841 2206 nedum
863 2168 1095 2206 secundum
1120 2167 1314 2206 deitatem
1339 2168 1409 2207 sed
1432 2167 1665 2207 secundum
1690 2180 1835 2206 causas

522 2237 737 2288 secundas,
771 2245 811 2276 et
842 2236 898 2275 sic
930 2245 1112 2289 possunt
1144 2236 1222 2289 ipsi
1256 2236 1335 2276 dici
1368 2236 1593 2277 christiani.

580 2307 727 2346 Tereia
749 2306 972 2346 difficultas
995 2307 1193 2347 naturalis
1217 2316 1289 2358 est,
1314 2307 1535 2361 quomodo
1559 2315 1699 2347 manet
1720 2306 1888 2346 idemM

522 2389 674 2429 corpus
706 2376 986 2416 inanimatum
1027 2376 1115 2415 aliis
1154 2376 1341 2429 partibus
1380 2376 1584 2430 corruptis
1635 2375 1834 2416 continue
1850 2379 1892 2412 30

521 2446 739 2500 generatis„
773 2446 855 2486 Sed
886 2447 939 2485 ad
971 2446 1074 2485 illud
1107 2446 1267 2485 dictum
1301 2454 1362 2486 est
1383 2446 1482 2485 alias
1506 2446 1623 2499 quod
1656 2454 1718 2485 est
1738 2446 1834 2485 dare

523 2529 675 2569 corpus
692 2515 972 2556 successivum
1005 2523 1090 2555 tarn
1125 2515 1324 2555 continue
1347 2529 1477 2570 quam
1499 2515 1762 2569 interpolate,
1796 2523 1836 2555 et

521 2585 579 2625 ita
617 2595 678 2625 est
721 2586 771 2625 de
816 2586 946 2624 domo
1004 2584 1219 2638 materiali,
1252 2585 1337 2624 sive
1385 2584 1568 2636 ecclesia,
1614 2585 1671 2625 sic
1718 2585 1836 2639 quod

524 2655 723 2695 existente
757 2656 990 2695 secundum
1025 2663 1157 2695 totam
1197 2654 1380 2709 aliquam
1415 2654 1493 2695 fuit
1525 2655 1595 2694 illa
1627 2670 1709 2710 que
1741 2670 1834 2710 per-

578 2833 597 2853 ι.
621 2825 661 2852 ss:
700 2825 861 2854 Concedit.
1003 2826 1027 2855 5.
1050 2826 1091 2854 B:
1131 2835 1198 2854 esse
1219 2827 1250 2854 in
1272 2834 1415 2863 persona.
1551 2827 1593 2855 16.
1633 2827 1666 2855 In
1688 2827 1757 2855 cod.
1796 2827 1835 2862 A,

524 2879 653 2909 Specum;
670 2875 695 2901 A
718 2873 759 2900 B:
782 2873 953 2909 speculum.
1081 2882 1126 2910 29.
1148 2875 1177 2902 A
1197 2874 1228 2902 in
1249 2882 1364 2909 marga
1385 2873 1498 2902 Tereia
1518 2873 1690 2902 difficultas.
