2051 3343
199 260 274 299 ¹40

212 858 263 884 but
282 856 354 892 they
375 856 449 884 liave

227 893 256 919 in
277 893 361 918 them
383 892 432 918 the

209 934 299 962 grace
321 926 355 953 of
373 927 441 953 final

212 969 447 997 perseverance.

193 1832 296 1859 Grace
317 1831 341 1858 is
373 1835 427 1858 not
456 1838 472 1857 a

232 1867 318 1901 thing
339 1866 392 1893 but
414 1873 430 1892 a

196 1903 311 1937 quality
321 1902 360 1937 by
372 1899 471 1927 which

197 1944 270 1964 man
285 1937 310 1963 is
332 1935 473 1970 pleasing

264 1977 294 1998 10
318 1971 400 1997 (jod.

931 255 1155 287 JOHANNIS
1180 255 1374 287 WYCLIF.
1623 241 1727 299 [cm.
1744 253 1794 281 v1.

479 362 518 400 in
552 362 700 415 gracia,
735 361 833 415 quia
870 374 965 400 cum
1011 359 1243 399 necessario
1289 373 1454 412 semper
1497 373 1603 413 eque
1649 361 1948 416 diligit,147<¹x

480 445 645 484 semper
676 430 809 484 diligit
839 430 1011 469 Petrum
1045 430 1095 467 ad
1128 428 1446 481 beatitudinem,
1472 443 1569 469 cum
1601 430 1677 469 scit
1699 444 1798 470 eum

479 500 657 540 finaliter
689 499 887 550 converti,
936 497 1125 538 Scarioth
1170 506 1313 537 autem
1358 512 1523 551 semper
1567 498 1700 553 diligit
1746 500 1798 539 ad

480 583 631 623 penam
666 577 927 622 perpetuam,
962 581 1059 607 cum
1092 567 1325 607 eternaliter
1368 567 1482 608 videt
1533 568 1676 608 omnia
1704 582 1795 621 pre-

481 639 599 679 terita
644 639 709 678 vel
758 638 898 678 futura
941 637 1015 676 sibi
1061 636 1286 690 presencia,
1332 646 1379 677 ut
1420 636 1487 677 hic
1530 638 1829 691 supponitur.5

482 710 535 748 Et
566 717 681 762 patet
712 708 827 762 quod
860 706 995 760 gracia
1033 706 1405 760 predestinacionis
1452 720 1581 760 quam
1625 707 1827 761 quidam1

481 787 634 818 vocant
666 778 849 830 graciam
872 776 1189 830 prevenientem
1222 785 1282 816 est
1306 777 1618 830 quantumlibet
1649 777 1798 817 melior

483 862 612 902 quam
661 848 797 902 gracia
855 848 967 887 nude
1013 847 1246 887 secundum
1297 855 1534 900 presentem
1590 846 1797 887 iusticiam

483 932 612 971 quam
664 917 839 971 quidam
889 925 1043 956 vocant
1071 914 1094 938 ⁹⁵
1123 916 1306 969 graciam
1367 916 1652 957 comitantem.
1717 917 1945 967 Sed2148⁰

483 987 646 1041 optima
678 996 738 1027 est
769 987 905 1041 gracia
937 1000 1021 1040 qua
1051 987 1183 1026 homo
1216 985 1393 1026 finaliter
1437 995 1686 1039 perseverat,
1716 1000 1798 1040 que
1817 1007 1856 1029 10

484 1057 598 1097 ducit
630 1059 681 1096 ad
725 1056 1099 1097 confirmacionem
1140 1065 1180 1096 et
1223 1055 1405 1109 gloriam
1449 1070 1578 1111 quam
1623 1056 1798 1110 quidam

483 1136 635 1166 vocant
673 1127 856 1180 graciam
901 1134 1238 1167 consumantem.
1292 1126 1346 1165 Et
1396 1126 1472 1166 iste
1525 1125 1658 1179 gracie
1702 1124 1840 1166 sunt3

484 1206 730 1237 naturarum
763 1197 1006 1250 disparium,
1047 1210 1145 1236 cum
1191 1204 1328 1248 preter
1374 1195 1608 1236 bonitatem
1654 1209 1798 1249 super-

485 1267 718 1307 naturalem
759 1267 904 1307 dicunt
946 1266 1199 1307 relacionem
1230 1266 1281 1304 ad
1313 1266 1562 1306 mercedem.
1608 1267 1694 1305 Nec
1741 1274 1801 1306 est

485 1338 728 1390 negandum
760 1337 863 1390 quin
897 1336 1099 1390 prescitus
1122 1336 1246 1376 habet
1267 1335 1451 1389 graciam
1473 1335 1799 1388 prevenientem,
1821 1345 1856 1377 15

485 1407 845 1447 concomitantem
879 1415 917 1446 et
950 1406 1082 1446 eciam
1115 1414 1437 1445 consumantem
1477 1419 1585 1458 opus
1628 1404 1801 1459 aliquod

486 1478 662 1528 bonum,
696 1476 802 1516 sicut
834 1476 1139 1529 predestinatus
1180 1475 1305 1514 habet
1343 1475 1529 1526 graciam
1567 1476 1802 1515 secundum

487 1556 722 1600 presentem
762 1546 981 1588 iusticiam.
1036 1546 1116 1585 Sed
1160 1545 1217 1585 sic
1270 1546 1528 1584 contendens
1580 1545 1803 1598 equivocat

485 1617 609 1671 gratis
643 1617 773 1656 eciam
800 1616 841 1655 in
876 1616 1003 1669 signis
1036 1629 1111 1654 nec
1145 1614 1326 1668 effugiet,
1372 1615 1517 1654 volens
1550 1616 1803 1655 concordare

485 1688 527 1726 in
560 1686 774 1740 principiis
806 1686 902 1725 fidei
937 1686 985 1724 de
1024 1685 1155 1725 modo
1201 1684 1399 1738 diligendi
1432 1685 1508 1724 Dei
1556 1694 1597 1725 et
1639 1685 1799 1724 metha·
1818 1702 1861 1725 20

487 1757 646 1810 phisica
693 1756 742 1795 de
783 1756 988 1809 quiditate
1020 1755 1162 1808 gratie,
1197 1754 1299 1808 quin
1344 1754 1722 1808 proporcionaliter
1756 1763 1802 1794 ut

486 1828 599 1867 Deus
633 1826 765 1880 diligit
798 1826 1020 1865 hominem
1052 1833 1112 1864 est
1140 1825 1228 1878 ipse
1257 1833 1396 1877 gratus
1430 1825 1535 1876 Deo,
1559 1834 1598 1864 et
1623 1838 1800 1877 propor-

487 1897 702 1936 cionaliter
716 1896 840 1935 habet
857 1894 1054 1947 graciam,
1072 1908 1158 1933 non
1174 1895 1291 1947 quod
1306 1895 1375 1934 illa
1398 1894 1535 1948 gracia
1558 1895 1610 1935 sit
1626 1908 1703 1945 res,
1722 1908 1802 1948 que

486 1975 628 2022 posset
652 1980 723 2019 per
739 1980 781 2006 se
796 1965 979 2016 existere,
996 1973 1042 2004 ut
1063 1978 1204 2017 grosse
1220 1972 1259 2004 et
1281 1963 1458 2003 heretice
1477 1964 1670 2017 concepit
1684 1964 1800 2003 Pela-

487 2037 593 2091 giUS,
617 2038 689 2077 sed
704 2036 821 2089 quod
845 2034 979 2087 gracia
1002 2034 1053 2074 sit
1075 2034 1252 2087 qualitas
1276 2033 1501 2086 spiritualis
1524 2034 1589 2073 vel
1611 2034 1803 2074 denomi-
1822 2040 1862 2073 25

488 2108 608 2147 nacio
642 2121 726 2160 qua
757 2105 849 2160 quis
884 2114 944 2145 est
989 2104 1218 2144 formaliter
1261 2112 1402 2157 gratus
1446 2104 1549 2143 Deo.
1596 2104 1650 2143 Et
1693 2112 1806 2157 patet

490 2178 605 2231 quod
638 2177 770 2216 homo
803 2183 942 2229 potest
957 2189 1045 2215 esse
1062 2174 1299 2228 episcopUS,
1333 2174 1532 2213 dominus
1555 2182 1594 2213 et
1617 2173 1806 2213 minister

490 2247 674 2298 ecclesie,
708 2246 839 2285 eciam
872 2244 1087 2298 prescitUS,
1121 2244 1298 2284 existens
1330 2243 1372 2282 in
1404 2243 1539 2297 gracia
1572 2243 1806 2283 secundum

496 2325 733 2370 presentem
765 2315 987 2365 iusticiam,
1033 2315 1104 2353 sed
1146 2313 1278 2353 homo
1332 2326 1418 2352 non
1463 2322 1524 2353 est
1576 2327 1673 2352 cum
1725 2312 1806 2352 hoc

491 2387 734 2427 membrum
773 2393 912 2424 sancte
956 2383 1100 2423 matris
1144 2372 1326 2423 ecclesie.
1374 2383 1496 2423 Unde
1540 2383 1645 2422 sicut
1688 2382 1804 2421 heres
1822 2388 1864 2420 30

491 2457 690 2510 parvulus
723 2464 832 2495 caret
878 2453 1082 2501 dominio,
1117 2454 1220 2493 dum
1253 2462 1394 2493 tamen
1427 2462 1617 2505 tempore
1647 2465 1724 2491 suo
1756 2450 1807 2491 sit

543 2604 568 2623 2.
589 2595 628 2622 ss:
650 2594 687 2621 ad
709 2598 880 2629 peccatum.
1023 2601 1053 2627 4.
1073 2592 1102 2619 A
1122 2591 1152 2619 in
1173 2598 1288 2625 marga
1309 2589 1390 2617 Nota
1412 2590 1448 2618 de
1465 2589 1566 2625 gracia
1585 2588 1709 2624 triplici,
1731 2586 1753 2614 Β
1774 2587 1803 2614 in

492 2650 589 2675 marg.
611 2650 693 2669 man.
717 2641 787 2668 alt.:
819 2639 934 2668 Gracia
954 2637 1232 2674 predestinacionis
1254 2637 1448 2672 preveniens.
1654 2643 1695 2662 10.
1723 2634 1743 2661 B
1777 2634 1805 2662 in

492 2697 607 2723 marg.:
629 2688 842 2716 comitantem.
987 2685 1027 2714 16.
1058 2684 1080 2711 Β
1101 2685 1131 2712 in
1170 2691 1286 2719 marg:
1327 2682 1581 2711 Consumantem.
1666 2689 1705 2709 21.
1728 2682 1756 2709 A
1776 2682 1805 2708 in

493 2743 580 2770 marg
599 2744 605 2761 z
640 2734 722 2770 Quid
762 2739 807 2761 est
840 2733 952 2768 gracia.
1194 2738 1232 2758 21.
1261 2730 1300 2757 13:
1330 2734 1363 2757 ut
1400 2730 1476 2757 deus
1517 2745 1549 2749 —-
1580 2729 1672 2756 habet
1709 2729 1804 2755 deest.

493 2780 538 2809 28.
560 2781 598 2808 B:
622 2785 650 2809 et
670 2780 834 2816 prescitus.
976 2779 1016 2807 31⁴
1037 2778 1076 2805 B:
1099 2782 1242 2813 tempore
1263 2793 1292 2797 —
1315 2776 1374 2804 alio
1402 2776 1496 2803 deest.

558 2898 584 2918 1.
612 2887 662 2918 Cf.
692 2888 775 2928 Hus,
802 2887 853 2918 De
879 2886 1035 2926 ecclesia,
1063 2885 1153 2928 Opp.
1181 2891 1266 2916 tom.
1294 2884 1316 2923 Ι,
1344 2878 1439 2915 200².
