2051 3273
186 219 414 277 CAP.XX111.]
713 232 772 264 DE
799 231 1032 265 ECCLESIA.

41 349 272 392 B203‘1p1‘0
310 346 498 391 peccato,
546 351 620 377 nec
665 337 870 378 haberent
911 337 1095 377 colorem
1137 338 1407 390 indulgencie
1452 338 1503 377 de

195 408 338 448 multis
368 408 554 447 millibus
585 421 795 446 annorum
820 408 960 460 quoad
996 407 1154 446 nudam
1188 408 1502 460 mitigacionem

196 478 429 531 penitencie
454 477 520 516 hic
545 491 620 530 pro
639 477 717 528 via,
745 490 839 516 cum
865 477 963 517 certi
986 490 1132 516 sumus
1151 478 1265 531 quod
1290 491 1373 516 non
1392 478 1505 517 subi-

195 548 308 587 bitur
341 547 472 587 eciam
506 561 527 586 a
562 546 790 586 Matussale
830 555 945 586 tanta
979 547 1218 599 penitencia
1251 548 1317 587 hic
1350 548 1390 587 in
1424 548 1503 587 via.

161 629 177 662 5
251 617 365 666 Ideo,
399 617 535 670 inquit
559 617 723 667 doctor,
758 617 883 656 aliter
905 623 967 656 est
988 616 1208 656 dicendum
1233 618 1345 670 quod
1368 619 1509 658 valent

194 687 464 739 indulgencie
486 693 524 726 et
545 693 751 739 quantum
776 686 831 725 ad
847 686 1005 739 forum
1037 687 1207 725 ecclesie
1231 694 1270 726 et
1300 694 1505 740 quantum

195 757 252 796 ad
298 756 495 795 iudicium
530 757 612 795 Dei
651 763 690 795 et
727 762 932 809 quantum
978 755 1034 794 ad
1071 757 1362 796 remissionem
1396 771 1508 810 pene

195 826 363 866 residue
380 833 480 878 post
493 826 805 874 contricionem,
829 825 1150 879 confessionem,
1178 826 1508 876 absolucionem,

193 896 279 936 sive
310 896 365 935 sit
395 896 582 935 iniuncta
614 896 701 935 sive
730 909 825 936 non.
858 895 990 934 Racio
1022 902 1165 935 autem
1199 909 1334 948 quare
1364 897 1510 936 valere

143 972 373 1018 iopossunt
417 972 476 1004 est
516 966 656 1005 unitas
694 966 886 1018 corporis
926 966 1078 1004 mistici
1115 966 1155 1004 in
1197 979 1281 1019 qua
1315 967 1437 1005 multi
1468 967 1508 1005 in

195 1034 392 1086 operibus
424 1035 661 1086 penitencie
700 1042 1124 1088 supererogaverunt
1154 1035 1210 1074 aa'
1262 1049 1509 1075 mensuram

195 1104 428 1143 debitorum
461 1117 639 1143 suorum
673 1110 711 1143 et
742 1105 877 1143 eciam
916 1105 1074 1143 multas
1114 1105 1414 1144 tribulaciones
1447 1105 1509 1144 in-

197 1175 303 1213 iuste
334 1175 634 1213 sustinuerunt
657 1174 894 1226 pacienter,
925 1187 1008 1226 per
1039 1187 1146 1226 quas
1181 1174 1408 1213 multitudo
1434 1187 1511 1225 pe-

198 1257 352 1282 narum
388 1250 561 1295 poterat
605 1244 784 1295 expiari,
831 1244 868 1282 si
914 1244 972 1283 cis
1017 1243 1252 1284 deberetur.
1318 1244 1511 1292 Quorum

143 1314 446 1355 15meritorum
482 1320 600 1352 tanta
641 1320 703 1353 est
741 1313 861 1365 copia
900 1313 1015 1365 quod
1052 1326 1219 1353 omnem
1248 1327 1405 1366 penam
1440 1314 1512 1353 de-

197 1382 324 1422 bitam
370 1396 483 1422 nunc
519 1383 751 1423 viventibus
792 1382 1001 1422 excedunt
1039 1390 1077 1422 ct
1101 1384 1307 1436 precipue
1333 1390 1514 1436 propter

198 1453 396 1492 meritum
425 1454 601 1500 Cliristi,·
632 1452 742 1506 quod
773 1459 810 1491 et
839 1453 876 1491 si
909 1453 950 1490 in
979 1454 1260 1492 sacramentis
1293 1460 1513 1505 operatur,

200 1535 281 1560 non
320 1529 459 1561 tamen
504 1523 694 1576 efficacia
733 1523 823 1561 eius
863 1523 904 1560 in
943 1523 1224 1561 sacramentis
1264 1523 1513 1571 includitur,

198 1592 275 1631 sed
306 1605 385 1631 sua
421 1593 625 1646 infinitate
656 1598 1027 1632 sacramentorum
1063 1592 1298 1645 efficaciam
1339 1592 1513 1631 excedit.

144 1682 184 1704 20
200 1661 302 1700 Ideo
342 1675 437 1700 cum
487 1675 595 1701 unus
633 1674 718 1714 pro
762 1662 846 1700 alio
889 1661 1144 1714 satisfacere
1180 1668 1333 1714 potest,
1377 1662 1517 1700 sancti

200 1738 341 1769 autem
375 1732 415 1770 in
449 1732 599 1784 quibus
638 1731 1067 1784 superhabundancia
1107 1744 1284 1783 operum
1317 1731 1515 1784 satisfac-

202 1801 331 1840 cionis
347 1801 571 1850 invenitur,
594 1814 675 1840 non
693 1800 970 1840 determinate
980 1814 1063 1853 pro
1085 1802 1162 1840 isto
1178 1801 1250 1853 qui
1266 1814 1347 1840 non
1365 1801 1514 1840 remis-

202 1871 360 1910 sionem
393 1871 566 1924 indiget,
603 1870 846 1910 huiusmodi
874 1884 1007 1923 opera
1022 1871 1232 1924 fecerunt
1254 1868 1373 1924 (quia
1406 1871 1516 1909 alias

203 1940 363 1993 absque
394 1941 509 1979 omni
540 1940 812 1994 indulgencia
845 1940 1137 1979 remissionem
1169 1943 1517 1993 consequeretur)

148 2021 185 2053 25
203 2011 270 2049 vel
287 2011 567 2049 communiter
579 2010 842 2063 fierentpro
860 2017 944 2049 tota
968 2010 1158 2060 ecclesia,
1175 2011 1284 2049 sicut
1298 2010 1516 2062 apostolus

204 2079 301 2118 dicit
342 2093 388 2119 se
432 2080 608 2132 implere
648 2092 696 2118 ea
735 2093 814 2132 que
854 2080 1007 2119 desunt
1035 2080 1233 2132 passioni
1282 2079 1439 2118 Clzristi
1476 2079 1517 2117 in

204 2162 382 2201 corpore
403 2162 481 2188 suo
506 2162 590 2201 pro
623 2149 812 2199 ecclesia,
848 2149 904 2188 ad
928 2162 1055 2202 quam
1078 2149 1223 2189 scribit
1250 2149 1437 2188 Corinth.
1462 2148 1516 2187 I0.

205 2219 260 2257 Et
313 2220 375 2258 sic
423 2219 624 2271 predicta
681 2220 833 2258 merita
893 2219 1087 2272 quamvis
1138 2219 1220 2258 sint
1276 2218 1518 2257 communia

207 2289 338 2328 tocius
370 2289 553 2337 ecclesie,
600 2298 741 2328 tamen
780 2302 889 2341 papa
934 2289 1151 2328 distribuit
1196 2302 1242 2327 ea
1283 2288 1519 2339 dispariter,

150 2360 314 2400 3osicut
360 2372 406 2397 ea
448 2372 528 2411 que
577 2365 677 2397 sunt
725 2359 967 2397 communia
1011 2358 1195 2397 alicuius
1240 2356 1521 2396 multitudinis

208 2428 522 2467 distribuuntur
553 2428 737 2481 singulis
770 2427 819 2467 de
842 2428 1108 2466 multitudine
1138 2426 1373 2467 secundum
1407 2427 1519 2465 arbi-

261 2608 302 2627 10.
326 2608 358 2627 ιι.
381 2600 414 2627 In
433 2604 515 2627 textu
538 2608 561 2626 s.
588 2599 745 2626 Thomae:
776 2598 862 2625 multi
890 2598 1048 2633 operibuS.
1191 2596 1233 2625 23.
1258 2597 1352 2625 huius
1373 2597 1403 2624 in
1426 2597 1518 2625 codd.

208 2648 251 2674 sic
271 2650 300 2674 et
320 2647 351 2673 in
366 2645 507 2680 pluribus
527 2645 604 2673 locis
624 2652 711 2680 seqq.
832 2644 873 2672 25.
895 2646 939 2671 A:
962 2644 1036 2672 nihil
1058 2644 1275 2672 communiter.
1397 2652 1441 2679 27.
1463 2646 1519 2678 Al:

208 2694 244 2720 ΙΙ.
267 2691 337 2720 Cor.
358 2692 380 2719 Ι.
526 2690 565 2719 31.
588 2692 615 2719 A
636 2693 691 2726 Al:
714 2690 894 2725 singularia.

269 2798 300 2830 6.
326 2797 486 2830 Thornae
516 2798 674 2841 Aquinat.
702 2807 806 2840 super
824 2798 879 2830 IV.
907 2798 1000 2829 Sem.
1027 2798 1047 2829 l.
1068 2807 1094 2830 e.
1113 2808 1191 2840 pag.
1212 2798 1291 2840 374.
1390 2797 1442 2830 26.
1469 2798 1522 2829 Ad

210 2856 345 2888 Coloss.
372 2856 395 2897 Ι,
424 2867 475 2897 24.

1711 223 1786 262 553
