2051 3273
240 197 317 247 342
956 202 1178 234 „IOHANNIS
1206 203 1399 234 WYCLIF.
1633 187 1738 245 [CAP.
1760 196 1827 224 xv.

514 310 566 348 ab
601 323 647 349 eo
681 316 817 347 autem
851 309 924 360 qui
959 320 1039 347 non
1074 307 1197 346 habet
1230 313 1266 346 et
1305 306 1419 359 quod
1457 306 1625 346 videtur
1671 305 1827 344 habere
1848 314 1979 357 1760K

518 379 748 432 auferetur
781 379 832 417 ab
867 391 927 417 eo.
963 377 1075 417 Cum
1108 390 1207 428 ergo
1239 390 1304 415 rex
1327 384 1490 415 tenetur
1513 376 1568 415 sic
1591 375 1829 415 habundare

519 464 565 488 ex
596 450 719 489 titulo
752 448 925 498 iusticie,
966 447 1128 485 videtur
1172 446 1287 499 quod
1331 446 1381 484 ab
1427 459 1475 484 eo
1519 446 1640 484 debet
1673 444 1828 484 causari

236 527 313 572 Tliis
336 526 495 554 fors-eitum
519 518 678 557 ablacio
702 517 764 556 sui
788 515 1079 566 elemosinarii,
1112 514 1331 568 supposito
1355 515 1470 567 quod
1499 514 1711 566 contingat
1734 527 1831 552 eum

226 560 504 649 n1usetdbssyiphfgrc-
523 587 652 626 videri
685 587 835 626 habere
868 586 1117 625 elemosinas
1149 600 1252 638 quas
1285 599 1369 624 non
1403 585 1546 636 habet3
1594 592 1632 623 et
1663 592 1864 636 propter5

320 631 409 665 hm&
519 658 642 697 talem
688 657 868 696 abusum
913 655 1171 695 habitualem
1215 655 1296 694 dixi
1343 655 1538 694 dominos
1582 653 1832 706 temporales

517 740 640 779 posse
674 725 832 765 auferre
865 726 975 764 bona
999 739 1071 764 sua
1094 740 1115 764 a
1139 725 1292 764 clericis
1314 724 1462 763 micius
1486 737 1612 777 quam
1647 722 1834 775 loquitur

517 796 661 835 beatus
696 795 922 847 Gregorius
956 808 1051 834 cum
1087 808 1260 845 canone,
1301 793 1398 847 quia
1441 793 1519 846 ipsi
1559 792 1702 832 dicunt
1734 805 1831 831 con-

518 865 607 904 fuse
639 866 755 917 quod
787 864 1051 917 privilegium
1080 864 1257 903 omnino
1288 864 1409 903 debet
1442 863 1630 902 amittere
1664 870 1833 914 propter

518 935 710 974 abusum.
736 934 827 986 Ego
856 943 998 973 autem
1032 933 1225 986 specifico
1270 933 1447 972 abusum
1479 932 1730 985 pertinacem
1762 931 1831 984 qui
1851 948 1891 972 ιο

517 1003 677 1042 inducit
726 1003 970 1055 pravitatem
1009 1003 1244 1053 hereticam,
1288 1011 1327 1042 et
1367 1011 1467 1042 tunc
1509 1001 1610 1040 nulli
1656 1001 1832 1040 dubium

519 1073 640 1112 debet
672 1072 969 1112 elemosinator
1008 1073 1246 1112 subtrahere
1284 1072 1585 1125 patrimonium
1623 1069 1832 1111 Crucifixi.

229 1150 395 1187 2.ssyt}1e
425 1157 509 1176 same
583 1143 776 1182 Secundo
811 1142 1082 1182 confirmatur
1115 1156 1160 1181 ex
1193 1143 1272 1182 hoc
1305 1143 1421 1196 quod
1453 1156 1523 1181 rex
1547 1141 1604 1196 (in
1629 1149 1873 1194 quantum2

266 1185 397 1212 decretal
418 1185 468 1210 the

231 1211 787 1290 plssiipffelncgsgsfrlgsehuiusmodi)
834 1212 957 1252 habet
1001 1212 1265 1265 privilegium
1312 1225 1557 1251 concessum
1600 1225 1621 1249 a
1664 1211 1753 1249 Deo
1797 1218 1836 1249 et

254 1290 258 1293 ,
343 1274 359 1289 t>

230 1289 507 1351 ῐὲῐῃῑιζεεςὲῖῑίὲῗιτὲη
526 1290 747 1334 acceptum
780 1296 801 1320 a
837 1282 998 1334 populo
1031 1283 1082 1321 ad
1116 1282 1396 1335 regnandum3
1442 1281 1475 1320 si
1522 1294 1619 1333 ergo
1652 1279 1836 1319 abutitur
1856 1289 1892 1321 15

524 1366 597 1391 sua
642 1360 847 1404 potestate
895 1351 935 1389 in
982 1352 1137 1391 desidia
1180 1351 1466 1402 correccionis,
1524 1364 1605 1403 que
1655 1349 1835 1389 maxime

523 1430 726 1474 spectaret
759 1422 811 1460 ad
842 1422 950 1473 regis
984 1421 1187 1472 officium,
1220 1421 1312 1474 quis
1345 1421 1507 1460 dubitat
1545 1420 1646 1473 quin
1688 1432 1834 1459 secun-

522 1493 625 1531 dum
657 1492 793 1544 legem
826 1491 1073 1544 premissam
1106 1505 1174 1530 rex
1196 1499 1405 1529 teneretur
1436 1489 1626 1528 amittere
1660 1502 1835 1542 regnum

522 1559 671 1601 suum?
706 1561 827 1600 Unde
871 1561 976 1600 inter
1016 1559 1093 1599 alia
1138 1568 1307 1613 peccata
1337 1574 1484 1613 regum
1518 1560 1678 1599 videtur
1719 1559 1832 1612 quod

523 1631 695 1670 omissio
741 1629 1016 1670 correccionis
1062 1638 1101 1669 et
1144 1629 1421 1669 auctorizacio
1468 1629 1597 1668 curati
1642 1629 1834 1667 inhabilis
1851 1646 1893 1668 20

522 1701 573 1740 sit
605 1710 823 1753 peccatum
855 1699 1259 1752 periculosissimum
1292 1714 1313 1738 a
1336 1699 1500 1752 regibus
1527 1699 1833 1749 absconditum,

524 1784 620 1809 cum
654 1780 698 1809 ut
722 1769 935 1809 sicsssunt
966 1783 1083 1822 reges
1115 1770 1215 1809 socii
1249 1769 1529 1808 defensorum.
1568 1770 1619 1807 Et
1652 1769 1703 1807 ad
1734 1768 1836 1806 illud
1856 1772 1934 1817 176·l

523 1849 660 1892 potest
692 1839 841 1879 adduci
875 1840 977 1878 illud
1017 1839 1175 1879 dictum
1210 1839 1362 1879 Christi
1395 1838 1566 1878 Matthei
1599 1839 1729 1889 XXIO,
1762 1842 1836 1891 43:

522 1909 761 1964 Auferetur
794 1923 819 1948 a
854 1909 972 1949 vobis
1007 1922 1192 1962 regnum
1227 1916 1266 1948 et
1297 1908 1473 1948 dabitur
1503 1910 1624 1962 genti
1645 1910 1840 1963 facienti

510 1979 693 2032 fructus
725 1980 832 2019 eius.
866 1980 964 2018 Non
998 1979 1109 2018 enim
1133 1988 1273 2032 posset
1297 1992 1383 2018 esse
1412 1978 1546 2017 maior
1569 1989 1838 2033 contemptus
1855 1983 1893 2015 25

524 2048 684 2087 domini
717 2062 845 2101 quam
879 2050 929 2088 de
963 2063 1039 2088 suo
1072 2048 1328 2101 patrimonio
1353 2057 1495 2088 contra
1524 2048 1665 2101 ipsum
1697 2049 1836 2089 defen-

523 2118 617 2156 dere
650 2117 816 2157 hostem
849 2131 988 2158 suum.
1046 2119 1099 2158 Et
1144 2118 1195 2157 ad
1240 2118 1319 2157 hoc
1364 2126 1460 2157 sunt
1492 2119 1623 2158 multe
1663 2133 1836 2159 concor-

524 2187 668 2226 dancie
700 2188 842 2241 legum
866 2186 930 2243 (ut
962 2187 1043 2227 dixi
1077 2188 1119 2226 in
1153 2188 1323 2227 materia
1357 2188 1416 2226 De
1441 2187 1682 2243 Symonia);
1706 2189 1840 2228 taliter

525 2258 637 2297 enim
669 2267 851 2297 meretur
883 2267 966 2297 tam
1007 2271 1075 2297 rex
1114 2271 1243 2311 quam
1286 2258 1554 2311 symoniacus
1600 2267 1645 2298 ut
1688 2259 1738 2298 ab
1784 2259 1839 2298 eis

525 2338 744 2381 tamquam
776 2328 826 2367 ab
861 2327 1050 2367 hereticis
1083 2328 1282 2367 dominus
1322 2328 1543 2380 auferatur,
1577 2337 1623 2368 ut
1654 2328 1841 2382 loquitur
1857 2331 1898 2364 30

524 2398 729 2451 propheta
748 2397 856 2437 Osee
874 2399 945 2450 VO,
965 2398 1003 2450 6,
1027 2397 1309 2437 sacerdotibus
1334 2407 1372 2437 et
1394 2398 1577 2450 regibus:
1594 2397 1644 2437 In
1669 2411 1838 2438 armen-

525 2469 576 2507 tis
619 2468 709 2507 suis
752 2467 906 2507 vadent
956 2466 1011 2506 ad
1065 2466 1332 2519 querendum
1389 2467 1607 2507 dominum
1666 2474 1705 2507 et
1756 2481 1839 2508 non

529 2538 768 2577 invenient:
813 2537 987 2576 ablatus
1034 2543 1095 2576 est
1139 2537 1191 2575 ab
1236 2537 1306 2577 eis.
1371 2537 1485 2576 Talis
1530 2551 1626 2590 ergo
1659 2537 1839 2577 thesauri

528 2606 686 2646 ablacio
721 2607 1022 2659 depauperaret
1054 2619 1231 2659 regnum
1264 2607 1315 2645 ad
1349 2606 1411 2645 sui
1443 2606 1678 2646 maximum
1717 2606 1838 2646 detri-

580 2776 608 2803 ω’.
639 2775 675 2802 13:
700 2777 815 2804 clerum
843 2776 986 2803 abusum.
1129 2776 1165 2804 13.
1198 2777 1225 2803 A
1253 2776 1282 2803 in
1306 2784 1420 2811 marga
1450 2775 1541 2803 Nota.
1684 2784 1725 2812 ¹9·
1757 2777 1784 2804 A
1811 2777 1840 2804 in

528 2830 641 2856 marg:
664 2822 752 2849 Nota.
898 2823 943 2850 28.
966 2831 1012 2858 29.
1035 2822 1073 2850 B:
1094 2823 1180 2851 aliter
1201 2823 1294 2851 enim.
1437 2823 1480 2852 32.
1502 2824 1547 2850 A:
1571 2823 1634 2851 suis
1656 2823 1730 2851 suis.
