2051 3273
211 231 294 270 224
937 223 1160 256 JOHANNIS
1186 222 1381 256 WYCIJF.
1649 208 1753 262 [CAP.
1773 216 1811 245 x.

209 340 483 377 napubiicthief,
498 332 825 376 immunitatem,
871 329 954 368 nisi
992 329 1196 380 publicus
1227 327 1339 367 latro
1359 325 1506 380 fuerit
1538 325 1604 365 vel
1641 331 1963 368 noctur-160³?

500 413 580 440 nus
605 400 842 452 populator
866 410 1079 451 agrorum
1111 398 1196 450 qui,
1229 396 1328 435 dum
1352 396 1509 435 itinera
1529 394 1815 448 frequentata

225 488 251 508 2.
273 489 289 508 a
308 484 422 508 waster
442 479 475 507 of
497 469 564 509 vel
586 469 792 521 publicas
822 473 981 507 stratas
1013 466 1177 506 obsidet
1207 465 1508 519 aggressionis
1541 464 1721 515 insidiis,
1759 464 1815 504 ab

298 515 395 552 fields,
498 540 679 579 ecclesia
704 537 877 578 extrahi
901 543 1058 589 potest,
1082 536 1319 588 inpunitate
1350 547 1432 574 non
1457 534 1642 586 prestita
1663 547 1813 574 secun-

499 609 599 648 dum
632 607 866 647 canonicas
887 607 1154 647 sancciones.
1180 605 1225 645 Si
1254 618 1354 645 vero
1383 616 1535 644 servus
1564 603 1709 656 fuerit
1741 605 1845 656 qui5

226 689 252 717 3.
273 697 310 716 an
332 688 464 724 escaped
502 677 752 732 confugerit
782 676 840 716 ad
871 677 1109 724 ecclesiam,
1125 680 1357 728 postquam
1391 673 1441 713 de
1474 673 1710 726 inpunitate
1734 685 1814 713 sua

303 723 397 759 Slave'
499 748 698 787 dominus
749 747 840 786 eius
892 746 1057 785 clericis
1108 746 1397 785 iuramentum
1448 743 1697 795 prestiterit,
1759 742 1816 782 ad

499 816 730 857 servicium
775 815 939 855 domini
983 816 1052 855 sui
1084 814 1229 854 redire
1261 813 1545 866 compellatur
1578 812 1711 852 eciam
1752 813 1814 852 in-

257 883 438 948 ιῇοῇἶζζῑᾞξ]
499 887 624 934 vitus,
658 885 848 938 alioquin
882 896 908 923 a
939 884 1112 924 domino
1137 884 1300 936 poterit
1333 884 1550 936 occupari.
1597 882 1703 921 Ecce
1733 890 1814 922 tres

501 969 619 995 casus
658 956 701 995 in
733 955 887 1008 quibus
918 954 1014 994 licet
1045 953 1272 1007 fugitivum
1302 952 1485 993 invitum
1517 952 1741 1005 extrahere,
1775 959 1872 992 etio

499 1024 606 1064 libro
641 1025 710 1078 VO,
745 1025 812 1064 De
834 1023 1099 1075 Homicidio‚
1132 1023 1305 1076 ponitur
1326 1036 1403 1076 pro
1424 1023 1514 1076 lege
1541 1022 1645 1062 illud
1678 1020 1852 1063 Exodib

499 1095 630 1146 XX[0‚
671 1107 734 1146 14,
770 1094 817 1133 Si
844 1094 939 1147 quis
963 1106 1049 1146 per
1075 1093 1334 1133 industriam
1359 1092 1573 1143 occiderit,
1607 1091 1660 1131 ab
1683 1091 1815 1131 altari

505 1178 598 1204 meo
631 1164 790 1204 evellas
822 1177 934 1215 eum,
969 1170 1013 1202 ut
1045 1164 1269 1203 moriatur.

211 1245 278 1272 The
307 1245 346 1272 §th
376 1251 487 1278 excep·
559 1235 613 1273 Et
655 1242 701 1273 ut
743 1233 907 1273 videtur
953 1232 1071 1284 mihi,
1116 1232 1289 1286 quintus
1336 1245 1453 1271 casus
1487 1230 1733 1284 exprimitur
1775 1229 1853 1270 ino
1880 1237 1915 1277 Q,

213 1279 489 1342 tiissivffifiiiirisigr
505 1305 579 1343 ΙΙΙΟ
603 1303 898 1353 Decretalium,
921 1303 962 1341 in
986 1302 1067 1341 fine
1090 1302 1199 1342 tituli
1222 1302 1290 1342 De
1311 1302 1588 1341 Immunitate
1611 1300 1817 1350 Ecclesie‚
1838 1306 1874 1338 ι5

311 1357 392 1376 ‘³³8⁰'
503 1388 600 1413 cum
645 1373 800 1427 inquit:
850 1373 901 1412 In
950 1385 998 1412 eo
1044 1374 1085 1412 in
1139 1385 1221 1425 quo
1273 1372 1478 1425 delinquit
1521 1371 1676 1424 puniri
1723 1371 1818 1422 quis

502 1443 665 1491 debeat,
700 1442 930 1496 etfrustra
955 1442 1065 1496 Iegis
1087 1442 1299 1482 auxilium
1324 1443 1489 1482 invocet
1521 1441 1593 1494 qui
1625 1441 1817 1480 commit-

501 1515 549 1553 tit
580 1514 623 1553 in
656 1514 821 1566 legem:
858 1511 1116 1552 mandamus
1155 1518 1366 1565 quatenus
1404 1511 1613 1551 nuncietis
1642 1510 1817 1562 publice

501 1585 611 1623 tales
641 1596 723 1623 non
758 1582 911 1622 dehere
943 1582 1141 1635 gaudere
1169 1582 1452 1622 immunitatis
1475 1580 1711 1634 privilegio
1736 1593 1817 1632 quo

490 1654 673 1707 faciunt
702 1665 747 1692 se
778 1652 991 1705 indignos.
1024 1652 1076 1690 Et
1106 1651 1221 1704 ipsos
1252 1651 1448 1705 indignos
1478 1650 1592 1703 prius
1625 1649 1819 1702 exprimit
1834 1665 1875 1687 20

503 1725 580 1763 sub
623 1723 701 1762 hiis
745 1721 899 1761 verbis:
945 1722 1157 1761 Nonnulli
1199 1723 1482 1774 inpunitatem
1526 1733 1703 1760 suorum
1742 1732 1816 1759 ex-

504 1806 699 1833 cessuum
725 1805 810 1844 per
841 1791 1132 1845 defensionem
1163 1791 1339 1831 ecclesie
1363 1791 1553 1831 obtinere
1580 1796 1818 1842 sperantes,

504 1862 733 1902 homicidia
793 1868 831 1901 et
888 1861 1201 1901 mutulaciones
1263 1862 1550 1901 membrorum
1621 1861 1664 1899 in
1716 1859 1821 1912 ipsis

504 1932 692 1973 ecclesiis
723 1932 789 1971 vel
819 1945 970 1971 earum
1005 1931 1224 1972 cimiteriis
1254 1932 1517 1971 committere
1552 1943 1634 1970 non
1670 1942 1820 1970 veren-

502 2009 591 2054 tur,
636 2002 708 2054 qui
752 2001 836 2041 nisi
872 2014 956 2053 per
998 2000 1223 2040 ecclesiam
1277 2001 1334 2040 ad
1385 2014 1512 2054 quam
1565 2000 1876 2054 confugiunt25

505 2072 731 2112 crederent
760 2084 805 2111 se
836 2070 1025 2124 defendi,
1056 2071 1304 2111 nullatenus
1323 2070 1514 2125 fuerant
1535 2071 1819 2110 commissuri.

504 2142 626 2182 Unde
669 2141 788 2194 glosa
832 2140 931 2180 dicit
981 2142 1098 2194 quod
1145 2154 1293 2180 omnes
1335 2140 1448 2193 leges
1498 2153 1579 2194 que
1628 2140 1823 2179 videntur

507 2212 595 2251 istis
619 2210 836 2261 contrarie,
860 2219 905 2250 ut
927 2211 1074 2263 XVHa,
1098 2225 1138 2264 q.
1163 2211 1238 2251 IVa
1260 2218 1300 2250 et
1322 2218 1454 2250 cetere
1476 2211 1599 2264 leges,
1624 2218 1821 2250 sonantes

506 2281 548 2320 in
580 2280 812 2334 presidium
844 2279 1135 2320 maleficorum
1167 2280 1209 2320 in
1243 2280 1493 2331 sanctuario,
1532 2280 1822 2333 intelliguntur

505 2351 556 2390 de
589 2351 724 2404 dignis
747 2350 818 2390 tali
841 2350 1036 2403 presidio.
1070 2349 1322 2403 Hugucius,
1356 2350 1506 2404 inquit,
1541 2351 1654 2390 male
1694 2351 1819 2400 dixit,
1837 2351 1879 2383 30

565 2553 589 2573 2.
613 2547 643 2573 In
666 2545 777 2573 codd:
799 2545 983 2581 frequentat.
1005 2545 1094 2573 Corr.
1109 2554 1123 2572 e
1139 2545 1221 2574 decr.
1243 2553 1311 2581 sup.
1328 2553 1420 2573 mern.
1537 2553 1574 2573 12.
1596 2545 1744 2573 occiderit
1759 2553 1819 2572 sc.:

507 2593 683 2627 proximum
705 2601 795 2619 suum
822 2597 850 2619 et
871 2600 925 2627 per
944 2592 1082 2619 insidias.
1226 2590 1268 2619 23.
1295 2592 1327 2619 In
1349 2591 1459 2619 codd.=
1487 2595 1516 2619 et
1543 2591 1638 2618 deest.
1668 2592 1783 2619 Addidi
1805 2600 1821 2618 e

508 2638 591 2665 decr.
614 2647 710 2674 supra
730 2647 824 2666 mern.

572 2780 619 2812 16.
646 2781 690 2812 ib.
718 2791 790 2823 cap.
817 2781 857 2812 X.
1001 2779 1053 2812 28.
1081 2781 1155 2812 Sec.
1182 2781 1280 2812 Decr.
1307 2791 1375 2812 sec.
1401 2791 1489 2823 pars,
1523 2790 1626 2813 causa
1650 2779 1755 2820 XVII,
1787 2790 1820 2823 q.

508 2838 563 2879 lv,
596 2849 624 2869 c.
651 2839 706 2870 lx.
