2051 3273
231 242 321 270 CAP.
344 231 443 289 xm]
725 245 784 276 DE
812 245 1047 277 ECCLESIA.

80 361 114 401 Q
136 359 214 404 173<1
230 363 353 402 super
397 362 544 388 ornnes
582 362 696 401 reges
735 357 774 388 et
805 348 1014 401 principes
1047 348 1282 388 seculariter
1316 348 1536 401 dominari,

227 418 268 457 in
301 427 467 458 tantum
499 419 616 471 quod
646 418 722 458 iste
744 418 944 457 Nicolaus
976 418 1075 458 dicit
1104 419 1221 471 quod
1243 432 1357 471 reges
1386 418 1539 458 debent

227 501 314 527 esse
336 488 525 528 advocati
549 488 827 537 sacerdotum,
862 487 959 541 quia
991 487 1022 526 si
1055 488 1133 540 ipsi
1167 501 1271 541 eque
1300 487 1539 527 immediate

225 557 426 597 haberent
469 565 721 610 potestatem
752 557 868 596 illam
901 570 995 596 cum
1030 557 1328 605 sacerdotibus,
1369 556 1539 596 ecclesia

193 639 314 670 5non
359 635 538 666 servaret
583 626 826 677 monadem,
873 639 923 665 eo
968 627 1084 679 quod
1117 626 1253 665 forent
1284 626 1369 665 duo
1406 625 1540 679 capita

227 709 331 749 eque
376 695 527 748 primo.
581 696 634 734 Et
677 695 719 733 in
766 695 888 734 istam
934 695 1240 748 blasphemiam
1284 709 1332 734 ex
1376 694 1538 734 defectu

228 765 462 805 intellectus
508 764 710 817 scripture
753 764 945 804 incidunt
988 764 1113 804 multi
1156 764 1299 804 iuriste
1344 764 1539 804 facientes

226 849 324 874 suos
357 835 592 887 prepositos
624 833 815 875 insanire.
851 834 1109 874 Conceditur
1137 848 1235 887 ergo
1259 835 1374 887 quod
1403 834 1538 873 domi-

226 905 346 943 nacio
386 904 514 943 civilis
555 904 606 943 sit
644 904 966 956 quodammodo
1013 903 1194 956 perfecta
1232 912 1271 943 et
1310 903 1539 943 necessaria

173 997 210 1017 10
225 973 405 1027 perfecte
434 973 656 1026 supposito
680 973 731 1012 ad
761 972 1066 1012 dominandum
1092 982 1178 1013 tam
1208 973 1378 1013 clericos
1410 987 1539 1026 quam

134 1043 671 1097 174⁸laycosffii11solentes.
727 1042 842 1094 Sapit
886 1052 1025 1082 tamen
1072 1041 1132 1096 (in
1177 1051 1385 1096 quantum
1429 1041 1539 1097 talis)

225 1112 385 1151 veniale
418 1121 660 1164 peccatum3
692 1111 787 1151 ideo
810 1125 896 1150 non
920 1112 1060 1164 potuit
1084 1112 1251 1152 Christo
1285 1120 1536 1164 competere,

225 1195 300 1221 nec
333 1182 613 1221 auctorizatur
645 1181 686 1219 in
720 1181 887 1220 Christo
923 1191 961 1221 et
994 1181 1210 1234 evangelio
1247 1195 1437 1234 expresse
1466 1182 1538 1220 sed

225 1251 445 1302 innuitive7
469 1260 508 1290 et
530 1251 624 1290 ideo
648 1250 832 1290 inferiori
848 1251 954 1303 parti
973 1251 1141 1290 ecclesie
1158 1265 1286 1304 quam
1304 1251 1537 1303 Apostolus

171 1320 261 1365 151³
286 1320 381 1359 Cor.
408 1321 495 1371 V10‚
518 1334 558 1372 4,
591 1330 713 1360 vocat
745 1321 1101 1373 contemptibilem
1136 1322 1258 1360 debet
1287 1329 1535 1373 competere.

224 1390 295 1429 Illa
341 1403 438 1442 ergo
483 1390 724 1430 dominacio
770 1403 856 1429 non
902 1404 1006 1443 pure
1050 1390 1160 1443 capit
1200 1390 1537 1443 complecionem

223 1473 345 1499 suam
366 1474 388 1498 a
405 1459 588 1513 Christo7
613 1460 720 1499 sicut
743 1460 968 1512 spiritualis
991 1460 1230 1499 dominacio
1252 1460 1317 1500 vel
1339 1468 1536 1513 potestas,

223 1530 295 1568 sed
340 1530 576 1582 completur
607 1538 653 1569 ut
685 1529 741 1568 sic
774 1543 846 1582 per
878 1530 982 1569 ritus
1015 1530 1242 1571 humanos,
1306 1531 1427 1570 Unde
1460 1543 1536 1582 pro

223 1599 293 1638 tali
313 1599 603 1651 complecione
626 1608 664 1639 et
685 1599 827 1652 legum
850 1599 1148 1652 aggregacione
1164 1599 1262 1639 dicit
1275 1600 1536 1652 Augustinus

165 1689 208 1710 20
223 1682 347 1720 super
378 1669 484 1719 Joh.‚
524 1668 689 1708 Omelia
731 1669 808 1708 VIa
849 1669 914 1722 (ut
959 1668 1125 1707 recitavi
1173 1666 1380 1723 superius)
1422 1670 1537 1722 quod

222 1751 309 1776 non
341 1738 428 1777 iure
460 1738 535 1776 Dei
569 1739 640 1777 sed
680 1738 940 1790 imperatoris
974 1738 1152 1778 dicimus
1185 1739 1301 1791 quod
1333 1738 1409 1777 hec
1440 1739 1536 1777 villa

221 1807 286 1846 vel
330 1808 482 1847 domus
520 1816 580 1847 est
624 1821 730 1857 mea,
778 1821 864 1846 non
909 1808 1025 1860 quod
1069 1808 1133 1846 ius
1167 1807 1243 1846 Dei
1276 1807 1327 1847 sit
1359 1808 1535 1846 omnino

222 1876 407 1915 alienum
451 1891 471 1916 a
516 1876 820 1916 constitucione
854 1876 984 1916 civilis
1017 1877 1208 1927 dominii,
1242 1891 1338 1916 cum
1371 1885 1536 1929 oportet

221 1947 357 1999 legem
379 1946 452 1985 Dei
488 1947 584 1986 dare
615 1947 797 2000 graciam
822 1960 903 1999 que
937 1955 997 1985 est
1030 1946 1159 1985 civilis
1183 1946 1360 1986 dominii
1386 1946 1534 1985 funda-

167 2025 206 2057 25
222 2024 427 2067 mentum,
480 2017 551 2054 sed
603 2030 688 2055 non
742 2017 976 2055 secundum
1028 2016 1141 2055 illam
1190 2017 1360 2068 culpam
1407 2030 1533 2068 quam

222 2085 430 2125 contrahit
462 2094 522 2124 est
554 2100 576 2124 a
607 2086 713 2125 Deo.
777 2086 831 2125 Et
862 2085 918 2124 sic
949 2085 1138 2138 intelligo
1171 2085 1462 2138 Augustinum
1493 2085 1534 2123 in

222 2154 410 2207 Epistola
432 2155 645 2195 XXXVIIa
677 2155 729 2194 ad
751 2155 1050 2194 Macedonium
1072 2154 1129 2194 sic
1153 2154 1381 2194 dicentem:
1415 2154 1536 2193 Inter

223 2224 466 2264 mundanos
499 2224 680 2277 quedam
714 2225 814 2263 iura
847 2225 1166 2263 constituuntur
1198 2238 1278 2277 que
1310 2225 1534 2277 appellan-

223 2299 293 2332 tur
325 2294 483 2342 civilia,
518 2307 601 2333 non
634 2294 748 2346 quod
778 2294 877 2332 hinc
895 2293 984 2346 fiat
1026 2301 1069 2333 ut
1104 2294 1207 2334 bene
1241 2301 1405 2334 utentes
1436 2295 1533 2341 sint,

163 2371 206 2402 30
220 2363 295 2402 sed
317 2370 359 2402 ut
383 2363 494 2402 male
519 2369 680 2402 utentes
703 2364 843 2402 minus
865 2363 1030 2402 molesti
1050 2366 1146 2403 sint.
1182 2363 1366 2412 Quando
1392 2372 1534 2403 autem

222 2431 295 2471 hec
328 2432 415 2471 iura
448 2441 681 2471 consonant
712 2432 791 2484 legi
813 2432 886 2471 Dei
911 2445 991 2485 que
1024 2441 1084 2472 est
1115 2446 1188 2485 per
1220 2446 1262 2471 se
1290 2433 1411 2485 iusta,
1434 2442 1534 2472 tunc

272 2611 312 2631 10.
334 2603 371 2630 R:
397 2602 532 2638 perfecta
558 2607 586 2629 et
612 2602 701 2630 intra.
723 2603 763 2630 ib.
786 2603 976 2629 domandum
997 2602 1026 2629 in
1052 2602 1144 2629 codd.
1272 2611 1305 2630 ιι.
1328 2603 1350 2630 Β
1366 2604 1395 2630 in
1418 2611 1532 2639 marg:

220 2649 402 2677 Dominacio
417 2649 513 2676 civilis
529 2649 609 2684 sapit
623 2655 785 2684 peccatum
801 2650 829 2675 in
848 2653 996 2684 quantum
1018 2649 1096 2676 ialis.
1224 2648 1261 2675 13.
1282 2651 1310 2676 A
1330 2651 1387 2684 A=²
1410 2650 1534 2677 Christo

219 2695 248 2722 in
272 2696 442 2731 evangelio.
584 2695 627 2722 18.
659 2696 687 2722 Α
708 2695 737 2722 in
760 2703 875 2729 marg:
904 2695 1110 2729 Augustinus.
1256 2703 1293 2722 2¹.
1324 2696 1363 2722 13:
1392 2697 1446 2723 sed
1468 2697 1533 2723 iure

219 2742 429 2777 imperatoris.

281 2871 332 2892 21.
359 2860 423 2891 See
450 2860 558 2891 above
584 2870 662 2902 pag.
691 2861 765 2891 301.

1378 2929 1412 2950 21

1746 234 1818 274 321

1587 359 1792 393 Extravagant

1570 394 1665 428 rights
1686 393 1721 421 of
1738 395 1802 421 rule

1614 437 1665 456 are
1685 429 1768 456 often

1588 463 1719 491 claimed
1744 463 1793 490 for

1634 499 1757 533 priests.

1577 1121 1625 1148 Α11
1649 1121 1717 1148 civil
1739 1122 1803 1148 rule

1562 1157 1684 1183 smacks
1707 1156 1741 1183 of
1759 1158 1819 1183 sin.
