2051 3273
217 206 303 233 CAP.
326 194 423 251 xm]
718 207 776 238 DE
805 207 1038 238 ECCLEsIA.
1729 196 1806 234 503

76 322 95 354 Ι
125 312 446 365 197dcaracteris
508 310 894 363 imperfeccionem,·
961 319 1000 349 et
1061 309 1271 362 tripliciter
1331 309 1524 361 reprobat

213 379 333 419 istam
367 380 609 433 opinionem
643 379 738 419 satis
771 379 979 418 vivaciter.

110 458 149 491 K
176 467 201 491 a
272 449 428 498 Primo,
449 449 596 502 inquit,
618 449 656 488 si
668 450 745 488 hoc
766 455 886 498 esset,
909 446 1008 487 tunc
1022 454 1130 488 esset
1151 449 1404 500 impossibile
1418 461 1521 500 pro-

215 519 372 558 moveri
392 518 447 557 ad
476 525 714 570 sequentem
737 518 929 557 ordinem
952 517 1124 557 dimisso
1140 518 1281 570 priori
1287 528 1302 567 ,·
1330 517 1441 569 quod
1462 524 1523 556 est

173 596 198 628 b
214 595 360 626 contra
379 589 488 627 iura.
500 588 620 636 Item,
637 594 735 626 tunc
750 601 830 626 non
847 594 954 627 esset
968 587 1215 640 differencia
1231 587 1339 625 inter
1353 585 1521 625 ordines

215 657 296 695 nisi
308 656 539 696 secundum
564 657 700 696 maius
723 663 761 696 et
784 657 952 706 minus,·
980 656 1091 709 quod
1111 663 1172 696 est
1194 655 1521 709 manifestefal-

212 739 323 775 sum,
341 733 674 778 cumpotestates
690 727 730 765 in
746 726 922 766 diversis
938 725 1154 765 ordinibus
1171 731 1272 764 sunt
1285 724 1340 763 ad
1355 725 1521 764 diversa

178 795 415 835 cordinate.
461 796 517 834 Et
546 797 687 845 terci0,
718 797 756 835 si
786 802 979 835 caracter
1008 797 1070 835 sic
1100 795 1332 846 susciperet
1369 795 1522 847 magis,

205 878 289 918 per
320 864 426 904 idem
452 872 600 917 posset
628 866 843 917 suscipere
875 865 1029 914 minus,
1073 871 1111 904 et
1149 877 1232 916 per
1263 876 1520 916 consequens

159 951 197 973 10
200 934 322 988 foret
371 934 573 984 delebilis,
624 941 663 974 et
704 948 787 987 per
835 934 942 973 idem
992 940 1229 973 caracteres
1279 933 1521 986 aliquorum

210 1011 577 1043 sacramentorum
612 1005 750 1057 magis
783 1011 821 1042 et
852 1004 991 1043 minus
1020 1004 1266 1056 reciperent,
1291 1009 1335 1041 ut
1356 1002 1522 1041 dicatur

210 1073 444 1126 baptizatus
476 1074 541 1112 vel
570 1073 845 1125 confirmatus
878 1073 1016 1126 magis
1049 1080 1088 1112 et
1125 1073 1264 1112 minus
1273 1083 1288 1122 ;
1319 1071 1431 1125 quod
1461 1079 1522 1112 est

171 1143 378 1186 domnino
426 1143 731 1182 inconveniens.
778 1144 891 1194 Ergo
925 1151 963 1182 et
996 1142 1171 1195 posicio.
1216 1141 1310 1181 Alia
1342 1151 1519 1194 possunt

212 1211 301 1250 fieri
351 1221 596 1265 argumenta
639 1213 756 1265 quod
805 1225 878 1265 per
926 1212 1039 1251 idem
1093 1220 1271 1251 caracter
1323 1211 1520 1264 baptismi

157 1292 194 1324 15
212 1295 390 1320 crescere
424 1291 564 1334 posset
596 1283 646 1320 ad
680 1282 1018 1335 qualemcunque
1051 1290 1310 1321 caracterem.
1343 1281 1521 1334 Oportet

212 1350 320 1389 enim
366 1350 408 1389 in
454 1364 551 1389 casu
599 1352 825 1390 concedere
869 1352 984 1404 quod
1036 1352 1219 1390 duorum
1270 1350 1521 1390 acolitorum

211 1428 388 1459 caracter
419 1420 681 1459 sacerdotalis
715 1419 793 1459 fuit
825 1420 1051 1473 impressus
1082 1420 1125 1458 in
1157 1433 1258 1471 uno,
1293 1428 1332 1459 et
1364 1420 1406 1458 in
1438 1419 1519 1458 alio

211 1503 311 1540 non,
364 1489 503 1541 posito
556 1491 672 1543 quod
724 1490 823 1529 alter
875 1498 1071 1528 cresceret
1121 1489 1163 1528 in
1216 1497 1435 1541 posterum
1477 1489 1517 1527 in

211 1560 467 1598 sacerdotem
499 1567 538 1598 et
578 1559 679 1598 alter
712 1568 880 1599 maneat
910 1568 1077 1599 tantum
1110 1560 1299 1609 acolitus,
1338 1568 1377 1598 et
1415 1559 1519 1599 foret

154 1650 194 1670 20
211 1628 403 1668 confusio
447 1628 488 1666 in
533 1628 771 1668 sacerdocio
823 1630 1057 1669 secundum
1100 1629 1234 1681 magis
1282 1637 1321 1668 et
1364 1629 1516 1668 minus.

212 1698 308 1736 Ideo
353 1697 450 1736 dicit
493 1698 674 1736 secunda
718 1697 864 1750 opinio
908 1698 1060 1737 melius
1105 1698 1218 1751 quod
1257 1699 1298 1737 in
1342 1698 1517 1739 diversis

210 1766 426 1806 ordinibus
460 1767 768 1820 imprimuntur
813 1767 968 1806 diversi
1010 1773 1264 1817 caracteres,
1316 1781 1363 1807 eo
1409 1768 1520 1821 quod

210 1849 291 1874 non
334 1837 473 1875 solum
516 1838 588 1889 qui
629 1836 685 1876 act
715 1837 799 1875 Dei
842 1838 1002 1875 cultum
1046 1844 1341 1886 assumuntur,
1373 1837 1517 1877 distin-

208 1912 404 1958 guuntur
440 1907 492 1945 ab
524 1907 634 1955 aliis,
663 1904 822 1958 ymmo
854 1907 962 1945 inter
1006 1907 1291 1947 ministrantes
1324 1914 1385 1946 est
1415 1907 1518 1946 ordo

153 1985 191 2017 25
208 1981 332 2027 atque
363 1975 589 2024 distinccio,
622 1982 661 2015 et
693 1977 869 2015 ulterius
913 1975 1078 2029 gradus
1111 1976 1174 2015 illi
1216 1983 1255 2015 et
1289 1982 1517 2028 potestates

209 2045 489 2094 ministrandi,
520 2046 558 2084 si
598 2046 729 2084 simul
770 2044 941 2094 dantur,
985 2058 1201 2099 nunquam
1242 2046 1517 2099 auferuntur,

207 2114 379 2153 eciamsi
434 2114 490 2153 ad
550 2115 685 2154 alcius
753 2115 1033 2154 ministerium
1102 2115 1291 2155 elevatur
1347 2116 1419 2168 qui
1474 2116 1515 2154 in

209 2183 366 2223 minori
405 2184 748 2233 ministraverat,·
786 2191 825 2224 et
856 2184 947 2224 ia'eo
986 2185 1028 2223 in
1075 2185 1252 2224 diversis
1295 2185 1517 2225 ordinibus

209 2251 382 2292 diversa
415 2253 560 2306 sigilla
602 2252 749 2292 debent
787 2254 977 2305 imprimi
1017 2254 1252 2293 secundum
1285 2267 1365 2307 que
1398 2255 1517 2294 nobis

153 2332 194 2364 30
211 2322 439 2361 diversitas
475 2328 734 2374 potestatum
776 2323 1051 2362 ministrandi
1082 2330 1121 2363 et
1144 2324 1416 2376 perpetuitas
1453 2324 1515 2363 in-

210 2397 415 2441 notescat,·
446 2392 529 2430 tale
562 2397 704 2430 autem
736 2392 1016 2444 signaculum
1051 2398 1112 2432 est
1143 2400 1353 2434 caracter.

258 2556 283 2574 2.
303 2548 333 2575 A
352 2549 407 2583 Al:
429 2549 501 2576 satis
522 2549 667 2576 vivaciter
687 2549 780 2576 deest.
924 2558 958 2577 11.
981 2550 1020 2577 B:
1049 2549 1222 2586 reciperent
1243 2567 1271 2571 —
1293 2551 1397 2579 minus
1419 2551 1513 2578 deest.

208 2601 247 2621 21.
276 2596 305 2621 A
323 2594 353 2622 in
375 2602 485 2629 marg:
519 2595 660 2622 Secunda
690 2596 807 2630 opinio.
950 2597 996 2623 26.
1027 2596 1065 2623 B:
1093 2596 1146 2624 sed
1170 2597 1273 2624 simul.
1310 2598 1338 2625 A
1358 2597 1415 2632 A,:
1445 2597 1516 2625 licet

207 2640 311 2667 semel.
330 2640 449 2668 Ibidem
474 2640 584 2668 codd.:
615 2640 741 2668 eciamsi
770 2641 906 2669 alterius.
938 2641 1077 2670 Correxi.
1219 2643 1264 2671 30.
1286 2642 1325 2669 B:
1352 2647 1512 2678 peccatum

210 2686 415 2714 ministrandi.

268 2804 319 2836 23.
347 2805 475 2837 Bonav.
504 2806 525 2836 l.
552 2815 578 2836 c.
604 2816 681 2847 pag.
708 2804 771 2836 652
800 2815 900 2847 seqq.
