2051 3273
218 186 304 214 cm.
334 173 458 230 xxm]
717 190 773 220 DE
803 189 1031 221 ECCLESIA.
1734 181 1808 220 583

67 301 203 346 U207b
220 293 299 331 Sed
335 305 415 345 que
450 292 560 330 racio
595 290 736 346 (rogo)
770 290 920 332 huius?
954 293 1017 331 vel
1041 306 1122 345 que
1158 294 1375 333 diversitas
1410 296 1524 346 quod

220 362 441 415 episcopus
483 360 739 400 Nullatensis
787 375 869 401 non
915 362 1071 402 sufficit
1124 364 1355 402 concedere
1403 363 1525 403 alicui

219 431 532 483 indulgenciam
566 440 944 484 quantumcunque
978 432 1106 484 digno
1131 432 1243 484 apud
1265 432 1417 480 Deum,
1443 433 1525 486 epi-

220 515 371 554 scopus
395 509 537 540 autem
572 501 742 540 dotatus
767 499 924 540 sufficit
957 502 1186 540 concedere
1210 515 1352 553 parem
1387 502 1523 542 indul-

185 580 200 611 5
219 571 410 623 genciam
433 578 812 623 quantumcunque
837 569 1061 623 dispariter
1090 571 1353 623 indispositis
1377 572 1426 610 de
1450 586 1524 611 sua

219 636 410 693 dyocesi?
462 638 682 691 Numquid
727 639 824 678 talia
875 640 986 679 dicta
1025 649 1177 679 sonant
1230 640 1345 692 quod
1386 642 1523 681 indul-

218 709 362 761 gencia
397 716 456 748 est
480 721 584 761 pure
618 722 665 747 ex
689 709 862 747 arbitrio
887 709 1092 762 prepositi
1121 719 1218 761 post
1252 711 1523 750 dotacionem

221 778 392 818 ecclesie
439 777 664 817 adinventa
706 787 745 817 et
778 778 1128 818 irracionabiliter
1161 792 1207 817 ac
1240 778 1442 819 fallaciter
1474 781 1525 819 ad

126 847 455 897 207⁰illusionem
502 847 671 886 ecclesie
716 860 813 900 sepe
858 845 1010 886 ficta*?
1069 848 1123 887 Et
1167 861 1310 887 revera
1351 850 1422 901 qui
1467 850 1525 888 vi·

166 934 204 955 10
222 918 375 956 dentur
394 915 621 956 defendere
640 917 868 968 libertates,
886 917 1121 970 privilegia,
1139 917 1322 957 honores
1339 918 1525 970 ecclesie,

223 995 267 1025 ut
290 986 425 1037 amici,
451 995 549 1025 sunt
575 999 622 1024 ex
658 986 917 1025 adulacionis
947 986 1039 1025 oleo
1066 986 1278 1026 inficiente
1305 988 1525 1028 mendacio

223 1064 262 1094 et
295 1055 538 1094 defensione
572 1054 706 1094 fallaci
747 1056 788 1094 in
821 1065 995 1107 peccato
1027 1056 1097 1095 diu
1134 1057 1385 1096 abscondito
1419 1058 1524 1097 eius-

225 1125 319 1165 dem
355 1125 525 1164 ecclesie
560 1125 808 1177 nequissimi
843 1125 1064 1164 domestici
1096 1126 1269 1165 inimici.

125 1200 163 1234 X
187 1201 204 1232 1
279 1194 378 1233 Ideo
430 1194 631 1248 premissa
681 1194 831 1234 humili
884 1195 1198 1247 protestacione
1251 1197 1300 1235 de
1357 1197 1526 1236 ecclesie
1559 1202 1794 1265 xffiiii'ssiofinnsaf

168 1264 510 1315 15veneracione,
562 1264 612 1302 de
664 1264 814 1303 humili
863 1264 1129 1303 subieccione
1175 1274 1215 1304 et
1260 1266 1309 1304 de
1355 1279 1526 1305 suarum

220 1333 463 1373 libertatum
511 1333 722 1372 constanti
768 1333 1014 1373 defensione
1071 1334 1164 1374 dico
1219 1335 1357 1388 primo
1408 1336 1525 1388 quod

220 1416 346 1442 nemo
380 1412 440 1442 est
475 1416 604 1456 capax
632 1403 910 1455 indulgencie,
946 1404 1023 1442 nisi
1058 1403 1185 1443 fuerit
1218 1413 1257 1443 et
1291 1405 1340 1444 de
1366 1415 1526 1458 quanto
1566 1419 1586 1438 1·
1609 1410 1678 1438 God
1700 1411 1789 1439 alone

1560 1450 1664 1480 grants
1691 1446 1793 1473 indul-

221 1472 346 1512 fuerit
379 1473 530 1525 dignus
556 1472 618 1511 vel
651 1473 883 1525 dispositus
908 1487 981 1526 per
1013 1473 1198 1526 graciam
1232 1475 1344 1526 apud
1371 1475 1815 1542 Deum-§Juffiggssnffvssgffl

221 1542 341 1581 Patet
373 1556 421 1581 ex
454 1542 532 1581 hoc
565 1543 680 1596 quod
720 1556 846 1581 nemo
886 1543 919 1582 si
952 1556 1036 1582 non
1070 1543 1184 1583 Deus
1226 1544 1295 1583 dat
1329 1544 1430 1583 tales
1464 1545 1524 1583 in-
1558 1550 1596 1577 he
1610 1549 1797 1620 virigrsthrffde

162 1627 204 1649 20
221 1611 463 1664 dulgencias
497 1612 567 1665 qui
603 1626 686 1651 non
711 1613 781 1652 dat
821 1613 899 1652 nisi
933 1613 1036 1652 caris
1061 1613 1147 1652 suis
1194 1627 1300 1666 quos
1326 1614 1383 1657 sic
1406 1614 1523 1667 prius

220 1681 426 1723 habilitat.

180 1758 205 1790 2
280 1750 382 1790 Dico
398 1752 584 1790 secundo
601 1752 715 1804 quod
735 1752 871 1790 omnis
892 1752 1095 1803 recipiens
1119 1753 1219 1791 tales
1237 1752 1526 1804 indulgencias
1541 1765 1566 1784 2-
1583 1757 1665 1820 Εᾶιὲὴ
1682 1759 1814 1819 τεοῖεῑῖξε

220 1821 270 1858 de
304 1830 421 1859 tanto
456 1821 668 1875 copiosius
693 1835 761 1860 eas
787 1822 948 1874 recipit,
984 1822 1032 1859 de
1066 1830 1228 1873 quanto
1258 1821 1383 1859 fuerit
1409 1822 1525 1860 habi·
1542 1800 1815 1856 aeaegrgffioegsns

218 1890 297 1928 lior
319 1890 460 1943 quoad
485 1890 634 1930 Deum.
672 1891 792 1930 Patet
816 1904 863 1929 ex
897 1890 975 1929 hoc
1009 1891 1123 1943 quod
1148 1890 1309 1942 precise
1334 1891 1383 1929 de
1408 1900 1525 1930 tanto

164 1965 202 1997 25
222 1959 334 1999 Deus
368 1960 440 2000 dat
472 1961 551 1999 sibi
591 1961 803 2013 copiosius
846 1960 946 1999 tales
981 1960 1285 2011 indulgencias,
1334 1961 1403 1999 sed
1438 1960 1526 2012 ipse

218 2029 317 2068 facit
350 2029 551 2082 quicquid
586 2029 684 2069 facit
716 2030 765 2068 ad
800 2029 1003 2081 regulam.

179 2104 204 2136 3
280 2098 381 2137 Dico
413 2099 543 2138 tercio
567 2099 681 2152 quod
700 2084 868 2137 *nullius
899 2098 1084 2151 episcopi
1109 2098 1377 2149 indulgencia
1400 2100 1564 2151 prod-3·
1599 2104 1646 2131 No
1678 2105 1815 2140 bishop’s

220 2177 281 2207 est
318 2168 492 2220 homini,
533 2170 610 2207 nisi
651 2169 700 2207 de
733 2176 892 2221 quanto
931 2168 1046 2220 prius
1088 2181 1130 2206 se
1164 2168 1374 2220 disposuit
1412 2169 1524 2221 apud
1541 2140 1813 2209 Ρῑοιὲῗεωξὲῗὲἒᾶε

221 2239 371 2277 Deum.
414 2239 532 2278 Patet
566 2251 613 2277 ex
647 2238 725 2276 hoc
765 2238 880 2290 quod
914 2238 1027 2276 Deus
1066 2251 1149 2276 non
1185 2237 1254 2277 dat
1287 2238 1365 2276 sibi
1399 2238 1524 2277 talem
1539 2210 1589 2236 the
1609 2214 1762 2280 5&ng
1788 2218 1813 2237 1s

164 2308 532 2360 30indulgenciam
558 2308 635 2347 nisi
663 2308 715 2346 ad
738 2316 903 2347 tantum
928 2321 976 2346 ex
1000 2307 1295 2360 proposicione
1318 2308 1524 2359 proxima,

221 2377 290 2416 sed
325 2378 483 2430 precise
509 2377 558 2416 de
579 2385 699 2417 tanto
724 2377 1012 2428 cuiuscunque
1037 2376 1223 2428 episcopi
1259 2376 1525 2428 indulgencia

220 2447 404 2499 prodest.

272 2624 293 2643 1.
323 2614 363 2642 B:
393 2623 468 2650 rogo
489 2616 558 2643 hoc.
666 2623 691 2642 2.
721 2616 887 2650 episcopus
906 2615 1106 2648 Nullatensis‚
1134 2616 1162 2642 id
1190 2620 1245 2648 est,
1275 2615 1439 2650 episcopus
1472 2616 1523 2649 qui

221 2663 324 2689 sedem
345 2663 552 2697 episcopalem
568 2663 733 2691 nonhabet.
824 2669 856 2689 11.
878 2662 917 2689 13:
943 2661 1033 2689 amici
1050 2662 1119 2689 sint.
1212 2661 1256 2689 28.
1269 2662 1297 2688 A
1311 2662 1366 2695 A1:
1383 2669 1415 2687 se
1429 2661 1523 2688 deest.

285 2791 330 2824 16.
347 2791 391 2823 Cf
416 2792 489 2822 Hus
504 2792 669 2823 adversus
690 2790 928 2833 indulgencias
945 2790 1085 2832 papales
1102 2789 1192 2832 Opp.
1204 2790 1225 2829 I,
1247 2787 1522 2831 CLXXVbseqq.
