2051 3273
206 191 286 230 360
928 199 1150 231 „IOHANNIS
1179 199 1371 231 vvvcmr.
1594 185 1697 242 [CAP.
1726 195 1807 223 XVI.

497 305 663 344 cionem
695 313 941 357 perpetuam
974 303 1142 342 ecclesie
1191 303 1308 342 nullo
1356 303 1486 342 modo
1533 301 1903 356 verisimiliter-179⁸
1926 315 1960 347 Α,

496 373 693 426 peccavit.

207 454 471 515 Thizsxqssugessffl
554 443 776 491 Quantum
799 443 851 480 ad
873 441 986 481 istud
1008 450 1319 494 argumentum,
1343 454 1429 480 non
1445 450 1612 493 oportet
1633 455 1805 494 respon-

213 523 468 562 begging-ofthe
495 513 590 551 dere
612 513 663 551 ad
693 511 886 562 formam,
912 525 986 550 nec
1010 510 1093 549 vidi
1127 510 1425 563 probacionem
1459 511 1676 564 assumpti,
1711 525 1808 550 cum

262 562 413 593 quesuon.
494 581 684 621 Christus
708 580 862 633 recepit
885 579 1134 619 elemosinas
1157 580 1423 632 temporales,
1447 580 1553 619 sicut
1575 590 1613 620 et
1626 581 1806 633 apostoli
1824 590 1839 621 5

490 652 541 690 ab
564 652 656 704 ipso
688 659 929 703 receperant
953 663 1028 702 pro
1063 650 1283 703 temporali
1306 649 1541 702 indigencia
1572 663 1807 702 pauperum

488 720 709 759 relevanda
724 718 789 774 (ut
804 728 917 772 patet
930 719 1019 760 Joh.
1040 718 1149 773 V10),
1161 728 1199 758 et
1214 728 1354 759 tamen
1370 733 1456 758 non
1470 719 1621 772 legitur
1635 729 1805 772 aposto-

488 790 552 828 los
574 790 774 842 recepisse
792 789 1041 829 elemosinas
1062 802 1138 841 pro
1155 789 1407 842 pauperibus
1422 797 1620 841 perpetue
1640 802 1804 828 conser-

488 860 657 898 vandas,
704 859 756 898 Et
795 868 1003 912 quantum
1040 859 1091 898 ad
1122 858 1227 898 illud
1265 857 1572 911 brogardicum,
1605 871 1702 910 ergo
1734 871 1806 911 per

488 929 601 968 idem
623 929 687 967 vel
710 929 976 981 questionem
999 942 1150 980 vagam
1172 942 1252 981 que
1276 936 1336 967 est
1365 927 1565 967 ultimum
1592 927 1805 980 refugium
1825 946 1863 968 ιο

489 998 690 1050 simplicis
721 998 930 1051 arguentis
965 1011 1047 1051 qua
1079 998 1266 1051 queritur
1309 1011 1390 1051 que
1428 997 1479 1036 sit
1517 997 1626 1036 racio
1671 997 1803 1036 diver-

491 1067 636 1118 sitatis,
668 1076 892 1121 retorqueo
926 1077 1153 1120 utrumque
1186 1067 1228 1106 in
1261 1075 1519 1119 arguentem.

207 1156 311 1185 Christ
332 1157 412 1184 bade
434 1165 468 1183 us
550 1136 592 1176 Si
627 1136 817 1176 Christus
850 1137 994 1176 docuit
1026 1150 1104 1175 nos
1135 1137 1177 1175 in
1210 1136 1294 1176 suis
1326 1135 1526 1188 apostolis
1551 1149 1633 1176 non
1666 1136 1852 1177 sonci-B

198 1193 365 1256 Ποῑςᾷῗςξξ
379 1200 476 1254 tffise'
490 1207 576 1246 tari
597 1207 639 1246 in
663 1207 917 1258 crastinum,
941 1207 1042 1259 quia
1057 1206 1218 1260 sufficit
1240 1206 1507 1246 dieimalicia
1521 1218 1617 1256 sua,
1632 1205 1806 1246 Matthei

262 1270 414 1296 morr0w3
490 1276 582 1328 VIO,
619 1277 683 1327 34,
730 1285 769 1315 et
801 1289 888 1314 non
922 1276 1088 1315 videtur
1118 1276 1244 1326 racio,
1288 1289 1413 1329 quare
1454 1288 1540 1314 non
1580 1274 1863 1327 preciperet15

490 1345 547 1385 eis
590 1345 808 1398 providere
841 1346 891 1384 de
936 1345 1287 1385 elemosinacione
1325 1354 1537 1398 perpetua,
1584 1358 1657 1397 per
1693 1344 1808 1384 idem

489 1415 718 1468 preciperet
741 1414 797 1453 eis
812 1415 1032 1467 providere
1055 1416 1104 1454 de
1127 1415 1476 1455 elemosinacione
1499 1423 1719 1467 perpetua3
1741 1414 1806 1453 vel

488 1484 597 1523 racio
619 1483 863 1523 diversitatis
888 1483 1159 1525 confirmatur
1174 1499 1222 1524 ex
1243 1486 1322 1524 hoc
1344 1486 1460 1538 quod
1482 1494 1672 1537 tempore
1694 1497 1796 1537 apo-

488 1553 696 1592 stolorum
720 1553 889 1594 fuerunt
912 1555 1105 1594 homines
1128 1554 1367 1594 devociores
1400 1563 1439 1594 et
1471 1554 1522 1593 ad
1554 1552 1803 1593 elemosinas

488 1622 779 1676 prompciores
813 1633 851 1663 et
885 1633 981 1676 post
1012 1624 1233 1675 avariores,
1267 1638 1364 1677 ergo
1389 1623 1533 1663 fuisset
1566 1635 1802 1675 congruum
1820 1640 1862 1662 20

489 1693 606 1745 quod
639 1692 717 1745 ipsi
750 1693 1005 1746 obligassent
1037 1708 1137 1733 suos
1160 1694 1329 1733 heredes
1363 1694 1413 1732 ad
1437 1692 1685 1732 elemosinas
1708 1705 1800 1745 per-

489 1770 651 1814 petuas.
707 1762 748 1802 Si
789 1762 949 1802 dicatur
989 1765 1105 1816 quod
1142 1763 1337 1803 voluntas
1382 1762 1536 1803 Christi
1589 1771 1648 1801 est
1690 1760 1802 1801 racio

490 1830 735 1871 diversitatis
760 1831 984 1884 sufficiens,
1018 1846 1158 1872 revera
1187 1832 1242 1872 sic
1266 1832 1454 1872 doctrina
1478 1830 1631 1871 Christi
1663 1844 1800 1870 exem-

490 1901 601 1953 plata
634 1901 772 1941 future
806 1902 977 1942 ecclesie
1021 1911 1082 1942 est
1125 1902 1236 1942 racio
1281 1902 1539 1952 diversitatis,
1585 1909 1624 1940 et
1667 1899 1803 1938 forma

491 1969 702 2010 sufficiens
736 1972 788 2009 ad
821 1972 1082 2011 movendum
1115 1986 1192 2011 nos
1226 1971 1396 2011 clericos
1428 1971 1556 2010 ritum
1601 1969 1802 2023 gentilem
1819 1977 1858 2010 25

490 2039 676 2079 deserere
720 2049 760 2080 et
803 2054 977 2080 omnem
1021 2041 1332 2081 solicitudinem
1370 2051 1558 2081 nostram
1589 2040 1800 2093 inpresen-

205 2129 300 2157 What
321 2129 464 2157 business
489 2109 647 2148 ciarum
679 2110 930 2162 proicientes
962 2111 1005 2149 in
1036 2111 1129 2164 ipso
1163 2110 1384 2150 confidere.
1415 2113 1511 2150 Non
1545 2109 1802 2149 solicitemur

217 2165 292 2191 have
314 2173 358 2191 we
384 2165 457 2191 with
965 2180 971 2186 .
1064 2181 1069 2186 .
1418 2180 1425 2187 .
1737 2178 1742 2183 .
1790 2177 1797 2183 .

203 2199 369 2238 providiryg
388 2207 461 2226 1000
489 2192 587 2231 ergo
611 2180 832 2232 quomodo
856 2181 1142 2232 prOV1deb1tur
1164 2194 1276 2220 nunc
1299 2182 1350 2219 ad
1370 2181 1483 2219 mille
1497 2193 1629 2219 annos
1646 2178 1799 2218 Christi

227 2234 436 2297 Ὑεῖξῃζὲρὸὼ
486 2249 740 2301 pauperibus
773 2250 821 2287 de
846 2250 1002 2302 pabulo
1026 2250 1246 2302 corporali,
1281 2250 1352 2288 sed
1375 2249 1660 2301 permittentes
1683 2261 1795 2287 mor-

485 2327 579 2357 tuos
596 2319 767 2370 sepelire
786 2328 980 2358 mortuos
1003 2333 1101 2358 suos
1118 2333 1344 2372 sequamur
1363 2318 1579 2359 Christum
1593 2318 1795 2358 attencius
1812 2324 1855 2356 30

483 2397 522 2426 et
537 2388 593 2426 sic
609 2388 837 2427 christianis
854 2388 1001 2428 futuris
1025 2390 1077 2428 ad
1096 2389 1207 2428 mille
1226 2403 1359 2428 annos
1382 2388 1515 2441 magis
1540 2387 1796 2441 proficimus,

482 2466 521 2496 et
535 2457 590 2497 ita
608 2456 672 2512 (ut
693 2458 775 2497 dixi
791 2458 1001 2512 superius)
1021 2467 1221 2512 perpetua
1245 2458 1540 2498 elemosinacio
1560 2467 1620 2497 est
1635 2457 1795 2497 dotanti

480 2526 744 2566 inductivum
755 2528 997 2580 blaspheme
1007 2528 1198 2581 superbie
1214 2537 1252 2567 et
1268 2527 1542 2567 elemosinato
1554 2526 1794 2566 fomentum

480 2597 694 2635 mundane
727 2596 983 2636 confidencie
1016 2606 1055 2636 et
1086 2597 1302 2650 vigilanter
1333 2595 1570 2650 requirendi
1603 2594 1794 2634 divinum

532 2717 556 2746 3.
577 2719 607 2746 A
626 2719 656 2746 in
673 2727 788 2755 marg:
809 2718 995 2755 Responsio.
1086 2728 1115 2753 4.
1131 2720 1155 2748 5.
1178 2720 1216 2747 B:
1238 2720 1388 2755 assumpti
1409 2720 1562 2749 Christus.
1669 2729 1697 2757 9.
1720 2720 1792 2748 bro-

479 2765 565 2799 gardi
584 2773 654 2792 cum
675 2765 705 2792 in
726 2765 817 2793 codd.
978 2774 1020 2793 10.
1048 2766 1067 2793 Β
1090 2766 1119 2793 ἰη
1135 2774 1249 2801 marg:
1266 2766 1395 2801 Questio
1415 2775 1492 2801 vaga
1511 2774 1570 2802 que
1591 2772 1636 2794 est
1650 2766 1791 2794 ultimum

480 2810 632 2845 refugium
648 2811 795 2846 simplicis
812 2812 977 2846 arguentis.
994 2812 1051 2839 Hic
1067 2817 1198 2840 notatur.
1306 2810 1346 2839 23.
1362 2820 1407 2846 24.
1431 2812 1469 2839 B:
1488 2812 1704 2847 exemplativa.
