2051 3343
236 233 288 283 34
939 243 1162 276 JOHANNIS
1187 243 1383 276 WYCLIF.
1678 230 1827 288 [caan.

516 349 644 388 edidit
675 348 755 388 hoc
788 348 1014 399 decretum,
1047 357 1147 388 tunc
1180 348 1343 388 videtur
1375 362 1422 388 ex
1454 348 1493 387 vi
1516 348 1831 388 communionis
1851 359 1926 391 1320
1945 360 1981 393 G

515 426 758 457 sanctorum
790 418 919 470 quod,
953 417 985 456 si
1018 417 1068 457 sit
1100 417 1191 457 talis
1224 417 1366 457 salutis
1393 418 1688 470 dependencia,
1722 419 1831 458 salus

513 486 718 526 Bonifacii
739 487 887 540 pocius
909 487 1118 540 dependet
1141 501 1165 526 a
1187 486 1390 539 spirituali
1415 486 1610 540 suffragio
1633 487 1832 527 Celestini

515 570 643 609 quam
676 565 856 607 econtra,
901 556 999 609 quia
1030 555 1147 595 aliter
1183 555 1378 595 introitus
1415 556 1614 609 vulpinus
1654 556 1697 595 in
1728 557 1833 596 illud

515 625 705 665 officium
736 624 999 665 necessitaret
1030 625 1169 664 Deum
1209 625 1261 664 ad
1293 624 1621 665 mendicandum
1652 639 1675 664 a
1705 626 1865 679 vulpe5

514 695 585 735 tali
618 694 862 747 suffragium
894 707 967 733 sue
999 694 1180 734 ecclesie.

224 761 457 790 Theinfluence
470 763 502 789 01
573 764 751 805 Videtur
783 777 880 818 ergo
913 764 1030 817 quod
1062 763 1286 804 influencia
1318 764 1481 804 domini
1521 779 1630 818 pape
1661 778 1748 805 non
1779 765 1882 808 sitH

282 799 333 825 the
358 797 401 824 Po
429 805 444 824 e

225 833 364 867 depends
377 805 502 859 offhow
518 834 596 873 nisi
629 848 703 887 per
734 833 925 873 accidens
958 833 1187 873 necessaria
1219 833 1269 873 de
1302 841 1462 886 quanto
1494 833 1660 873 racione
1693 834 1831 874 meriti

223 867 577 959 farntgmssgegasmgsssui
611 912 671 943 est
703 912 843 956 gratus
876 904 966 942 Deo
1000 911 1039 942 et
1072 902 1184 943 utilis
1217 902 1387 942 ecclesie
1418 917 1495 956 pro
1528 917 1611 958 qua
1643 912 1750 956 orat3
1792 912 1832 944 et

514 972 606 1013 talis
638 973 861 1013 necessitas
894 987 942 1012 ex
985 972 1299 1026 supposicione,
1352 986 1400 1012 ex
1436 973 1476 1012 vi
1516 973 1829 1013 communionis
1849 994 1888 1015 10

513 1051 755 1082 sanctorum
787 1051 849 1082 est
880 1042 922 1081 in
956 1056 1214 1096 quocunque
1246 1042 1439 1081 membro
1464 1042 1647 1095 ecclesie,
1679 1042 1704 1070 ἧς
1735 1043 1829 1096 plus
1849 1051 1928 1086 132d

511 1120 652 1152 tamen
686 1112 728 1151 in
760 1126 870 1165 papa
903 1126 1032 1165 quam
1053 1112 1096 1151 in
1128 1112 1232 1163 aliis,
1266 1111 1298 1150 si
1322 1111 1440 1152 dictis
1464 1122 1504 1152 et
1526 1112 1691 1152 nomini
1723 1113 1830 1153 facta

512 1191 801 1235 compensent,
840 1182 1022 1221 vivendo
1055 1181 1232 1221 similius
1264 1181 1349 1221 vite
1382 1181 1557 1234 Christi;
1591 1191 1629 1222 et
1661 1182 1829 1222 confor-

510 1253 632 1292 miter
663 1252 813 1292 dicitur
844 1253 895 1292 de
926 1252 1191 1292 subieccione
1224 1261 1262 1292 et
1295 1251 1550 1304 obediencia,
1594 1253 1710 1305 quod
1741 1252 1832 1305 ipsa

511 1323 633 1362 debet
665 1322 830 1362 extendi
864 1322 1110 1375 generaliter
1141 1322 1194 1361 ad
1226 1335 1388 1373 omneS‚
1422 1321 1553 1361 eciam
1574 1323 1627 1361 ad
1649 1321 1830 1361 discolos
1850 1331 1886 1363 15

512 1401 551 1432 et
581 1402 797 1446 tyrannos,
831 1393 903 1432 sed
934 1392 1132 1445 precipue
1165 1392 1217 1430 ad
1248 1391 1472 1431 dominum
1511 1405 1679 1445 papam,
1724 1391 1830 1431 sicut

512 1462 600 1515 ipse
633 1463 756 1502 debet
788 1476 874 1501 esse
907 1461 1175 1515 spiritualiter
1212 1461 1422 1500 subiectus
1455 1470 1494 1501 et
1525 1461 1724 1500 obediens
1758 1474 1830 1500 sue

514 1531 696 1583 ecclesie,
721 1541 761 1572 et
783 1532 839 1571 sic
863 1531 1132 1571 obediencior
1153 1540 1278 1584 atque
1305 1531 1349 1570 in
1378 1530 1574 1570 servitute
1597 1530 1830 1570 subieccior

513 1616 642 1655 quam
663 1601 813 1655 aliquis
836 1601 1116 1641 subditorum.
1142 1600 1431 1641 Confirmatur
1453 1614 1501 1640 ex
1523 1599 1604 1640 fide
1627 1600 1829 1653 scripture

511 1675 603 1711 Act.
636 1672 707 1723 XO,
742 1672 792 1710 de
826 1670 1026 1711 Cornelio
1059 1671 1178 1711 cuius
1211 1671 1430 1711 oraciones
1460 1671 1575 1710 Deus
1618 1669 1830 1710 accersivit
1847 1690 1888 1711 20

510 1749 606 1781 ante
658 1741 923 1794 colloquium
967 1755 1064 1781 cum
1103 1755 1213 1794 papa
1256 1742 1379 1781 Petro
1411 1741 1603 1781 veniente
1641 1741 1692 1779 ad
1732 1753 1830 1779 eum

511 1811 690 1864 pedestri
715 1819 754 1850 et
774 1810 1013 1864 hospitante
1036 1811 1078 1849 in
1102 1812 1233 1851 domo
1256 1810 1458 1862 corriarii3
1488 1809 1604 1850 cuius
1628 1809 1829 1849 diffinicio

512 1880 589 1920 fuit
619 1880 729 1920 talis:
775 1881 872 1920 Non
917 1887 981 1920 est
1008 1894 1300 1933 personarum
1342 1887 1545 1933 acceptor
1577 1881 1711 1930 Deus,
1756 1878 1831 1919 sed

510 1951 553 1989 in
587 1951 705 1989 omni
744 1957 870 2004 gente
914 1952 987 2002 qui
1025 1952 1144 1990 timet
1175 1964 1270 1990 eum
1304 1957 1344 1990 et
1374 1956 1583 2002 operatur
1615 1949 1826 1989 iusticiam

511 2025 710 2071 acceptus
749 2027 812 2060 est
842 2020 918 2059 illi.
964 2021 1050 2059 Nec
1083 2019 1262 2060 dubium
1295 2020 1410 2074 quin,
1444 2019 1477 2059 si
1505 2021 1616 2059 Deus
1650 2018 1829 2058 misisset
1845 2026 1884 2059 25

510 2089 653 2140 alium,
699 2103 805 2143 eque
850 2089 996 2130 fuisset
1037 2090 1258 2130 Cornelius
1307 2090 1500 2141 salvatus,
1544 2097 1591 2128 ut
1633 2096 1748 2141 patet
1779 2088 1829 2127 de

510 2158 706 2198 eunucho
740 2158 950 2211 baptizato
983 2174 1006 2199 a
1036 2159 1234 2212 Philippo
1269 2156 1339 2215 (de
1371 2172 1458 2212 quo
1486 2161 1693 2198 Actorum
1714 2158 1830 2199 VIlI⁰

510 2225 619 2282 cap.)
654 2237 693 2268 et
725 2229 775 2267 de
805 2228 999 2281 gentibus
1033 2229 1241 2268 conversis
1274 2243 1297 2268 a
1318 2228 1450 2268 Paulo
1478 2237 1517 2268 et
1538 2228 1726 2267 Barnaba
1758 2225 1827 2283 (de

509 2311 596 2350 quo
619 2301 824 2338 Actorum
846 2296 976 2352 XVO).
1010 2299 1108 2338 Non
1142 2298 1254 2338 enim
1283 2298 1543 2338 diffinierunt
1571 2297 1751 2351 apostoli
1784 2306 1830 2337 ut

511 2376 653 2419 gentes
706 2367 925 2407 obedirent
976 2368 1115 2419 Petro,
1175 2369 1247 2408 sed
1300 2369 1414 2422 quod
1466 2367 1601 2421 gracia
1656 2367 1823 2420 spiritus
1845 2374 1886 2407 30

510 2436 639 2476 sancti
673 2445 712 2476 et
744 2437 906 2476 domini
940 2437 1034 2477 Jesu
1069 2437 1222 2477 Christi
1255 2437 1409 2478 sufficit
1440 2437 1596 2491 ubique
1627 2445 1828 2476 terrarum

511 2505 680 2545 cuilibet
712 2505 949 2548 christiano.

567 2629 592 2656 3.
613 2630 657 2656 A:
681 2629 817 2657 Celestii.
914 2629 938 2658 5.
961 2630 998 2657 ss:
1022 2630 1191 2658 nunciaret.
1291 2638 1333 2657 10.
1355 2630 1393 2657 B:
1414 2630 1444 2658 vi
1465 2630 1632 2658 oracionis.
1723 2638 1764 2664 14.
1786 2629 1824 2657 ss:

510 2675 704 2702 obieccione.
831 2683 877 2704 20.
898 2676 977 2704 AB:
1000 2677 1174 2704 accercivit.
1195 2678 1235 2711 Α1
1253 2684 1334 2703 corr.
1356 2676 1403 2703 in:
1425 2676 1606 2712 acceptavit.
1628 2676 1649 2703 Β
1672 2676 1701 2704 in
1723 2684 1824 2711 marg:

509 2722 579 2748 Act.
592 2721 629 2748 X.
723 2730 766 2757 27.
782 2722 805 2750 B
826 2723 855 2750 in
877 2731 979 2758 margt
1001 2722 1161 2751 Act.VHl,
1254 2730 1299 2759 29.
1318 2723 1339 2749 Ρ»
1355 2723 1383 2750 ἰη
1400 2730 1502 2758 marg:
1523 2725 1591 2750 Act.
1607 2723 1632 2750 5.
1722 2730 1769 2757 29.
1784 2722 1824 2748 B:

509 2768 642 2801 apostoli
664 2769 758 2796 deest.

568 2863 620 2893 23.
648 2864 723 2896 Act.
751 2864 791 2904 X,
820 2863 873 2904 34,
903 2864 955 2897 35.
