2051 3273
207 237 296 265 CAP.
320 226 417 284 xvi-J
703 239 762 271 DE
788 238 1022 271 ECCLESIA.

54 355 191 390 G·180'³
264 344 424 392 Quarto
463 342 650 395 arguitur
686 342 994 395 ponderancius
1032 350 1202 394 propter
1243 341 1508 392 gravedinem

204 413 440 465 argumenti
492 413 566 451 sic:
619 413 768 452 Nullus
819 412 1024 465 obligatus
1073 411 1149 450 sub
1198 424 1305 463 pena
1351 409 1509 462 peccati

203 482 391 521 mortalis
434 483 486 521 ad
529 481 814 534 recipiendum
860 480 1109 533 temporalia
1152 494 1228 533 pro
1272 493 1313 519 se
1347 488 1387 518 et
1426 479 1509 519 suis

204 551 511 591 successoribus
534 551 575 589 in
598 560 850 603 perpetuum
872 550 913 588 in
937 551 1016 589 hoc
1038 559 1195 603 peccat,
1224 550 1296 589 sed
1319 550 1510 590 Silvester

172 620 281 664 5fuit
319 620 524 673 obligatus
563 621 639 659 sub
678 634 785 672 pena
826 620 984 672 peccati
1024 620 1210 659 mortalis
1243 620 1299 659 sic
1331 620 1511 672 recipere

207 690 456 729 elemosinas
501 704 523 729 a
556 689 851 740 Constantino,
900 703 997 742 ergo
1029 689 1071 728 in
1105 689 1183 729 hoc
1216 689 1333 728 nullo
1381 689 1511 728 modo

205 759 404 812 peccavit.
460 759 538 798 Hic
572 759 721 798 dicitur
753 760 868 812 quod
900 768 1076 812 utraque
1109 773 1202 812 pars
1235 759 1513 798 antecedentis

205 829 314 882 capit
347 829 645 881 calumpniam,
679 843 778 868 nam
810 829 934 869 multi
968 838 1065 869 sunt
1097 838 1212 868 actus
1244 830 1296 868 ad
1329 842 1513 881 quorum

205 898 512 951 obligacionem
554 899 747 938 homines
791 899 1060 950 inducuntur,
1107 899 1238 939 eciam
1284 900 1361 938 sub
1406 912 1514 951 pena

151 989 190 1011 10
204 968 361 1021 peccati
399 968 583 1007 mortalis
616 968 835 1007 occasione
867 968 1188 1020 precedencium
1227 978 1492 1021 peccatorum

1720 227 1798 280 367

1568 348 1749 383 Objection:

1563 394 1591 417 4-
1614 386 1762 414 Silvester

1541 419 1632 448 could
1653 427 1707 449 not
1727 430 1775 449 re-

1535 453 1602 481 fuse
1627 455 1783 484 Constan-

1568 489 1659 528 Jine's
1679 491 1757 519 alms

1536 524 1664 564 Without
1684 528 1792 553 morta!

1633 568 1691 587 sm.

1590 977 1739 1004 Answer:

1498 1000 1511 1019 ²
1527 1011 1555 1037 A
1575 1019 1646 1038 man
1673 1020 1743 1048 may
1769 1021 1804 1039 so

205 1051 312 1091 quos
350 1046 466 1077 actus
506 1037 696 1076 faciendo
729 1041 908 1090 'peccant
938 1038 1002 1076 vel
1034 1038 1264 1077 mortaliter
1294 1038 1359 1077 vel
1396 1045 1650 1076 veni-involve
1683 1047 1809 1074 himself

203 1107 329 1146 aliter.
358 1106 423 1146 Sic
457 1107 569 1146 enim
592 1116 811 1159 peccatum
832 1108 1029 1160 illaqueat
1050 1108 1208 1146 multos
1236 1107 1513 1147 insolubiliter

203 1177 254 1215 ad
292 1177 566 1228 peccandum,
607 1185 645 1216 et
683 1176 778 1216 hinc
824 1175 888 1229 (ut
930 1185 1048 1216 notat
1080 1176 1358 1230 Augustinus>
1398 1178 1511 1216 Psal—

204 1246 326 1285 mista
370 1255 488 1299 rogat
535 1247 585 1285 de
629 1246 943 1286 necessitatibus
986 1246 1162 1297 liberari,
1207 1247 1279 1285 sed
1323 1246 1514 1299 quamvis

152 1316 334 1358 15homo
366 1315 417 1355 sit
446 1316 487 1354 in
510 1316 652 1355 multis
677 1316 837 1355 casibus
866 1315 1137 1356 necessitatus
1167 1317 1218 1355 ad
1240 1317 1514 1369 peccandum,

204 1394 345 1424 tamen
378 1394 418 1424 et
449 1385 602 1437 poterit
634 1385 807 1425 faciliter
839 1399 924 1425 non
964 1399 1148 1438 peccare,
1182 1395 1221 1426 et
1252 1400 1339 1425 non
1371 1400 1394 1424 a
1425 1386 1515 1425 Deo

205 1455 276 1494 sed
308 1469 331 1494 a
362 1464 533 1507 peccato
557 1455 665 1507 capit
687 1455 976 1495 necessitatem
1005 1464 1051 1495 ut
1078 1464 1231 1507 peccet,
1262 1469 1347 1494 non
1375 1465 1515 1496 tamen

206 1525 328 1564 debet
358 1525 423 1563 vel
453 1533 618 1564 tenetur
649 1522 831 1577 peccare.

116 1603 151 1635 Η
175 1605 191 1636 1
264 1595 320 1634 Ut
351 1603 493 1634 autem
524 1594 601 1634 ista
633 1594 842 1634 sentencia
885 1594 1134 1647 palpabilius
1166 1594 1365 1645 videatur,
1399 1608 1515 1647 pono

149 1663 392 1716 20primum
440 1662 679 1716 exemplum
721 1664 763 1702 in
809 1678 894 1716 quo
940 1664 1033 1716 quis
1079 1664 1155 1703 sub
1189 1678 1296 1716 pena
1328 1665 1515 1704 mortalis

205 1741 393 1773 teneatur
423 1734 592 1772 reddere
624 1733 814 1773 debitum
845 1733 962 1773 uxori
994 1747 1072 1786 pro
1105 1735 1340 1773 excusanda
1361 1735 1514 1774 utrius-

206 1816 287 1855 que
330 1802 515 1854 libidine,
560 1812 599 1842 et
640 1802 683 1841 in
728 1802 969 1842 reddicione
1000 1812 1144 1855 peccet
1175 1804 1408 1844 mortaliter
1446 1814 1518 1844 aut

204 1871 435 1924 venialiter3
473 1872 576 1911 nulli
615 1872 792 1911 dubium
829 1872 932 1925 quin
971 1886 1089 1912 casus
1129 1873 1180 1912 sit
1219 1873 1428 1925 possibilis
1479 1882 1518 1913 et

207 1955 303 1994 sepe
334 1941 536 1982 accidens.

169 2020 194 2052 2
264 2012 384 2050 Pono
423 2011 657 2051 secundum
698 2012 937 2064 exemplum
971 2012 1012 2050 in
1046 2026 1132 2065 quo
1167 2013 1292 2051 abbas
1330 2021 1519 2052 teneatur

207 2081 283 2119 sub
322 2094 429 2133 pena
466 2081 653 2120 mortalis
691 2081 872 2133 recipere
911 2095 1018 2121 onus
1058 2095 1131 2121 sue
1171 2081 1339 2120 ecclesie
1372 2082 1424 2121 ad
1455 2095 1516 2120 re-

204 2151 437 2203 gulandum
467 2150 659 2202 religiose
691 2165 816 2190 suum
846 2151 1092 2203 capitulum,
1115 2151 1166 2189 ad
1189 2151 1518 2203 dispensandum

204 2219 380 2259 fideliter
412 2220 550 2272 egenis
584 2220 832 2259 elemosinas
866 2234 969 2273 quas
1001 2220 1146 2272 recipit
1168 2221 1219 2259 ad
1241 2220 1354 2259 hunc
1377 2234 1516 2271 usum,

207 2297 245 2327 et
286 2290 338 2328 ad
381 2289 610 2328 vivendum
652 2289 693 2327 in
739 2303 781 2328 se
827 2298 866 2328 et
911 2303 988 2328 suo
1023 2289 1207 2341 capitulo
1240 2289 1520 2329 inseculariter

149 2367 191 2399 30
206 2359 440 2398 secundum
476 2359 666 2411 regulam
705 2359 900 2398 traditam
939 2373 962 2397 a
998 2368 1191 2411 patrono.
1231 2360 1284 2398 Et
1315 2373 1430 2411 pono
1468 2360 1519 2398 de

259 2524 285 2551 7.
307 2517 336 2543 A
349 2516 378 2543 in
395 2525 507 2552 marg.:
529 2516 713 2552 Responsio.
736 2517 757 2544 B
772 2517 803 2544 in
818 2525 932 2552 marg:
953 2516 1040 2544 Multi
1061 2522 1131 2544 sunt
1151 2522 1235 2545 actus
1251 2526 1328 2553 quos
1345 2517 1519 2552 obligamur

207 2562 353 2597 perficere
369 2563 424 2590 sub
441 2571 553 2598 magna
568 2571 657 2599 pena,
678 2571 758 2599 quos
773 2563 933 2599 implendo
950 2571 1116 2598 peccamus
1132 2563 1309 2592 mortaliter.
1418 2562 1456 2590 13.
1478 2564 1516 2591 B:

206 2608 253 2634 hic
273 2613 305 2636 ut
325 2614 419 2637 notat.
564 2618 605 2644 19.
626 2610 656 2637 A
676 2609 705 2637 in
726 2618 839 2645 marg:
860 2609 953 2637 Nota.
1098 2618 1141 2638 22.
1163 2612 1207 2638 A:
1230 2610 1332 2638 libine.

269 2728 318 2760 13.
356 2730 444 2770 Aug.
476 2728 526 2777 De
562 2728 691 2759 Natura
717 2736 750 2759 et
775 2728 899 2760 Gracia
930 2735 1048 2760 contra
1075 2729 1254 2771 Pelaqum
1288 2740 1360 2772 cap.
1396 2730 1513 2761 LXVI.

207 2785 300 2828 Opp.
337 2792 421 2823 tom,
447 2786 488 2826 X,
526 2796 603 2829 pag.
646 2785 719 2827 161,
752 2786 803 2817 De
829 2786 1052 2818 Perfeccione
1078 2786 1226 2818 iustitiae
1252 2786 1406 2831 hominis
1433 2787 1514 2819 ibid.

206 2850 291 2874 torn.
315 2844 356 2886 X,
383 2854 460 2886 pag.
491 2854 553 2886 170
581 2850 643 2875 etc.

1536 1080 1599 1107 that
1620 1083 1656 1108 he
1677 1088 1792 1120 cannot

1567 1123 1680 1151 excape
1702 1124 1759 1143 sm.

1579 1603 1755 1639 Examples.
