2051 3273
224 187 313 215 CAP.
340 178 466 236 xxm]
712 192 771 223 DE
797 191 1030 224 ECCLESIA.
1736 186 1806 225 581

72 304 101 337 Τ
128 314 190 347 207
223 308 304 333 non
345 306 488 348 posset
527 297 566 334 in
614 297 702 335 istis
743 305 789 334 ut
824 297 951 349 Deus,
986 297 1049 335 vel
1083 297 1203 336 aliter
1237 297 1351 336 valor
1391 298 1527 336 indul-

220 365 463 416 genciarum
509 379 593 404 non
639 366 763 404 simul
808 365 1041 405 attenditur
1092 379 1219 418 penes
1264 366 1406 405 omnia
1450 368 1526 406 ista

219 435 313 485 tria,
343 448 488 487 ymmo
522 447 633 487 sepe,
669 435 740 473 ubi
775 448 898 473 causa
923 443 983 473 est
1015 435 1154 474 minus
1188 436 1257 487 pia
1290 435 1526 488 caritasque

124 508 205 553 207b
220 504 353 555 magis
397 504 583 553 remissa,
619 504 754 542 maior
776 502 799 525 ²³*
833 504 1098 557 indulgencia
1133 513 1194 543 est
1227 515 1445 553 concessa;
1481 515 1526 544 ut

186 580 329 613 §unus
367 586 474 625 papa
514 574 745 612 concedere
783 582 926 625 posset
964 574 1255 625 indulgencias
1297 575 1524 614 exercitan-

219 642 330 681 tibus
363 655 406 681 se
429 643 470 680 in
495 642 812 694 torneamentis,
847 643 918 681 ubi
943 643 1047 682 alius
1070 657 1179 695 papa
1212 644 1328 695 prius
1362 657 1523 682 excom-

220 711 453 750 municavit
485 724 631 750 omnes
665 720 799 750 artem
832 711 1078 751 huiusmodi
1114 712 1403 752 exercitantes.
1438 714 1524 758 Nec

220 789 389 832 oportet
411 781 525 833 quod
560 780 780 821 immineat
813 781 868 819 sic
904 781 1014 820 varie
1049 782 1273 821 necessitas
1308 782 1524 821 ecclesiam

222 849 382 889 Christi
430 849 684 888 defendendi
731 863 804 902 per
852 851 1062 901 gladium;
1109 859 1224 902 patet
1273 850 1430 890 factum
1486 852 1524 890 in

167 919 532 972 10Extravagante
582 920 783 958 Johannis
835 917 964 958 XXIIi
1027 920 1139 967 Quia
1186 921 1229 959 in
1259 920 1525 973 futurorum

179 989 443 1030 beventibus.
481 989 598 1041 Item,
632 989 799 1029 videtur
823 990 944 1028 istam
981 989 1240 1041 posicionem
1278 990 1526 1041 restringere

220 1066 475 1110 potestatem
510 1072 620 1111 pape
655 1059 695 1097 in
731 1059 931 1098 donando
956 1059 1260 1110 indulgencias,
1285 1072 1381 1098 cum
1406 1060 1526 1098 dacio

219 1126 430 1179 dependet
474 1141 522 1166 ex
565 1128 720 1180 pietate
768 1141 892 1167 cause
940 1138 979 1167 et
1028 1129 1200 1168 caritate
1234 1142 1413 1180 persone
1459 1130 1525 1168 cui

219 1206 317 1236 sunt
350 1198 616 1250 indulgencie
641 1198 908 1237 conferende.
935 1198 1017 1238 Sed
1040 1212 1148 1250 papa
1175 1212 1258 1237 non
1283 1198 1528 1251 regulariter

165 1266 421 1306 15rectificat
470 1267 569 1306 istas
627 1280 771 1306 causas
825 1267 931 1306 sicut
976 1280 1051 1306 nec
1096 1276 1250 1319 potest,
1307 1280 1404 1320 ergo
1451 1281 1526 1306 nec

218 1335 418 1375 iustificat
450 1349 597 1376 omnes
628 1350 722 1375 suas
746 1336 1051 1388 indulgencias,
1086 1345 1125 1375 et
1148 1350 1222 1388 per
1246 1349 1524 1390 consequens,

219 1419 267 1444 ex
312 1406 462 1445 timore
507 1419 701 1445 excessus
755 1406 923 1458 prodigi
975 1420 1058 1445 non
1111 1406 1219 1445 foret
1270 1415 1356 1445 tam
1406 1407 1523 1445 laxus

218 1475 506 1527 indulgencias
553 1476 837 1515 concedendo.
902 1476 998 1515 Non
1046 1476 1157 1514 enirn
1208 1476 1373 1515 videtur
1414 1476 1525 1515 racio
1576 1484 1643 1511 The
1666 1484 1777 1524 Pop-&s

219 1557 347 1596 quare
390 1546 608 1584 Romanus
649 1545 840 1597 pontifex
880 1554 1023 1597 posset
1057 1545 1289 1584 concedere
1329 1545 1369 1583 in
1402 1558 1524 1598 gene·
1586 1520 1772 1594 {ieiiiegrefficie}

160 1628 202 1650 20
221 1614 375 1653 ralibus
414 1615 692 1666 indulgenciis
734 1623 903 1653 centum
939 1614 1123 1654 millibus
1158 1614 1329 1654 cuilibet
1363 1623 1522 1667 septem
1542 1590 1812 1663 Ssiiifforteggsffiwig

218 1696 365 1733 annos,
409 1684 510 1736 quin
544 1698 618 1736 per
652 1685 761 1722 idern
800 1685 870 1722 uni
904 1697 1084 1736 persone
1120 1693 1285 1723 tantum
1318 1685 1524 1736 temporis
1541 1658 1815 1728 tilliecrziziizigiieffitf'f

218 1753 357 1804 simul,
392 1753 489 1805 quia
524 1754 555 1792 si
592 1754 746 1792 noticia
781 1753 997 1805 dignitatis
1024 1754 1267 1806 requiritur,
1304 1766 1524 1805 nunquam

217 1822 464 1874 procederet
497 1823 589 1862 talis
614 1823 881 1875 indulgencia
906 1823 1127 1875 generalis.
1159 1823 1316 1862 Ymmo
1341 1823 1523 1873 videtur,

218 1904 313 1930 cum
348 1891 496 1930 merita
531 1891 832 1944 triumphantis
857 1893 1027 1932 ecclesie
1062 1893 1143 1931 sint
1169 1905 1370 1942 connexa,
1408 1893 1523 1944 quod

160 1969 200 2001 25
216 1961 356 1999 omnia
407 1961 531 2000 simul
564 1962 880 2014 applicarentur
912 1962 962 2000 ad
1005 1975 1155 2014 penam
1202 1961 1446 2013 tollendam,
1486 1971 1525 2000 et

217 2030 452 2083 specialiter
486 2032 685 2070 meritum
722 2031 881 2071 Christi
923 2033 963 2070 in
1008 2032 1126 2070 cuius
1168 2031 1322 2070 virtute
1356 2040 1524 2083 oportet

217 2101 294 2139 alia
347 2102 533 2153 operari,
587 2102 702 2154 quod
759 2115 853 2141 cum
906 2101 959 2140 sit
1010 2115 1137 2153 agens
1183 2101 1386 2151 naturale,
1439 2101 1526 2152 agit

218 2171 448 2210 secundum
497 2171 696 2210 ultimum
746 2184 819 2209 sue
872 2171 1065 2223 potencie
1118 2169 1303 2221 infinite,
1359 2170 1526 2208 videtur

183 2241 332 2293 equod
376 2240 543 2280 tolleret
589 2242 841 2293 generaliter
873 2254 1043 2280 omnem
1080 2253 1247 2292 penam.
1296 2239 1338 2278 Si
1373 2239 1525 2278 dicitur

159 2312 203 2348 v30
219 2310 333 2361 quod
369 2311 481 2349 Deus
521 2310 697 2362 regular,
740 2319 839 2350 tunc
878 2319 959 2349 stat
999 2311 1114 2362 quod
1155 2323 1263 2362 papa
1299 2309 1523 2360 indulgens

219 2392 304 2418 non
339 2380 534 2432 applicat,
569 2380 639 2418 sed
665 2380 780 2432 quod
816 2380 929 2418 Deus
963 2380 1011 2417 ad
1049 2386 1244 2430 rogatum
1272 2378 1397 2416 unius
1432 2378 1523 2417 laici

219 2450 337 2502 egeni
371 2450 540 2502 copiose
573 2462 725 2500 penam
761 2449 958 2488 dimittat.

169 2525 205 2558 U
278 2519 395 2565 Item,
430 2519 461 2557 si
496 2531 578 2556 non
614 2518 841 2556 dimittitur
872 2531 992 2569 pena,
1029 2518 1100 2556 sed
1135 2525 1426 2555 commutatur
1459 2515 1526 2570 (ut

220 2589 320 2627 dicit
344 2596 512 2627 sanctus
536 2585 718 2640 doctor),
745 2596 843 2625 tunc
868 2587 1006 2625 omnis
1030 2600 1137 2638 pena
1163 2599 1244 2638 que
1269 2595 1365 2625 ante
1388 2585 1524 2624 indul-

270 2707 295 2726 2.
330 2708 439 2734 penes;
473 2700 493 2726 Β
516 2702 578 2733 pu'.
723 2707 764 2726 10.
797 2699 829 2725 In
850 2699 940 2725 codd.
973 2698 1065 2725 false:
1099 2697 1251 2732 Equidem
1285 2698 1313 2724 in
1347 2697 1523 2724 futurorum

219 2746 389 2773 eventibus.
430 2746 568 2774 Correxi.
600 2745 679 2772 Vide
718 2745 879 2779 Extravag.
915 2743 1141 2771 Joann.XX11.
1173 2744 1218 2770 tit.
1248 2743 1289 2770 IX
1320 2743 1363 2770 De
1385 2743 1524 2770 Tornea-

219 2803 340 2831 mentis.
482 2812 527 2837 24.
549 2803 587 2830 B:
610 2803 736 2830 ecclesie
756 2786 866 2830 coalia.
1008 2808 1053 2836 29.
1077 2801 1114 2828 B:
1136 2799 1167 2828 Si
1190 2801 1319 2828 dicatur.
