2051 3273
229 226 316 255 CAP.
333 214 458 272 xviri]
754 228 813 259 DE
839 227 1072 259 ECCLESIA.
1743 216 1826 268 439

81 345 116 378 V
139 342 215 388 189b
230 333 363 373 taliter
385 333 605 383 exaltatur;
635 340 674 371 et
696 333 747 371 ad
770 332 1070 371 destruendum
1092 332 1192 371 istos
1216 344 1372 370 errores
1394 331 1436 369 in
1460 330 1540 370 fide

229 403 465 442 laborarent
510 402 695 455 episcopi
736 415 921 454 quorum
953 401 1180 454 principale
1213 400 1402 440 officium
1434 400 1540 440 foret

228 471 355 511 fidem
388 471 503 511 illam
537 472 685 510 docere
714 480 839 523 atque
863 470 1080 509 defendere
1103 483 1178 509 nec
1213 483 1297 509 non
1323 479 1362 509 et
1384 483 1540 510 errores

227 541 268 579 in
301 540 381 580 fide
413 541 489 580 ista
522 540 786 579 deviancium
813 540 1047 592 postposita
1082 540 1347 580 solicitudine
1393 553 1542 579 eorum

196 621 310 663 5que
344 618 541 663 questum
573 609 741 662 sapiunt
773 610 989 649 declarare.
1026 610 1133 648 Nam
1164 618 1337 662 propter
1359 608 1541 649 cecacio-

228 693 327 719 nem
364 679 662 732 temporalium
700 678 829 718 oblita
861 688 922 718 est
955 678 1036 718 fere
1070 678 1241 718 ecclesia
1278 679 1540 732 angelorum,

229 758 268 788 et
312 762 409 788 cum
453 748 736 787 Eucheridion
773 749 887 788 LXIO
917 748 973 787 sic
1005 748 1144 787 scribit
1188 757 1355 788 sanctus
1395 749 1542 788 doctor

228 817 509 871 Augustinus:
533 817 629 857 Hec
652 824 791 857 antem
826 831 906 870 que
938 819 980 857 in
1013 818 1173 857 sanctis
1206 819 1373 871 angelis
1397 825 1435 857 et
1457 818 1540 857 vir-

229 888 385 927 tutihus
408 888 494 927 Dei
515 894 576 927 est
597 888 786 937 ecclesia,
810 894 910 926 tnnc
933 888 1050 927 nohis
1072 889 1196 928 sicuti
1217 895 1279 927 est
1301 889 1541 939 innotescet,

178 977 215 998 10
229 971 323 997 czcnz
347 958 384 997 ei
397 957 832 1011 coniunctifzcerinzus
849 958 987 1012 infine
1001 958 1056 997 ad
1070 959 1304 998 hahendam
1324 958 1541 998 heatitudi—

230 1041 322 1067 nem
355 1028 680 1080 sempiterna7n,·
715 1028 794 1067 ista
817 1041 914 1067 vero
937 1041 1016 1080 que
1047 1028 1098 1066 ab
1132 1029 1205 1067 illa
1230 1029 1543 1081 peregrinatur

230 1098 269 1137 in
305 1098 430 1137 terris
463 1110 510 1137 eo
549 1097 666 1136 nobis
699 1098 844 1137 nocior
875 1104 937 1137 est
972 1097 1083 1149 quod
1119 1098 1160 1136 in
1201 1099 1277 1137 illa
1315 1111 1465 1137 sumus
1506 1105 1543 1137 et

232 1167 329 1220 quia
367 1167 583 1206 hominnm
620 1173 681 1206 est
711 1167 822 1219 quod
854 1174 892 1207 et
924 1180 999 1207 nos
1031 1180 1193 1207 sumus.
1227 1168 1279 1206 Et
1301 1168 1418 1220 quod
1441 1167 1543 1207 nulli

230 1236 394 1289 presciti
428 1236 508 1276 sint
540 1237 728 1276 membra
758 1236 868 1275 illius
913 1236 1082 1276 ecclesie
1115 1236 1170 1276 sic
1215 1237 1413 1276 declarat:
1448 1237 1545 1276 Hec

179 1306 442 1359 15sanguine
487 1305 730 1345 mediatoris
774 1306 941 1345 nullum
986 1306 1177 1345 habentis
1213 1313 1440 1359 peccatum
1491 1306 1543 1346 ab

231 1376 346 1415 omni
367 1382 428 1415 est
449 1375 665 1429 redempta
681 1383 871 1429 peccato.
897 1376 975 1416 Sed
1000 1385 1163 1415 constat
1185 1376 1301 1429 quod
1323 1384 1545 1428 peccatum

230 1443 363 1484 finalis
407 1445 701 1498 impenitencie
740 1446 861 1499 quale
905 1446 1039 1485 estin
1073 1445 1188 1484 omni
1233 1445 1411 1498 prescito
1457 1459 1544 1485 non

232 1524 370 1567 potest
391 1515 537 1554 redimi
568 1515 632 1554 vel
655 1515 794 1566 deleri,
817 1524 864 1554 ut
885 1515 927 1553 in
949 1515 1119 1554 assimili
1143 1516 1266 1554 docet
1280 1515 1544 1567 Augustinus

232 1586 273 1625 in
296 1586 358 1624 De
386 1585 510 1623 Dono
549 1584 861 1623 perseverancie
893 1585 987 1625 VIO:
1023 1585 1164 1633 Multi,
1194 1584 1342 1637 inquit,
1359 1585 1543 1638 finalem

178 1655 600 1709 2operseverancia7n
624 1661 810 1707 possunt
842 1667 923 1693 non
957 1654 1111 1694 habere
1141 1654 1215 1694 sed
1248 1655 1393 1694 nullus
1422 1655 1544 1694 amit-

234 1732 332 1764 tere.
366 1725 500 1775 Unde,
524 1724 621 1777 quia
644 1724 815 1763 ecclesia
838 1733 980 1764 sancta
1003 1724 1206 1764 catholica
1229 1724 1544 1763 antonomatice
1559 1726 1622 1788 mles-¹
1637 1725 1832 1788 ffifzsffifflrech

233 1794 381 1833 dicitur
404 1793 586 1844 ecclesia,
609 1793 703 1832 ideo
726 1803 828 1846 aput
860 1802 1048 1833 auctores
1076 1793 1275 1846 scripture
1308 1803 1347 1834 et
1379 1802 1543 1833 sanctos
1586 1795 1804 1865 ρξὲῇἶῐζῗῂξξξε-

233 1864 423 1903 doctores
460 1863 550 1916 ipsa
593 1863 822 1916 specialiter
852 1863 1107 1916 intelligitur,
1156 1865 1326 1916 quando
1372 1863 1542 1904 ecclesia

232 1933 488 1984 nominatur,
512 1942 558 1973 ut
581 1932 731 1985 Ephes.
750 1933 822 1983 VO,
849 1932 1057 1986 25—270:
1095 1933 1182 1972 Viri
1203 1934 1363 1987 diligite
1385 1946 1543 1973 uxores

179 2007 411 2052 25vestras,
443 2003 553 2042 sicut
583 2009 623 2042 et
658 2003 849 2042 Christus
882 2002 1029 2042 dilexit
1060 2004 1280 2043 ecclesiam
1321 2010 1359 2043 et
1395 2010 1541 2043 semet-

235 2074 373 2125 ipsum
398 2071 571 2112 tradidit
593 2086 679 2124 pro
712 2086 775 2120 ea,
811 2079 856 2111 ztt
887 2086 978 2111 eant
1010 2074 1306 2127 sanctfficaret,
1334 2073 1546 2113 mundans

236 2156 326 2182 eanz
353 2144 524 2182 lavacro
547 2155 657 2195 aque
679 2143 720 2181 in
744 2143 868 2181 verbo
891 2143 983 2190 vite,
1014 2149 1058 2181 ut
1091 2143 1306 2182 exhiberet
1340 2144 1426 2195 ipse
1453 2144 1544 2196 glo—

236 2213 393 2252 riosam
411 2212 629 2252 ecclesiam
648 2225 730 2251 non
746 2212 963 2251 habentem
982 2213 1195 2251 maculam
1211 2220 1286 2251 ant
1301 2225 1456 2266 rugam
1472 2219 1548 2251 aut

236 2281 399 2334 aliquid
421 2282 676 2330 huiusmodi,
700 2282 773 2321 sed
796 2288 840 2321 ut
852 2282 907 2321 sit
927 2288 1077 2321 sancta
1093 2289 1132 2320 et
1152 2282 1441 2322 immaculata.
1465 2282 1546 2322 Ubi

181 2354 323 2390 3onon
356 2351 532 2390 dubium
572 2351 672 2404 quin
712 2351 902 2404 loquitur
932 2351 1107 2390 limitate
1155 2352 1205 2390 de
1257 2351 1426 2391 ecclesia
1465 2365 1546 2404 que

238 2430 297 2460 est
328 2420 574 2461 universitas
613 2420 1009 2473 predestinatorum,
1054 2434 1153 2460 nam
1198 2421 1314 2460 illam
1356 2420 1545 2471 redemit,

237 2490 352 2529 illam
375 2489 623 2542 glorificabit
645 2499 741 2543 post
770 2490 881 2530 diem
904 2489 1061 2541 iudicii,
1094 2490 1162 2529 illa
1185 2490 1259 2530 erit
1282 2503 1368 2530 non
1391 2490 1546 2529 habens

289 2621 315 2649 7.
331 2614 404 2641 Ain
425 2621 540 2648 marg.:
556 2614 762 2649 Augustinus.
784 2613 910 2641 Presciti
932 2621 994 2640 non
1011 2618 1082 2641 sunt
1101 2613 1137 2641 de
1158 2614 1298 2650 ecclesia,
1321 2614 1472 2649 probatur
1492 2622 1546 2649 per

238 2660 460 2694 Augustinum.
485 2660 519 2688 In
540 2660 630 2688 codd.
651 2660 859 2688 Encheridion
880 2660 987 2688 LXIX.
1129 2667 1166 2687 12.
1194 2661 1222 2687 A
1242 2660 1300 2694 A¹z
1334 2667 1397 2695 quo
1423 2660 1454 2687 in
1484 2660 1545 2687 illa.

239 2715 280 2739 14.
307 2707 337 2734 A
354 2707 410 2741 Al:
433 2706 556 2742 presciti
576 2711 657 2734 sunt.
798 2707 841 2734 16.
868 2707 898 2734 A
917 2706 945 2734 in
971 2714 1085 2740 marg:
1106 2706 1199 2734 Nota.
1320 2715 1362 2744 19·
1384 2707 1416 2734 In
1436 2706 1547 2734 codd.:

240 2754 277 2780 de
296 2753 379 2780 bono
402 2753 642 2786 perseverancie.
784 2753 828 2780 28.
850 2754 879 2780 A
899 2754 953 2787 Al:
977 2758 1067 2789 atque
1087 2761 1206 2788 rugam.

304 2846 353 2879 19-
379 2837 468 2876 Aug.
497 2835 588 2878 Opp.
615 2842 699 2867 torn.
725 2837 765 2876 X,
793 2845 871 2879 pag.
898 2835 975 2868 826.
