2051 3343
247 243 292 279 16
949 247 1172 279 ,IOHANNIS
1197 247 1392 279 WYCLIF.
1687 233 1793 291 [CAP.
1815 245 1838 271 ι.

529 351 599 391 ubi
645 351 777 390 homo
823 351 1006 391 nascitur
1050 365 1096 390 ex
1140 360 1258 391 utero
1305 360 1344 390 et
1381 351 1610 404 triumphat
1648 351 1996 404 gloriose,13o“M

529 434 686 460 nomen
709 420 857 459 abhinc
881 421 1101 460 contrahit.
1136 420 1248 460 Cum
1282 434 1377 474 ergo
1402 435 1579 474 persona
1602 419 1844 460 universalis

530 490 698 530 ecclesie
737 491 971 530 secundum
1008 490 1162 529 multas
1202 499 1337 543 partes
1371 504 1463 530 suas
1497 491 1552 530 ibi
1585 491 1844 541 nascebatur,

530 570 740 614 segregata
764 574 811 599 ex
833 570 952 601 utero
975 574 1201 614 synagoge,
1226 569 1265 599 et
1285 560 1341 599 ibi
1364 560 1637 613 triumphavit
1659 573 1844 599 crescens

530 630 571 669 in
602 631 814 683 gentibus:
849 630 943 670 ideo
977 630 1055 670 fuit
1087 643 1327 669 consonum
1360 630 1475 683 quod
1503 638 1666 683 caperet
1688 638 1879 671 nomen5

529 714 552 738 a
584 700 747 739 civitate
790 699 1015 752 metropoli
1060 699 1255 752 gencium
1300 713 1381 752 que
1413 708 1473 738 est
1504 701 1653 739 Roma.
1699 698 1887 742 Tercia3

531 782 653 808 causa
692 778 763 821 est,
809 778 854 808 ut
886 777 1055 808 notetur
1087 770 1202 822 quod
1234 782 1321 808 non
1353 769 1469 809 locus
1503 769 1587 809 sive
1618 768 1845 822 antiquitas

535 839 607 877 sed
638 838 739 878 fides
763 839 942 878 formata
965 839 1111 878 fundet
1136 837 1288 878 Christi
1312 839 1540 878 ecclesiam.
1574 840 1684 878 Nam
1707 837 1848 891 quoad

534 921 758 960 personam
792 917 831 948 et
863 910 1003 962 quoad
1035 918 1202 962 tempus
1237 909 1350 962 prius
1383 909 1461 949 fuit
1493 908 1663 949 ecclesia
1696 906 1846 948 Christi

532 977 572 1016 in
624 979 789 1018 sedibus
836 979 1045 1032 prioribus
1105 988 1143 1018 et
1194 980 1245 1018 ad
1297 992 1467 1018 sensum
1516 979 1645 1018 istum
1699 977 1849 1016 dicitur
1870 999 1906 1019 10

531 1049 832 1100 IIO.Maeh.V0,
857 1061 917 1099 19,
941 1050 1057 1101 quod
1072 1062 1157 1088 non
1174 1049 1291 1088 locus
1303 1055 1474 1102 gentem
1490 1048 1565 1088 sed
1585 1060 1693 1101 gens
1709 1048 1848 1087 locum

531 1118 783 1171 sanctificat.
835 1119 888 1157 Et
931 1118 1028 1157 hinc
1079 1119 1201 1158 credo
1247 1117 1493 1157 derelictum
1535 1117 1658 1156 licere
1700 1128 1849 1155 vocare

533 1187 688 1227 Christi
713 1187 929 1227 ecclesiam
951 1187 1125 1227 nomine
1149 1187 1439 1240 cuiuscunque
1453 1187 1533 1227 loci
1557 1200 1684 1240 quem
1707 1185 1849 1225 fideles

531 1256 778 1308 inhabitant,
819 1257 924 1296 sicut
957 1256 1146 1296 Christus
1190 1266 1364 1296 vocatur
1396 1258 1635 1296 Nazarenus
1680 1264 1850 1308 propter

533 1327 874 1379 concepcionem,
908 1335 946 1365 et
979 1335 1118 1379 potest
1150 1326 1351 1365 catholice
1382 1326 1519 1365 vocari
1560 1325 1693 1365 David
1724 1323 1906 1367 Beth-15

533 1396 793 1435 lehemiticus
825 1406 996 1449 propter
1027 1395 1302 1447 nativitatem,
1338 1404 1376 1435 et
1406 1395 1461 1435 sic
1495 1396 1544 1434 de
1584 1394 1673 1434 aliis
1707 1393 1848 1433 civita-

533 1465 642 1504 tibus
665 1479 746 1518 que
769 1474 940 1517 possent
962 1465 1071 1505 licite
1095 1465 1173 1504 dici
1205 1479 1277 1505 sue
1305 1473 1475 1517 propter
1498 1463 1851 1503 inhabitacionem

532 1536 597 1573 vel
629 1544 798 1588 propter
830 1534 988 1574 factum
1019 1535 1133 1574 aliud
1165 1534 1347 1573 notabile
1378 1534 1443 1573 vel
1474 1534 1727 1587 passionem.

264 1624 431 1663 &venium
458 1625 493 1651 be
592 1605 791 1644 Notando
835 1613 975 1644 tamen
1022 1606 1138 1658 quod
1191 1605 1382 1643 vocando
1436 1603 1651 1643 ecclesiam
1702 1615 1850 1655 quam-

245 1660 705 1727 fssssseisslffliussfissnsssscunque
737 1674 911 1714 nomine
943 1674 1023 1713 loci
1056 1674 1136 1713 hoc
1159 1682 1298 1726 potest
1329 1673 1502 1725 intelligi
1525 1673 1756 1726 dupliciter,
1788 1671 1852 1711 vel
1870 1694 1909 1715 20

245 1731 293 1756 Μ
315 1731 364 1756 ¹¹¹⁰
387 1730 805 1797 cnm-cn.appropriate
837 1744 978 1796 quoad
1018 1743 1325 1783 habitacionem
1356 1743 1465 1783 illius
1496 1742 1577 1782 loci
1608 1742 1673 1781 vel
1705 1754 1851 1781 secun-

538 1815 640 1852 dum
673 1822 847 1866 partem,
894 1822 932 1852 et
963 1813 1005 1852 in
1039 1813 1120 1851 hoc
1153 1822 1249 1852 sunt
1282 1814 1490 1866 quotlibet
1521 1813 1674 1866 gradus
1707 1824 1852 1850 secun-

539 1884 641 1922 dum
686 1883 1010 1936 amplitudinem
1049 1882 1237 1935 parcium
1284 1882 1465 1923 ecclesie.
1511 1883 1608 1921 Non
1652 1880 1764 1920 enim
1796 1888 1854 1918 est

538 1954 647 1992 bona
680 1966 803 1992 causa
834 1965 981 1992 vocare
1015 1962 1191 1992 matrem
1227 1963 1412 1993 nostram
1447 1953 1684 1991 Romanam
1725 1949 1852 1989 eccle-

537 2023 641 2062 siam
687 2022 858 2076 propter
900 2022 1053 2062 fastum
1092 2031 1164 2062 aut
1205 2021 1561 2075 complacenciam
1592 2019 1853 2073 imperatoris
1871 2032 1908 2063 25

538 2092 720 2131 dotantis
767 2092 983 2131 ecclesiam
1030 2106 1104 2131 nec
1148 2101 1319 2145 propter
1363 2090 1654 2130 extollenciam
1695 2088 1855 2129 domini

537 2176 645 2215 pape
677 2162 922 2215 pompantis
955 2162 1004 2200 de
1035 2171 1150 2214 parte
1173 2162 1337 2215 imperii
1371 2175 1418 2200 ex
1452 2174 1529 2199 suo
1559 2159 1741 2212 primatu
1773 2158 1856 2196 sive

539 2231 729 2270 dominio
753 2245 828 2270 nec
851 2231 992 2283 tercio,
1017 2240 1063 2271 ut
1084 2232 1272 2271 credatur
1301 2231 1415 2284 quod
1443 2230 1494 2269 ad
1522 2230 1665 2282 ipsum
1689 2236 1857 2281 oportet

539 2315 713 2340 omnem
746 2301 1019 2340 christianum
1042 2313 1249 2340 recurrere
1285 2309 1323 2339 et
1355 2301 1405 2339 de
1447 2299 1689 2339 necessitate
1713 2295 1855 2336 salutis

539 2371 680 2422 ipsum
709 2370 929 2423 capitalem
950 2383 1259 2423 recognoscere,
1283 2370 1354 2408 sed
1377 2378 1548 2422 propter
1570 2381 1711 2408 causas
1743 2366 1853 2419 topi·
1872 2378 1912 2410 30

540 2453 605 2478 cas
638 2439 909 2492 supradictas
943 2439 1055 2478 Cum
1102 2440 1215 2478 enim
1246 2440 1438 2478 Romana
1472 2438 1641 2478 ecclesia
1683 2437 1733 2477 sit
1775 2445 1852 2476 ter-

538 2508 679 2547 minus
712 2508 925 2547 institutus
958 2517 1095 2561 preter
1119 2509 1414 2548 fundacionem
1440 2508 1481 2547 in
1506 2508 1706 2561 scriptura
1728 2519 1854 2557 sacra,

540 2578 635 2617 satis
669 2587 728 2617 est
759 2578 908 2617 habere
941 2578 1154 2618 racionem
1177 2578 1440 2631 probabilem
1472 2577 1658 2617 cavendo
1691 2588 1855 2628 semper

540 2648 589 2686 de
622 2648 879 2687 deduccione
912 2647 1080 2701 perfida.

597 2793 621 2811 μ’.
645 2784 682 2810 13:
706 2784 741 2811 nd
764 2793 886 2811 nomen.
979 2793 1011 2813 11.
1035 2784 1054 2811 l}
1076 2785 1105 2812 in
1128 2792 1227 2819 marg:
1249 2784 1500 2812 Machabeorum.
1593 2791 1630 2811 12.
1653 2784 1853 2815 derelictum:

540 2830 583 2857 sic
606 2831 634 2857 in
657 2831 747 2857 codd.
771 2832 828 2858 :ind
852 2832 881 2858 iu
903 2831 980 2861 Ilus,
1004 2832 1039 2858 de
1061 2831 1200 2863 ecclesia,
1230 2831 1312 2866 Opp.
1334 2836 1410 2858 ῐοιη.
1434 2832 1453 2865 1,
1477 2830 1544 2857 Fol.
1567 2831 1656 2857 208&
1749 2830 1790 2857 25.
1813 2829 1852 2855 13:

540 2877 767 2904 excellenciam.
861 2877 906 2904 28.
929 2877 968 2903 12:
992 2885 1047 2903 uec
1069 2877 1179 2904 estimo
1201 2882 1241 2903 ut.
1335 2877 1382 2909 134.
1404 2876 1438 2903 13:
1464 2878 1499 2903 de
1523 2876 1704 2903 <educcioue
1728 2875 1852 2910 perlida.
