2051 3273
208 237 287 275 268
934 247 1157 279 JOHANNIS
1184 247 1377 278 WYCLIF.
1607 236 1712 293 [CAP.
1727 245 1793 273 ΧΠ,

230 359 453 421 Εξ-ὶῑῖιοῖιιιιέιοῠιῖιδ
550 353 660 390 Mala
698 362 837 390 autem
879 352 1141 391 consuetudo
1183 360 1352 403 propter
1383 352 1660 393 maioritatem
1700 354 1806 405 peri-
1830 365 1959 399 1650M

222 405 331 456 roiate—d
357 407 458 456 out⁹at
494 421 574 460 culi
610 432 669 460 est
701 422 849 473 pocius
883 422 1138 474 extirpanda,
1178 420 1340 459 dicente
1384 423 1549 462 decreto
1594 424 1631 463 d.
1679 424 1807 463 Vllla:

296 471 383 491 once.
492 491 613 529 Mala
647 491 908 529 consuetudo
938 504 1017 529 non
1043 492 1183 529 minus
1206 503 1334 541 quam
1351 492 1601 541 perniciosa
1625 505 1806 544 corrup-

487 561 572 599 tela
606 567 667 599 est
696 560 942 608 abicienda;
963 574 1044 612 que
1079 561 1158 599 nisi
1180 561 1314 599 cicius
1339 560 1549 600 radicitus
1582 563 1808 613 evellatur,

489 630 530 668 in
547 629 885 682 privilegiorum
912 631 978 669 ius
1000 630 1052 668 ab
1081 630 1222 681 impiis
1247 631 1495 681 assumitur,
1527 638 1564 670 et
1593 632 1809 682 incipiunt
1826 644 1841 674 5

485 699 868 750 prevaricaciones
906 705 945 738 et
976 700 1096 738 varie
1121 700 1494 750 presumpciones,
1527 701 1806 740 celeberrime

490 781 572 806 non
598 780 858 819 compresse,
886 782 971 819 pro
996 769 1163 821 legibus
1189 769 1390 807 venerari
1412 774 1451 807 et
1466 769 1805 822 privilegiorum

491 850 609 876 more
634 843 847 889 perpetuo
885 838 1112 877 celebrari.
1168 838 1219 876 Et
1259 837 1468 876 sentencia
1500 838 1623 877 huius
1655 839 1807 878 decreti

489 905 696 945 verificam
741 916 800 944 est
839 906 1021 945 nimium
1064 906 1141 945 hiis
1174 906 1334 957 diebus,
1380 908 1491 946 unde
1523 908 1572 946 ad
1606 908 1805 961 interpre—

491 976 668 1014 tandum
706 976 997 1014 rectitudinem
1038 976 1355 1015 consuetudinis
1394 986 1433 1015 et
1465 976 1663 1030 privilegii
1709 978 1864 1020 sub-10

493 1045 629 1097 iungit
671 1046 885 1084 decretum
923 1046 999 1084 sub
1044 1046 1286 1085 auctoritate
1330 1046 1572 1098 Augustini:
1630 1048 1807 1087 Veritate

200 1130 480 1169 Trutnisoi'more
497 1115 771 1168 manifestata
796 1116 919 1155 cedat
951 1116 1213 1154 consuetudo
1249 1117 1430 1155 veritati.
1466 1117 1600 1156 Nemo
1632 1130 1807 1156 consue-

234 1166 437 1234 Weclliiitoiiissm
494 1186 683 1224 tudinem
720 1186 887 1224 racioni
917 1192 956 1224 et
987 1186 1155 1224 veritati
1179 1193 1410 1237 preposuit,
1452 1187 1552 1238 quia
1585 1193 1808 1226 consuetu-

491 1256 632 1295 dinem
667 1257 787 1295 racio
819 1263 859 1295 et
890 1256 1049 1294 veritas
1081 1268 1251 1306 semper
1282 1256 1530 1295 excludunt.
1566 1255 1678 1295 Cum
1711 1269 1807 1307 ergo

491 1325 601 1364 racio
636 1325 834 1364 naturalis
862 1334 900 1363 et
922 1324 1071 1363 veritas
1101 1324 1300 1376 scripture
1331 1333 1520 1376 patenter
1550 1325 1806 1364 convincunt
1828 1337 1863 1368 15

491 1395 605 1447 quod
639 1394 798 1434 dictum
832 1393 1098 1446 privilegium
1131 1407 1216 1432 non
1251 1394 1372 1432 debet
1404 1393 1578 1445 intelligi
1610 1395 1722 1433 nude
1756 1395 1806 1433 ad

488 1464 663 1514 literam,
699 1465 769 1502 sed
801 1463 967 1502 racione
1001 1472 1039 1502 et
1070 1463 1242 1502 veritate
1275 1462 1479 1502 limitante
1512 1463 1806 1502 condicionem

488 1548 584 1586 sepe
608 1534 854 1586 expositam,
888 1533 1017 1585 aptari
1043 1533 1165 1572 debet
1188 1532 1395 1585 singulare
1418 1533 1632 1585 pertinens
1656 1546 1802 1572 secun-

488 1605 587 1642 dum
623 1603 970 1642 distribucionem
1003 1603 1292 1641 accomodam.

546 1674 621 1712 Per
655 1673 727 1712 hec
767 1682 881 1725 patet
914 1673 1028 1726 quod
1062 1673 1196 1711 forma
1237 1673 1471 1725 argumenti
1511 1673 1627 1725 quod
1666 1673 1834 1725 primol
1859 1684 1895 1716 N

199 1756 258 1793 and
274 1757 414 1794 mair-esu
435 1765 471 1783 dil
489 1743 678 1782 innuitur
709 1757 792 1781 non
824 1742 1025 1795 procedit,
1047 1752 1140 1781 tum
1164 1742 1261 1795 quia
1285 1742 1404 1780 multi
1429 1742 1558 1781 sancti
1576 1751 1805 1794 potuerunt

242 1791 430 1860 Hlfflsiiiigie'lt
488 1811 840 1850 consuetudinem
855 1811 1086 1864 predictam
1109 1811 1340 1863 improvide
1364 1812 1617 1863 approbasse
1650 1820 1689 1850 et
1711 1822 1805 1864 post

487 1881 728 1934 penituisse,
767 1881 831 1919 vel
872 1881 1011 1933 potuit
1050 1880 1177 1920 fuisse
1216 1890 1315 1919 tunc
1357 1881 1619 1919 consuetudo
1661 1881 1803 1920 lauda-

487 1951 577 1989 bilis
610 1960 782 2003 propter
806 1964 930 1989 usum
953 1951 1209 2001 modestum,
1242 1951 1312 1990 sed
1336 1951 1467 1990 modo
1489 1964 1656 1989 versum
1681 1950 1803 1990 fuisse

485 2023 525 2058 in
557 2021 837 2073 corruptelam
859 2020 953 2059 fidei
978 2020 1226 2059 contrariam
1248 2029 1419 2073 propter
1441 2021 1595 2059 malam
1623 2033 1798 2060 consue·
1820 2031 1858 2061 25

484 2091 674 2130 tudinem
690 2089 999 2142 superadditam
1022 2090 1157 2143 gracia
1180 2089 1384 2142 cupidinis
1407 2099 1665 2141 usurpatam.
1683 2090 1803 2129 Unde

484 2160 514 2198 si
543 2160 652 2198 racio
675 2159 751 2197 ista
774 2160 1028 2211 procederet,
1054 2172 1273 2211 nunquam
1297 2159 1560 2211 impugnaret
1575 2160 1802 2199 catholicus

483 2229 643 2268 malum
668 2242 806 2279 usum,
825 2229 896 2266 sed
927 2242 974 2266 ex
998 2227 1303 2266 consuetudine
1323 2227 1521 2279 peccandi
1537 2229 1803 2280 prescriberet

483 2298 721 2338 membrum
745 2298 900 2337 diaboli
924 2306 1065 2336 contra
1087 2297 1238 2348 Deum,
1257 2297 1374 2336 cuius
1397 2297 1642 2349 oppositum
1660 2298 1803 2337 docuit

484 2367 674 2407 Christus
727 2366 1052 2405 consuetudines
1095 2366 1343 2418 pliariseicas
1392 2366 1626 2405 acutissime
1657 2381 1798 2419 repro·
1818 2378 1859 2410 30

482 2438 636 2488 bando,
655 2437 870 2475 mundana
891 2449 989 2475 vero
1013 2435 1266 2488 prosperitas
1285 2444 1370 2474 tam
1395 2436 1436 2474 in
1460 2435 1647 2488 personis
1671 2450 1800 2488 quam

482 2506 522 2544 in
557 2506 690 2558 regnis
724 2515 784 2544 est
817 2519 912 2557 sepe
946 2505 1119 2543 kalende
1148 2504 1425 2557 preparatorie
1457 2506 1509 2543 ad
1540 2503 1717 2544 ruinam.

536 2639 554 2657 1.
585 2630 613 2657 A
634 2630 662 2657 in
691 2638 807 2664 marga
837 2629 917 2656 Mala
943 2630 1150 2657 consuetudo.
1186 2630 1208 2657 B
1241 2630 1271 2657 in
1303 2638 1418 2664 marg:
1451 2629 1495 2656 De
1521 2628 1799 2655 consuetudinibus

482 2676 652 2703 abiciendis
683 2681 753 2703 nota
784 2677 871 2703 bene.
994 2684 1026 2703 11.
1056 2676 1085 2703 A
1115 2676 1144 2703 in
1176 2684 1290 2710 marg:
1321 2675 1526 2711 Augustinus,
1646 2674 1737 2701 1213.
1758 2674 1798 2701 B:

482 2722 741 2749 consuetudinem
754 2738 785 2741 ——
798 2722 869 2757 quia
890 2721 984 2748 deest.
1088 2728 1133 2748 20.
1149 2721 1176 2748 A
1189 2721 1219 2748 in
1232 2729 1343 2755 marga
1360 2721 1408 2748 Ad
1422 2720 1568 2755 primum.
1642 2719 1683 2746 23.
1700 2720 1729 2746 A
1742 2721 1796 2754 A1:

482 2767 572 2795 Tunc
590 2784 624 2788 —
645 2776 767 2795 versum
786 2767 882 2794 fuisse
908 2767 1005 2794 deest.

543 2862 570 2882 2.
600 2851 733 2883 Decreti
761 2851 771 2882 Ι
799 2861 889 2893 parS,
918 2850 1001 2882 nist.
1029 2851 1116 2891 VIII,
1145 2860 1173 2881 c.
1200 2850 1254 2881 III.
1403 2861 1451 2882 ii.
1481 2848 1523 2879 ib.
1551 2858 1578 2879 c·
1607 2848 1661 2880 IV.
