2051 3273
255 190 334 242 374
963 195 1188 227 JOHANNlS
1213 196 1406 227 WchiF.
1643 182 1752 239 [eff.
1770 193 1853 221 xvi.

281 311 503 373 ssv¹¹lss¹¹i¹³l¹l¹⁴⁶
542 302 828 341 universitates
873 312 911 339 et
958 299 1247 339 clerimoniam
1292 300 1404 352 regni
1452 301 1596 346 nostri,
1643 314 1693 339 eo
1738 302 2008 353 quod181⁵¹N

303 351 484 407 gilielsinaiiffis
542 371 605 409 vel
638 370 765 409 divise
811 378 906 409 sunt
952 369 1119 409 ecclesie
1162 369 1227 408 vel
1273 370 1460 422 cognatis
1503 379 1541 409 et
1585 369 1855 409 familiaribus

317 416 465 449 pam-nes,
543 448 819 493 patronorum
856 438 1101 478 clericorum
1137 437 1356 477 infideliter
1389 438 1617 489 distribute,
1652 439 1707 478 sic
1741 440 1857 492 quod

546 509 619 547 nisi
644 510 756 548 Deus
790 507 1023 560 reliquisset
1056 507 1177 546 nobis
1201 521 1344 546 semen
1377 507 1418 545 in
1443 507 1698 547 fundacione
1731 509 1855 547 colle-

541 578 710 631 giorum
743 592 790 616 ex
822 576 991 615 licencia
1027 590 1169 630 regum
1201 577 1351 628 Anglie
1385 578 1525 630 quoad
1570 577 1891 619 clerimoniam&

544 647 660 700 quasi
694 647 884 686 Sodoma
924 646 1167 698 fuissemus;
1214 646 1363 686 melius
1410 655 1547 685 tamen
1594 646 1700 685 foret
1744 648 1858 700 quod

544 716 718 769 quilibet
776 716 1019 768 collegiatus
1082 725 1203 768 aptus
1265 717 1315 754 ad
1376 716 1560 768 regimen
1622 716 1858 755 animarum

544 786 714 824 haberet
746 785 963 824 ecclesiam
1018 799 1098 838 que
1143 785 1222 824 iam
1259 786 1554 838 appropriatur
1599 785 1857 825 monasterio

545 855 609 894 cui
655 863 824 907 pastum
871 855 1124 907 spiritualem
1173 864 1211 894 et
1250 864 1507 895 sacramenta
1553 855 1688 894 debite
1734 855 1855 893 mini—

547 933 702 964 straret.
738 925 861 964 Tunc
895 925 1003 964 enim
1040 933 1354 977 prosperaretur
1384 939 1559 976 regnum
1595 925 1636 963 in
1660 938 1856 977 corpora-
1879 943 1917 964 10

546 994 654 1033 libus
688 1003 727 1034 et
771 994 1053 1047 spiritualibus
1100 1003 1140 1033 et
1186 1004 1385 1034 cresceret
1430 994 1674 1033 universitas
1719 1002 1858 1033 nostra

302 1078 336 1096 ⁵0
357 1069 420 1096 ¹¹12st
441 1069 490 1095 lhe
545 1074 631 1103 tam
680 1077 857 1103 numero
903 1078 1027 1116 quam
1078 1064 1248 1113 virtute;
1303 1065 1343 1103 in
1390 1064 1506 1103 cuius
1551 1064 1717 1117 signum
1765 1072 1860 1103 ante

433 1113 437 1117 ¹
463 1112 478 1129 fl

286 1104 501 1165 gsspgpgrlsfflvte
546 1133 861 1173 catheclismum
878 1133 1236 1186 appropriacionis
1252 1133 1496 1173 huiusmodi
1512 1143 1626 1172 erant
1642 1133 1681 1171 in
1693 1132 1861 1172 Oxonia

272 1175 367 1200 mutu
389 1173 512 1208 gmmy'
547 1203 758 1255 sexaginta
792 1203 906 1242 milia
939 1204 1177 1254 scolarium,
1223 1204 1292 1243 ubi
1338 1204 1463 1243 hodie
1510 1217 1596 1242 non
1643 1212 1740 1242 sunt
1771 1202 1859 1241 tria.

547 1272 801 1313 Universitas
834 1273 963 1312 eciam
1011 1274 1105 1325 plus
1150 1273 1292 1312 crescit
1341 1273 1464 1312 bodie
1498 1286 1570 1326 per
1613 1272 1917 1325 presbiteros15

547 1342 759 1381 mobiliter
805 1342 1108 1393 conductici0s‚
1155 1357 1280 1396 quam
1330 1343 1475 1382 crescit
1522 1356 1595 1395 per
1641 1350 1862 1395 perpetuas

547 1413 759 1459 cantarias,
805 1426 879 1451 nec
929 1420 1142 1464 oporteret
1174 1412 1323 1451 habere
1354 1421 1418 1451 tot
1458 1412 1670 1465 privilegia
1708 1426 1731 1451 a
1768 1425 1861 1463 rege

546 1482 624 1521 nisi
658 1482 755 1534 quia
793 1482 847 1520 ob
880 1481 1088 1520 defectum
1120 1482 1385 1521 sacerdotum
1407 1490 1445 1521 et
1469 1482 1862 1534 supplantacionem

547 1551 861 1604 privilegiorum
896 1551 1114 1603 laycorum
1147 1565 1218 1603 per
1250 1551 1419 1590 clericos
1459 1551 1562 1604 layci
1602 1551 1658 1590 eis
1693 1560 1861 1603 propter

547 1621 834 1660 sensacionem
871 1620 1018 1658 iniurie
1053 1620 1214 1672 oppido
1248 1630 1345 1660 sunt
1377 1620 1526 1660 infesti.
1573 1620 1684 1659 Olim
1719 1629 1860 1659 autem
1876 1634 1918 1656 20

549 1704 632 1728 non
651 1689 728 1729 fuit
750 1690 960 1729 sentencia
984 1689 1058 1728 ista
1081 1689 1260 1729 heretica
1277 1699 1370 1729 ante
1390 1689 1660 1728 dotacionem
1679 1690 1860 1740 ecclesie,

548 1761 718 1813 quando
752 1760 793 1798 in
827 1773 872 1798 ea
913 1759 1146 1798 floruerunt
1191 1760 1393 1799 catholice
1437 1759 1639 1799 veritates.
1701 1760 1860 1798 Ymmo

550 1830 599 1882 (si
635 1843 722 1868 non
756 1828 895 1882 fallor)
932 1838 1099 1867 sonaret
1132 1829 1182 1867 ad
1218 1829 1563 1868 emendacionem
1613 1828 1779 1867 ecclesie
1824 1837 1861 1867 et

548 1900 598 1938 ad
633 1899 959 1938 stabilimentum
1001 1898 1113 1952 regni
1148 1907 1186 1937 et
1218 1899 1268 1937 ad
1302 1898 1541 1951 profectum
1574 1897 1860 1950 cuiuscunque

551 1970 727 2008 membri
762 1969 930 2008 ecclesie
962 1978 1047 2008 tam
1078 1968 1160 2007 vivi
1194 1983 1323 2021 quam
1355 1968 1512 2007 mortui
1544 1968 1663 2020 quod
1686 1967 1859 2019 proviso
1878 1971 1916 2003 25

551 2038 715 2078 cuilibet
739 2038 888 2078 clerico
922 2039 1155 2078 secundum
1184 2038 1376 2077 ordinem
1399 2051 1524 2078 suum
1556 2038 1604 2076 de
1628 2036 1859 2076 necessario

601 2220 615 2242 4
654 2209 674 2235 Β
690 2209 718 2236 in
735 2216 849 2243 marga
871 2208 1037 2243 Approbat
1057 2213 1088 2235 ut
1109 2207 1229 2235 videtur
1243 2208 1405 2243 collegium
1427 2207 1671 2236 universitatum.
1722 2208 1751 2236 ὁ.
1773 2217 1799 2243 7.
1821 2208 1859 2235 B:

550 2256 632 2291 quod
654 2255 767 2290 quibus
788 2254 980 2288 collegiatus.
1125 2253 1152 2280 8.
1174 2253 1212 2280 B:
1234 2262 1292 2288 que
1312 2258 1373 2281 tam
1396 2254 1627 2289 appropriatur.
1756 2262 1798 2288 14.
1820 2254 1859 2281 B:

550 2301 707 2335 sexaginta
736 2309 790 2328 sex
818 2300 920 2328 millia.
960 2301 988 2327 A
1017 2301 1045 2327 in
1074 2308 1188 2334 marg:
1221 2300 1387 2335 Sexaginta
1419 2301 1514 2328 millia
1543 2301 1707 2329 scolarium
1738 2301 1862 2329 fuerunt

551 2347 683 2383 Oxonie,
704 2347 772 2374 vide
793 2355 887 2382 supra
907 2346 1023 2380 (Below
1039 2345 1100 2373 181⁸
1118 2346 1245 2373 without
1261 2348 1347 2374 mark
1363 2346 1396 2374 of
1409 2347 1591 2381 reference).
1704 2345 1747 2374 23.
1763 2347 1859 2381 AA1:

550 2393 586 2420 Et
608 2409 636 2413 —
659 2392 789 2421 ecclesie
811 2393 906 2420 deest.

614 2511 663 2543 13.
689 2510 806 2542 There
839 2510 866 2542 is
893 2521 909 2541 a
942 2520 1088 2553 passage
1120 2511 1153 2542 in
1184 2511 1256 2542 Fitz
1279 2510 1422 2554 Ralpb's
1449 2510 1614 2542 Defensio
1652 2512 1859 2543 Curatorum

551 2580 596 2600 on
631 2568 688 2600 the
726 2568 892 2599 numbers
926 2574 959 2599 at
986 2567 1131 2600 Oxford.
1159 2569 1211 2599 He
1237 2578 1315 2610 says
1341 2568 1414 2600 that
1438 2575 1579 2611 parents
1606 2579 1662 2600 are
1689 2569 1794 2600 afraid
1822 2576 1857 2600 to

552 2627 635 2659 send
664 2626 754 2658 their
781 2625 936 2657 children
965 2626 1027 2657 lest
1054 2626 1114 2657 the
1142 2625 1237 2657 friars
1264 2626 1392 2657 should
1421 2632 1477 2668 get
1509 2626 1592 2657 hold
1620 2626 1660 2657 of
1681 2625 1776 2658 them
1805 2633 1859 2666 „et

551 2686 599 2716 sic
625 2683 662 2715 fit
688 2684 783 2726 quod
811 2683 867 2715 ubi
897 2684 930 2715 in
958 2683 1073 2715 studio
1101 2683 1289 2715 Oxoniensi
1317 2683 1430 2716 adhuc
1464 2694 1542 2716 meo
1576 2690 1735 2726 tempore
1762 2691 1860 2716 erant

551 2742 688 2783 triginta
716 2742 823 2773 millia
849 2740 1065 2772 studentium
1094 2752 1162 2772 non
1184 2741 1402 2784 reperiuntur
1427 2751 1484 2773 sex
1512 2742 1618 2772 millia
1636 2741 1688 2772 his
1705 2740 1858 2773 diebus''.

552 2799 709 2830 Brown's
738 2799 936 2831 Fasciculus
965 2800 1003 2839 ΙΙ,
1030 2799 1108 2841 473.
1135 2800 1238 2842 Apud
1266 2800 1423 2840 Goldast‚
1465 2798 1666 2830 Monarchia
1692 2799 1730 2841 ΙΙ,
1763 2798 1844 2844 1398
