2051 3343
248 258 339 288 CAP.
362 245 418 305 ν]
745 263 805 294 DE
832 261 1065 295 ECCLESIA.
1786 258 1838 299 97

93 378 127 411 D
153 366 429 420 141⁶ecclesie,
463 366 633 419 quando
665 366 793 405 instar
823 366 929 405 Abel
961 381 983 405 a
1016 379 1101 419 quo
1126 365 1235 418 cepit
1257 364 1427 404 ecclesia
1460 372 1556 403 sunt
1570 369 1842 432 ffissssSSeZuffsssffflff

244 450 385 476 secure
418 436 468 474 de
500 449 574 475 sua
606 435 861 475 beatitudine
894 435 1059 488 corpori
1092 434 1247 475 Christi
1278 433 1557 474 insolubiliter
1583 439 1830 511 Efiffi‘t'vssatffoss}

242 506 520 559 incorporate.

301 575 423 616 Unde
454 575 497 614 in
530 583 656 615 cantu
689 575 860 615 ecclesie
884 574 950 614 die
973 574 1264 614 Dedicacionis
1293 574 1350 614 sic
1373 573 1553 613 canitur:

210 655 226 688 5
450 645 546 685 Rex
579 644 782 684 Salomon
803 644 917 699 fecit
946 645 1150 697 templum

512 715 646 755 Cuius
677 715 817 755 instar
849 721 889 754 et
919 714 1163 767 exemplum

454 783 645 824 Christus
677 790 716 825 et
748 784 939 825 ecclesia.

511 853 594 893 Sed
624 860 714 894 tres
741 861 893 910 partes
924 859 1025 893 sunt
1056 854 1099 893 in
1135 853 1289 904 templo

457 924 676 963 Trinitatis
707 923 786 963 sub
819 923 1043 976 exemplo:

188 1014 227 1036 10
515 993 675 1042 Ymma,
707 994 888 1046 summai,
922 993 1075 1033 media.

448 1063 598 1103 Prima‘
628 1064 775 1117 signat
805 1065 921 1104 vivos
953 1069 1139 1114 cunctos,

507 1133 562 1172 Et
592 1133 782 1174 secunda
816 1134 900 1173 iam
934 1133 1170 1185 defunctos,

562 1203 791 1245 Redivivos
822 1204 972 1244 tercia.

298 1272 351 1312 Et
383 1280 590 1326 quantum
622 1274 673 1312 ad
714 1273 1054 1313 combinaciones
1093 1273 1284 1326 parcium
1328 1284 1556 1324 corporum

188 1353 224 1385 15
240 1350 327 1381 tam
359 1342 546 1382 eiusdem
580 1342 731 1396 speciei
763 1357 892 1396 quam
914 1342 1159 1396 disparium,
1192 1342 1352 1382 dictum
1387 1349 1446 1381 est
1478 1340 1555 1379 dif-

242 1410 332 1452 fuse
363 1412 459 1451 alibi
470 1423 480 1463 ;
513 1426 641 1466 quem
672 1412 741 1452 ille
774 1413 888 1453 solus
920 1412 1028 1452 inter
1059 1412 1252 1452 homines
1285 1425 1358 1465 per
1389 1425 1430 1451 se
1462 1424 1555 1464 per-

241 1481 344 1522 fecte
376 1482 496 1522 novit
526 1496 754 1523 numerum
777 1482 925 1523 talium
949 1482 1066 1523 cuius
1091 1482 1300 1536 sapiencia
1323 1494 1407 1521 non
1432 1480 1559 1520 habet

240 1565 468 1592 numerum
498 1561 828 1594 mensurantem.

193 1630 226 1664 E
298 1621 351 1661 Et
383 1630 591 1675 quantum
621 1622 673 1662 ad
696 1622 837 1674 lineas⁷
862 1622 1014 1662 dicitur
1035 1622 1152 1676 quod
1174 1622 1270 1662 licet
1290 1622 1593 1661 resolvanturA
1608 1620 1836 1691 Ἒὶἒῐΐῐὲζῐξιὲῑὲθὲῑ

185 1711 226 1733 20
240 1690 283 1729 in
315 1699 500 1731 attomos
535 1701 708 1732 manent
731 1692 889 1744 eedem,
923 1692 1035 1732 unde
1058 1692 1243 1745 priorem
1265 1700 1304 1731 et
1328 1692 1553 1732 cerciorem

240 1761 441 1801 noticiam
484 1761 609 1801 habet
652 1762 702 1801 de
747 1761 804 1802 eis
851 1761 1131 1802 arismetricus
1178 1770 1408 1815 geometro.
1465 1760 1559 1800 Alia

240 1839 382 1871 autem
414 1840 475 1871 est
506 1831 616 1871 racio
651 1831 1008 1883 continuacionis,
1042 1832 1153 1871 unde
1186 1831 1300 1885 prius
1324 1830 1560 1871 considerat

240 1900 519 1941 arismetricus
558 1902 609 1941 de
647 1901 878 1955 quantitate
924 1901 1114 1942 continui
1159 1915 1288 1956 quam
1332 1909 1557 1954 geometer,

240 1979 415 2025 uterque
447 1980 588 2011 tamen
620 1971 727 2011 sicut
757 1971 925 2024 ignorat
950 1971 1226 2025 quantitatem
1252 1970 1417 2011 numeri
1449 1979 1557 2011 atto-

185 2050 222 2083 25
240 2054 411 2080 morum
444 2040 682 2094 compositi,
727 2041 783 2081 sic
821 2041 987 2094 ignorat
1017 2041 1104 2081 eius
1147 2041 1352 2095 precisam
1391 2040 1558 2094 quanti-

239 2118 391 2163 tatem3
414 2111 597 2164 quadam
619 2119 761 2151 tamen
777 2111 1048 2151 estimacione
1070 2120 1190 2165 capta
1215 2125 1236 2150 a
1257 2124 1382 2150 sensu
1400 2110 1559 2150 excedit

240 2189 455 2232 geometer
476 2180 794 2234 arismetricum,
819 2195 913 2221 cum
942 2181 1139 2236 suffragio
1165 2195 1311 2221 sensus
1341 2179 1560 2234 cognoscit

241 2251 462 2303 quomodo
510 2251 724 2304 dyameter
768 2252 958 2305 quadrati
1003 2260 1172 2305 superat
1217 2259 1378 2291 costam
1423 2264 1556 2290 suam.

241 2320 479 2360 Intellectus
509 2329 651 2361 tamen
666 2321 774 2361 ultra
794 2321 1112 2375 imaginativam
1135 2321 1310 2374 percipit
1330 2329 1559 2373 utrumque

183 2396 226 2429 30
242 2400 444 2430 errorem:
476 2404 576 2430 nam
608 2391 715 2430 sicut
744 2390 787 2430 in
820 2391 1031 2444 quadratis
1066 2391 1116 2430 de
1140 2390 1264 2430 costis
1288 2390 1409 2430 nobis
1432 2388 1559 2429 finitis

244 2460 384 2512 quoad
422 2473 649 2500 numerum
692 2468 952 2513 punctorum
985 2459 1191 2513 contingit
1236 2460 1421 2513 accipere
1458 2460 1558 2514 dya—

296 2573 325 2601 6.
337 2572 444 2601 Cuiusz
466 2572 495 2600 in
509 2574 610 2601 codd:
634 2573 780 2609 Quorum,
797 2578 829 2601 ut
848 2574 940 2602 habet
954 2573 1078 2601 missale
1093 2573 1320 2608 Andegavense
1338 2572 1420 2608 apud
1441 2572 1560 2600 Daniel.

243 2621 262 2648 l.
284 2628 309 2647 c.
330 2619 424 2648 Cuius
442 2620 472 2648 in
494 2619 699 2648 Sermonibus
720 2620 834 2657 mixtis,
848 2620 1001 2648 Sermone
1021 2620 1153 2656 Propter
1163 2619 1291 2656 fratres
1302 2627 1387 2647 meos
1401 2622 1433 2647 et
1448 2618 1558 2654 proxi-

241 2674 306 2694 mos
324 2665 435 2693 Psalm.
457 2665 553 2693 CXXI
584 2671 612 2693 et
631 2665 660 2693 in
683 2666 819 2694 secunda
840 2671 926 2702 parte
947 2666 1136 2695 Sermonum
1163 2674 1257 2701 super
1285 2666 1456 2702 evangelia,
1488 2665 1560 2694 Ser-

241 2720 334 2740 mone
352 2711 541 2749 Egrediente
559 2711 632 2739 Jesu
652 2712 690 2739 de
708 2713 815 2747 templo
834 2713 881 2740 ait
899 2713 955 2745 illi,
974 2711 1163 2740 MarciXIII
1191 2713 1274 2747 leges
1294 2712 1346 2746 (cf.
1364 2711 1442 2740 Cod.
1464 2712 1558 2739 Palat.

244 2758 381 2786 Vindob.
408 2758 482 2795 3928
512 2759 566 2787 fol.
589 2764 641 2796 97⁰
660 2764 689 2787 et
714 2758 766 2787 fol.
788 2759 879 2794 157‘1).
972 2761 1012 2786 16.
1035 2767 1127 2795 quem
1148 2759 1216 2794 (sic)
1237 2759 1267 2786 in
1287 2758 1379 2786 codd.
1452 2766 1499 2785 20.
1520 2758 1559 2784 B:

243 2810 359 2833 manet.

301 2888 330 2921 5.
357 2889 421 2920 See
448 2889 580 2930 Daniel,
608 2889 715 2921 Thes.
741 2889 899 2932 hymnol.
926 2896 1010 2922 tom.
1041 2890 1080 2928 V,
1107 2900 1186 2933 pag.
1218 2888 1292 2922 106.
