2051 3343
200 211 274 238 122
922 207 1146 240 JOHANNIS
1173 208 1368 240 WYcLIF.
1619 193 1725 252 [CAP.
1743 204 1794 233 VI.

191 322 467 390 bugoigvisoffotthtehe
483 316 627 354 beatus
659 313 703 352 in
736 313 824 353 celo
860 322 899 353 et
932 314 1185 366 dampnatus
1217 313 1259 351 in
1291 311 1468 364 inferno,
1511 321 1550 352 et
1582 320 1643 352 est
1674 313 1795 351 ambe
1816 320 1893 364 145b
1913 322 1945 355 F

222 389 311 463 1583}
328 401 366 454 {3}
382 393 432 455 3ἰὲ
481 385 557 425 iste
579 384 746 425 ecclesie
769 384 840 423 sed
855 392 1001 423 neutra
1022 383 1202 436 illarum,
1219 391 1257 423 et
1273 396 1423 436 corpus
1439 383 1544 422 illud
1563 383 1798 422 secundum

279 463 370 491 devil-
483 469 525 494 se
558 464 698 495 totum
732 462 791 494 est
825 453 1000 506 domini,
1034 454 1105 493 sed
1137 467 1224 493 non
1259 461 1319 493 est
1352 467 1503 506 corpus
1526 452 1687 493 domini
1720 465 1796 492 nec

482 533 543 565 est
575 538 726 577 corpus
759 523 928 575 diaboli,
962 537 1061 563 cum
1093 532 1234 563 totum
1265 523 1463 576 integrale
1497 536 1584 563 non
1616 531 1676 562 est
1709 523 1796 562 eius

190 601 385 642 A-w1101eis
414 606 467 629 not
482 608 574 647 pars
607 593 884 647 quantitativa
917 594 989 633 sed
1022 602 1083 633 est
1119 592 1207 633 eius
1246 601 1383 646 partes
1423 592 1712 646 quantitative,
1757 600 1830 634 et5

220 637 433 707 usitpssrAE-tlsviit
481 664 537 704 sic
571 675 629 704 est
661 663 871 703 collectim
904 677 1056 716 corpus
1091 663 1253 703 domini
1288 671 1327 703 et
1361 676 1512 716 corpus
1546 662 1716 702 diaboli.

206 742 459 769 Itisaslander
538 735 660 775 Unde
698 734 863 773 videtur
898 732 1003 772 mihi
1043 733 1159 787 quod
1203 733 1259 772 illi
1304 746 1391 772 non
1435 732 1575 772 minus
1618 732 1796 772 heretice

191 785 231 839 ‘ig
252 777 311 847 Stgiye
324 776 466 839 thCziiutrhcri]
480 817 609 857 quam
642 804 884 857 blaspheme
899 802 925 831 ⁵³*
939 803 1220 843 scandalizant
1243 811 1428 843 sanctam
1460 811 1638 842 matrem
1670 803 1796 842 eccle·
1816 811 1892 854 145c

191 847 465 917 reggcsspztfehfessnn
480 874 585 913 siam
633 874 706 927 qui
740 874 885 913 dicunt
916 874 1034 927 quod
1065 874 1190 913 habet
1229 882 1275 913 ut
1312 881 1451 926 partes
1491 872 1797 925 componencia

480 952 542 984 tot
579 944 769 984 membra
801 943 969 995 diaboli,
1014 943 1112 997 quia
1152 943 1323 983 indubie
1362 952 1462 982 tunc
1501 942 1607 982 foret
1647 942 1855 996 turpis-10

480 1014 584 1053 sima
617 1023 656 1053 et
687 1028 711 1053 a
742 1014 832 1053 Deo
865 1013 1047 1053 maxime
1069 1013 1195 1066 odita,
1218 1014 1317 1067 quia
1341 1014 1576 1054 secundum
1597 1027 1798 1067 magnam

479 1093 653 1137 partem.
699 1085 751 1124 Et
783 1098 881 1125 cum
913 1083 1186 1124 Canticorum
1218 1085 1314 1137 IV0,
1348 1100 1387 1139 7,
1421 1085 1472 1124 de
1518 1085 1586 1124 illa
1629 1084 1797 1124 dicitur:

485 1156 589 1194 Tota
614 1155 807 1207 pulchra
841 1167 884 1193 es
916 1154 1055 1193 amica
1089 1167 1184 1193 mea
1218 1161 1256 1194 et
1277 1154 1449 1194 macula
1472 1167 1556 1194 non
1582 1160 1644 1194 est
1675 1156 1717 1194 in
1741 1161 1795 1206 te,

480 1234 518 1266 et
535 1226 752 1278 apostolus
768 1225 876 1278 Eph.
892 1226 964 1276 VO,
985 1237 1051 1279 27,
1072 1225 1171 1264 dicit
1193 1225 1314 1266 illam
1340 1237 1430 1265 esse
1449 1225 1692 1274 ecclesiam,
1712 1237 1797 1264 non

479 1297 702 1336 habentem
757 1299 972 1337 maculam
1028 1310 1161 1350 neque
1212 1309 1389 1349 rugam,
1455 1304 1494 1334 et
1544 1295 1648 1335 illud
1700 1295 1799 1335 dicit
1818 1300 1854 1333 15

480 1368 697 1407 decretum
721 1365 785 1422 (ut
807 1377 922 1421 patet
945 1368 988 1406 in
1019 1366 1102 1407 fine
1133 1366 1226 1406 XIII
1250 1364 1378 1419 cap.):
1410 1379 1502 1404 cum
1526 1378 1623 1418 ergo
1656 1365 1798 1405 nullus

480 1438 603 1478 debet
636 1438 827 1477 dubitare
859 1438 960 1491 quin
1000 1437 1144 1477 omnia
1181 1436 1260 1476 ista
1297 1435 1531 1488 loquuntur
1568 1436 1618 1475 de
1657 1444 1799 1475 sancta

479 1517 611 1548 matre
645 1508 830 1560 ecclesia,
853 1508 1125 1548 manifestum
1146 1507 1311 1546 videtur
1334 1506 1451 1560 quod
1472 1506 1543 1545 illa
1564 1519 1651 1545 non
1672 1506 1799 1547 habet

477 1578 520 1618 in
552 1578 616 1618 sui
650 1578 1013 1632 composicionem
1045 1577 1219 1631 aliquod
1252 1576 1494 1616 membrum
1526 1575 1694 1627 diaboli,
1727 1577 1798 1616 sed

479 1648 587 1688 sicut
630 1649 812 1701 prudens
856 1648 1153 1701 paterfamilias
1204 1660 1289 1686 non
1341 1647 1517 1700 adoptat
1562 1646 1605 1685 in
1664 1645 1798 1686 filium
1815 1661 1857 1683 20

479 1732 608 1773 quem
630 1719 705 1759 scit
727 1720 899 1772 perdere
921 1728 1084 1772 patrem
1108 1732 1247 1770 suum,
1272 1717 1329 1758 sic
1352 1718 1402 1756 de
1426 1718 1532 1769 Deo,
1566 1717 1662 1770 quia
1685 1717 1800 1758 iuxta

479 1790 736 1843 apostolum,
769 1791 807 1830 si
839 1790 1064 1830 ordinaret
1083 1789 1221 1843 filios,
1255 1795 1293 1828 et
1324 1787 1515 1828 heredes.
1556 1786 1669 1827 Cum
1702 1801 1799 1840 ergo

478 1859 594 1900 iuxta
626 1860 790 1900 decreta
820 1859 888 1899 ille
927 1859 1037 1899 cadit
1068 1859 1111 1898 in
1143 1859 1325 1898 heresim
1365 1858 1435 1912 qui
1468 1858 1586 1898 aliter
1628 1858 1800 1912 exponit

480 1930 729 1983 scripturam
761 1943 921 1969 sacram
953 1943 1082 1983 quam
1115 1929 1282 1982 spiritus
1309 1937 1476 1968 sanctus
1498 1928 1666 1982 flagitat,
1693 1928 1799 1968 sicut

480 2010 519 2040 et
557 2000 625 2039 ille
664 2000 735 2054 qui
780 2000 963 2053 imponit
1005 2008 1173 2039 tantum
1220 1999 1378 2038 vicium
1421 2008 1563 2039 sancte
1606 1999 1797 2038 Romane
1815 2000 1855 2033 25

481 2070 665 2123 ecclesie,
698 2079 737 2110 et
768 2070 939 2110 indubie
972 2069 1218 2109 scandalum
1248 2069 1329 2110 tale
1361 2068 1612 2108 redundaret
1648 2068 1692 2108 in
1723 2069 1799 2108 Dei

480 2140 802 2193 blasphemiam,
827 2141 1046 2194 quomodo
1070 2153 1175 2192 rogo
1199 2139 1306 2179 foret
1319 2147 1459 2193 gratus
1480 2138 1604 2179 matri
1628 2138 1798 2178 ecclesie

479 2211 544 2250 vel
577 2224 736 2263 sponso
761 2224 839 2250 suo
863 2210 935 2264 qui
958 2210 1196 2263 imponeret
1217 2209 1274 2248 eis
1301 2218 1463 2249 tantam
1486 2205 1797 2261 calumpniam?

479 2281 633 2320 Nonne
657 2280 791 2320 Exodi
814 2281 944 2332 XXI0,
968 2295 1014 2334 17
1039 2294 1142 2333 cap.,
1166 2279 1395 2332 precipitur
1417 2279 1509 2331 lege
1525 2278 1692 2332 sponsi:
1716 2279 1798 2327 Qui

481 2350 756 2390 maledixerit
794 2351 918 2402 patri
964 2350 1032 2390 vel
1087 2351 1217 2390 matri
1260 2349 1509 2389 moriatur?
1552 2349 1650 2388 Non
1698 2361 1795 2401 ergo
1812 2349 1854 2382 30

480 2416 754 2473 imponamus
802 2420 926 2460 matri
971 2429 1114 2460 nostre
1159 2419 1507 2460 malediccionem
1547 2428 1586 2459 et
1617 2418 1796 2459 heresim

482 2490 719 2530 cuiusmodi
752 2491 985 2531 necessario
1020 2499 1080 2531 est
1112 2491 1301 2545 singulus
1334 2490 1626 2543 prescitorum.

534 2613 576 2639 14.
592 2605 619 2631 A
635 2605 673 2639 Al
694 2604 776 2632 illam
798 2612 882 2631 esse:
905 2604 1042 2640 sequitur
1061 2605 1188 2640 lacuna3
1210 2604 1390 2633 ecclesiam:
1413 2605 1508 2633 deest.
1600 2604 1636 2632 15.
1656 2603 1698 2631 B:
1720 2603 1799 2631 sicut

482 2651 564 2678 dicit.
695 2658 813 2679 20—22.
835 2653 863 2678 A
883 2651 940 2686 Al:
962 2651 993 2678 in
1013 2651 1216 2679 —ordinaret
1236 2652 1332 2680 deest.
1354 2652 1394 2679 B:
1416 2659 1508 2688 quem
1529 2650 1579 2678 sit.
1681 2659 1729 2686 29.
1751 2652 1796 2678 A:

480 2697 592 2725 Nonne
607 2698 718 2725 eodem
738 2697 820 2725 XXI.
835 2699 877 2733 Al
891 2706 970 2726 corr.
991 2698 1022 2726 in
1038 2706 1135 2733 marg.
1279 2697 1326 2727 30.
1347 2699 1388 2734 Al
1408 2698 1438 2726 in
1457 2706 1554 2733 marg.
1577 2697 1666 2726 add.:
1687 2701 1797 2734 morte,

481 2749 513 2772 ut
532 2744 632 2772 Exod.
655 2744 734 2782 XXI,
756 2752 796 2780 ¹7·

543 2848 596 2870 22.
622 2839 723 2871 Rom.
751 2841 836 2882 VIII,
868 2852 916 2883 ¹7·
