2051 3273
202 206 281 245 350
915 213 1139 246 JOHANNIS
1165 213 1361 246 WYCLIF.
1597 199 1703 257 [cm.
1728 209 1796 238 xv.

487 328 546 358 est
568 319 618 358 de
640 318 808 358 ecclesia
821 318 1106 371 triumphante
1138 317 1202 372 (ut
1230 327 1397 358 notatur
1419 318 1468 358 Is.
1490 316 1802 371 XIVO).Viator
1823 331 1897 370 177c
1917 326 1951 359 P

489 401 586 440 ergo
632 396 743 426 extra
787 387 979 426 ordinem
1025 388 1146 427 debet
1177 388 1326 427 habere
1359 387 1594 427 subsidium
1626 401 1648 426 a
1681 386 1802 426 fratre

489 456 692 495 inferioris
726 456 896 507 ordinis,
932 470 1029 496 cum
1061 471 1132 510 pes
1166 457 1279 497 iuvat
1303 457 1489 508 oculum,
1524 457 1655 496 eciam
1688 465 1801 496 utro-

491 539 571 579 que
625 535 813 566 servante
866 526 1146 578 integritatem
1201 527 1401 579 corporis
1450 528 1500 565 Et
1545 526 1599 566 ita
1642 526 1805 565 videtur

490 596 771 635 Lincolniensi
796 597 910 649 quod
932 597 1103 649 angelus
1126 596 1350 648 superioris
1373 595 1529 635 ordinis
1547 595 1806 634 illuminatur
1822 607 1838 640 5

490 666 540 704 ab
572 666 721 717 angelo
755 665 961 704 inferioris
994 665 1166 716 ordinis,
1200 679 1295 704 cun]
1330 679 1477 704 ornnes
1501 664 1606 704 beati
1638 664 1805 717 spiritus

490 748 577 773 sese
625 734 769 774 iuvant
802 734 1024 787 reciproce,
1057 749 1204 788 ymmo
1238 734 1303 789 (ut
1334 736 1432 773 alias
1465 733 1586 788 dixi):
1631 734 1807 773 Michael

492 813 530 843 et
563 817 710 843 omnes
743 805 876 857 angeli
911 804 1116 844 inferioris
1149 804 1304 843 ordinis
1340 804 1574 844 confirmati
1597 802 1620 823 '³³²
1643 818 1801 856 pugna·
1828 813 1905 857 177d

495 883 591 913 runt
624 883 766 913 contra
810 875 1035 914 draconem
1069 874 1310 914 Luciferum
1343 883 1382 913 et
1414 883 1558 913 contra
1581 873 1806 925 complices

496 957 594 982 suos
617 953 913 997 apostatantes,
948 958 1074 997 quare
1108 957 1206 996 ergo
1240 958 1324 983 non
1359 943 1479 983 debet
1511 956 1597 983 esse
1630 956 1866 996 propor-10

496 1013 712 1052 cionaliter
745 1013 784 1051 in
819 1013 1091 1053 ecclesiastica
1123 1010 1344 1053 ierarchia?

250 1092 433 1127 Obiection:
555 1083 635 1122 Sed
659 1083 757 1122 alias
792 1083 928 1123 insteti
962 1097 1035 1136 per
1066 1083 1145 1123 hoc
1178 1085 1293 1136 quod
1328 1083 1441 1123 nulla
1473 1092 1657 1136 potestas
1684 1081 1861 1135 puni-Q

234 1129 453 1191 Ῑεξῃῖιιῖιῖιοίιῗὲἓὲ
497 1152 579 1192 tiva
628 1153 756 1192 civilis
801 1167 842 1192 se
887 1153 1069 1193 extendit
1118 1155 1168 1193 ad
1218 1154 1399 1207 amplius
1444 1167 1571 1207 quam
1628 1160 1812 1205 potestas

207 1199 483 1272 11eitdli³e¹1r¹¹ss¹qi3¹ll1ey
498 1222 670 1262 civiliter
703 1223 963 1274 dominandi,
997 1224 1068 1262 sed
1103 1237 1187 1262 non
1221 1223 1316 1264 licet
1338 1223 1447 1263 civili
1470 1223 1645 1263 domino
1676 1221 1810 1261 domi-

237 1277 324 1296 serve
345 1268 456 1304 cmny'
498 1292 584 1331 nari
631 1292 803 1332 civiliter
846 1306 971 1345 super
1019 1293 1181 1344 clerico,
1231 1307 1327 1333 cum
1382 1293 1553 1333 clericus
1599 1292 1663 1332 cui
1709 1291 1869 1336 soret15

496 1361 657 1402 licitum
718 1363 867 1403 servire
926 1362 1098 1402 civiliter
1156 1373 1298 1416 posset
1355 1363 1586 1402 coloracius
1644 1361 1815 1401 civiliter

499 1433 721 1474 dominari.

221 1513 298 1576 Thi?
317 1514 395 1576 ii⁰e=⁵
417 1519 471 1541 not
556 1503 635 1543 Sed
667 1503 733 1543 hic
766 1516 862 1556 sepe
895 1503 976 1542 dixi
1021 1504 1137 1557 quod
1170 1504 1219 1543 de
1250 1503 1340 1556 lege
1372 1512 1516 1542 nature
1560 1510 1599 1541 et
1643 1501 1693 1540 de
1724 1500 1815 1552 lege

297 1558 314 1576 Ο
340 1557 398 1575 ow.
499 1573 699 1627 evangelii
732 1587 815 1627 qua
847 1573 1116 1626 astringimur
1160 1574 1211 1612 ad
1244 1573 1560 1626 correpcionem
1592 1571 1814 1611 fraternam

498 1643 620 1682 debet
664 1657 733 1683 rex
764 1643 916 1695 Anglie
955 1643 1160 1696 corripere
1195 1642 1354 1682 clerum
1402 1656 1541 1693 suum,
1586 1654 1660 1680 nec
1692 1640 1815 1679 video
1833 1662 1874 1683 20

500 1712 602 1765 quin
642 1721 721 1752 stat
761 1712 957 1752 clericum
991 1712 1140 1752 servire
1175 1712 1348 1752 civiliter
1380 1725 1429 1751 eo
1461 1712 1576 1765 quod
1610 1708 1816 1750 dominari

500 1782 671 1822 civiliter
719 1782 816 1822 dicit
855 1782 1107 1835 superbiam.
1156 1782 1237 1822 Sed
1283 1782 1433 1822 servire
1466 1781 1635 1821 civiliter
1680 1788 1818 1834 potest

500 1866 588 1891 esse
621 1852 708 1892 sine
740 1862 927 1905 peccato.
976 1853 1061 1892 Nec
1094 1861 1261 1905 oportet
1295 1853 1410 1906 quod
1443 1851 1500 1892 sic
1532 1851 1664 1890 homo
1696 1849 1819 1890 servit

501 1921 674 1962 civiliter
706 1923 821 1976 quod
864 1922 914 1962 sit
955 1935 1097 1962 servus
1131 1921 1273 1974 civilis,
1319 1935 1417 1961 cum
1450 1920 1588 1961 omnis
1621 1919 1819 1960 dominus

502 1992 654 2043 Anglie
700 1992 776 2031 sub
822 2005 918 2044 rege
963 1992 1087 2032 servit
1130 1991 1206 2031 sibi
1251 1991 1436 2044 civiliter,
1490 2004 1588 2030 cum
1634 1990 1685 2029 sit
1729 1989 1816 2029 eius
1834 2000 1871 2032 25

502 2061 676 2101 servitor
713 2070 859 2101 tenens
904 2062 953 2101 de
989 2073 1095 2114 'rege
1143 2061 1185 2100 in
1233 2061 1366 2114 capite
1411 2074 1484 2114 per
1527 2059 1697 2099 servicia
1740 2072 1818 2098 suo

502 2131 678 2171 domino
712 2132 849 2172 debita
882 2141 920 2172 et
959 2140 1171 2172 consueta.
1205 2131 1356 2171 Servus
1401 2140 1542 2171 autem
1587 2128 1715 2169 civilis
1760 2136 1820 2168 est

503 2201 680 2242 omnino
714 2216 856 2255 expers
889 2201 1087 2242 libertatis
1120 2201 1262 2253 civilis,
1303 2210 1343 2241 et
1380 2200 1437 2240 sic
1470 2199 1654 2240 serviunt
1685 2197 1820 2238 clerici

504 2270 589 2323 regi
622 2271 761 2323 libere,
795 2272 869 2325 qui
890 2280 1033 2311 tenent
1065 2272 1115 2311 de
1146 2271 1218 2311 illo
1250 2270 1292 2310 in
1323 2270 1476 2324 capite;
1510 2279 1548 2309 et
1580 2269 1637 2308 sic
1658 2268 1821 2308 videtur

504 2340 607 2379 mihi
630 2343 747 2394 quod
775 2356 845 2381 rex
872 2350 1014 2381 noster
1035 2341 1158 2381 habet
1181 2354 1304 2394 super
1323 2341 1480 2380 clerum
1509 2353 1636 2380 suum
1663 2338 1819 2391 legium
1837 2348 1879 2380 30

505 2412 646 2463 quoad
685 2412 795 2451 bona
832 2420 978 2451 nature
1024 2420 1063 2451 et
1102 2411 1213 2450 bona
1245 2410 1410 2450 fortune
1443 2410 1675 2450 secundum
1719 2407 1820 2460 quid

560 2625 579 2645 ι.
611 2618 631 2645 Β
652 2617 681 2645 in
704 2625 819 2654 marg:
850 2617 899 2645 Ad
928 2621 1046 2645 tantum
1068 2621 1167 2652 potest
1196 2615 1325 2643 clericus
1355 2614 1543 2650 delinquere,
1573 2614 1655 2649 quod
1685 2621 1745 2641 non
1776 2620 1821 2642 est

509 2664 698 2692 eredendum
721 2673 790 2691 eum
813 2671 937 2691 servare
957 2671 1048 2691 suum
1070 2662 1222 2690 ordinem.
1365 2660 1402 2689 13.
1424 2662 1452 2689 A
1473 2661 1503 2688 in
1519 2668 1633 2695 marg:
1653 2659 1818 2695 Instancia.

508 2710 549 2737 18.
579 2711 607 2738 A
636 2719 666 2738 1n
694 2719 811 2746 marg:
841 2710 945 2738 Raeio.
1088 2717 1127 2737 21.
1158 2709 1179 2736 Β
1201 2710 1230 2736 in
1253 2716 1370 2745 marg:
1402 2707 1563 2734 Dominari
1593 2706 1721 2734 civiliter
1750 2706 1821 2733 dicit

509 2757 700 2791 superbiam.
820 2756 862 2784 23.
883 2758 909 2784 A
933 2756 962 2783 in
984 2764 1099 2790 marga
1123 2754 1333 2783 Condiciones
1353 2753 1432 2781 servi
1454 2753 1564 2781 civilis.
1681 2761 1726 2787 27.
1747 2752 1768 2778 Β
1789 2752 1819 2779 in

509 2810 622 2837 marg:
643 2802 761 2830 Servus
781 2803 890 2830 civilis.
1034 2802 1079 2829 30.
1101 2803 1129 2828 A
1150 2802 1179 2828 in
1202 2809 1315 2835 marga
1344 2800 1405 2827 Rex
1426 2801 1516 2827 habet
1536 2800 1625 2826 civile
1646 2798 1819 2826 dominium

510 2856 602 2884 super
621 2850 750 2876 clerum.
