2051 3273
239 178 318 215 502
958 187 1180 219 JOHANNIS
1210 186 1404 219 WYCLIF.
1627 173 1735 231 [CAP.
1755 184 1836 212 xxi

524 292 728 344 arguitur:
787 291 990 330 Caracter
1040 298 1101 330 est
1150 292 1322 344 signum
1355 291 1598 341 indelebile,·
1649 304 1752 345 ergo
1803 292 1974 346 si19701

523 362 700 400 collocat
729 361 937 400 lzominem
982 361 1022 399 in
1068 361 1211 413 aliquo
1242 366 1370 409 statu,
1410 361 1665 412 impossibile
1696 367 1757 400 est
1787 360 1838 399 ab

524 432 598 470 illo
636 437 749 470 statu
782 430 991 479 recedere,
1024 431 1123 482 quin
1143 430 1232 482 fiat
1263 430 1517 469 contumelia
1555 436 1838 479 sacramento,

522 500 597 539 sed
639 501 681 539 in
727 500 960 539 minoribus
1007 499 1225 538 ordinibus
1270 499 1482 538 constituti
1505 506 1690 551 possunt
1734 500 1841 538 licite

524 569 663 608 redire
681 569 737 608 ad
761 570 949 621 laycum,
973 582 1075 622 ergo
1099 569 1140 607 in
1165 569 1222 608 eis
1246 575 1440 607 caracter
1462 581 1544 607 non
1568 569 1839 621 imprimitur.
1858 579 1874 611 5

524 638 776 686 Dicendum,
821 638 970 691 inquit,
1015 637 1127 690 quod
1168 644 1363 677 caracter
1412 637 1600 676 omnium
1644 637 1841 677 ordinum

525 714 667 746 manet
708 708 749 746 in
789 707 933 746 anima
977 707 1063 746 sive
1107 707 1352 746 revertentis
1405 707 1461 746 ad
1513 707 1713 746 laicatum
1757 707 1843 746 sive

526 777 741 816 morientis
787 783 832 815 ut
872 776 1148 829 signaculum
1194 776 1476 815 distinctivum
1509 783 1548 816 et
1577 777 1654 815 lzoc
1684 777 1749 816 vel
1787 776 1844 815 ad

526 846 712 900 gloriam
743 846 780 885 si
812 846 913 885 bene
946 858 1049 885 usus
1073 852 1147 894 est,
1170 846 1235 884 vel
1256 844 1312 884 ad
1339 846 1617 898 ignominiam
1648 846 1686 885 si
1718 846 1840 884 male.

583 917 745 964 Quarto
779 914 967 967 arguitur
1001 928 1073 967 per
1110 914 1191 953 hoc
1225 915 1341 967 quod
1372 921 1567 954 caracter
1599 922 1661 955 est
1691 915 1884 968 signa-4

525 986 668 1025 culum
701 991 975 1036 perpetuum,
1016 997 1197 1023 manens
1235 985 1276 1022 in
1309 984 1453 1022 anima
1485 990 1700 1036 separata,
1739 997 1842 1038 ergo

527 1068 608 1094 non
656 1054 775 1094 debet
818 1054 1006 1106 imprimi
1050 1054 1131 1093 nisi
1173 1053 1229 1092 ad
1271 1059 1411 1092 actum
1456 1060 1735 1106 perpetuum,·
1771 1053 1845 1093 sed

526 1131 647 1164 actus
688 1124 979 1163 ministerialis
1022 1124 1200 1163 istorum
1232 1122 1430 1162 ordinum
1463 1122 1720 1177 inferiorum
1760 1135 1841 1161 non

529 1201 590 1234 est
620 1199 871 1245 perpetuus.
918 1193 1028 1245 Ergo
1063 1200 1137 1231 etc.
1184 1192 1367 1240 Dicitur,
1411 1191 1560 1244 inquit,
1605 1191 1716 1244 quod
1760 1204 1841 1231 non

526 1270 688 1316 oportet
733 1270 776 1302 ut
820 1268 989 1301 maneat
1024 1275 1192 1314 semper
1234 1268 1441 1313 quantum
1469 1260 1526 1300 ad
1558 1274 1683 1300 usum
1722 1261 1899 1304 mini-15

526 1333 643 1372 sterii
679 1332 791 1385 quod
827 1333 903 1371 iste
944 1344 1047 1371 usus
1091 1331 1156 1370 vel
1192 1331 1352 1370 abusus
1386 1331 1644 1370 convertitur
1675 1331 1715 1369 in
1742 1344 1843 1383 pre-

529 1403 660 1441 mium
704 1401 770 1441 vel
808 1400 1054 1440 mercedem.
1099 1400 1220 1440 Unde
1262 1400 1446 1439 secundo
1480 1400 1616 1453 querit
1656 1408 1695 1439 et
1733 1408 1844 1439 tenet

528 1471 643 1524 quod
666 1471 707 1510 in
732 1471 909 1510 diversis
943 1469 1161 1509 ordinibus
1194 1469 1349 1509 diversi
1371 1470 1676 1522 imprimuntur
1699 1482 1844 1508 carac-

528 1547 636 1580 teres
660 1540 856 1588 distincti,
879 1546 917 1579 et
938 1540 1014 1578 hoc
1041 1539 1244 1592 specifice,
1274 1539 1383 1577 sicut
1412 1538 1596 1588 ordines,
1621 1545 1666 1578 ut
1686 1545 1848 1591 oportet

528 1623 623 1650 eum
656 1610 808 1658 dicere,
832 1616 869 1648 et
891 1609 1104 1662 arguendo
1135 1607 1460 1661 quadrupliciter
1481 1608 1532 1646 ad
1555 1608 1802 1661 oppositum
1822 1608 1943 1661 *197⁶

527 1679 767 1732 respondet.
814 1678 1067 1727 Dicendum,
1110 1677 1259 1731 inquit,
1305 1677 1416 1729 quod
1466 1678 1576 1716 inter
1626 1678 1845 1730 opinantes

529 1750 569 1788 in
615 1749 809 1788 omnihus
850 1747 1067 1787 ordinibus
1100 1760 1191 1786 esse
1222 1753 1482 1786 caracterem
1516 1746 1675 1799 duplex
1706 1747 1845 1799 opinio

529 1833 619 1859 esse
669 1819 893 1858 consuevit.
954 1817 1138 1865 Quidam
1183 1817 1293 1856 enim
1346 1816 1484 1855 dicere
1535 1817 1680 1855 volunt
1735 1816 1847 1869 quod

529 1902 673 1928 omnes
706 1887 874 1927 ordines
919 1888 959 1926 in
1006 1900 1089 1925 uno
1128 1893 1346 1925 caractere
1379 1885 1609 1935 uniuntur,·
1642 1885 1848 1939 differunt

530 1966 668 1998 tamen
712 1957 944 1998 secundum
990 1957 1194 1996 maiorem
1234 1956 1522 2008 implecionem
1555 1961 1593 1994 et
1625 1956 1902 2005 minorem,25

529 2029 636 2067 sicut
677 2028 715 2067 si
756 2027 951 2080 sigillum
996 2026 1269 2078 imprimatur
1313 2026 1353 2064 in
1398 2037 1494 2064 cera
1527 2025 1655 2075 tenui,
1699 2024 1845 2065 deinde

515 2097 691 2151 sorcius
735 2097 800 2136 vel
843 2095 1043 2147 amplius,
1068 2095 1287 2147 paulative
1312 2093 1579 2147 procedendo
1611 2095 1843 2134 secundum

524 2168 625 2219 plus
671 2173 709 2205 et
744 2166 847 2218 plus
894 2177 1114 2217 quousque
1152 2165 1431 2216 perveniatur
1462 2163 1519 2203 ad
1547 2170 1706 2204 statum
1742 2178 1844 2217 per-

516 2236 699 2289 fectum.
736 2235 779 2274 Si
809 2241 950 2273 autem
983 2247 1137 2287 queras
1184 2247 1263 2286 que
1306 2234 1360 2273 sit
1391 2235 1506 2273 racio
1539 2235 1635 2274 talis
1668 2234 1844 2286 impres-

529 2305 673 2354 sionis,
736 2303 967 2356 respondeo
1025 2303 1204 2342 breviter
1260 2302 1372 2356 quod
1427 2304 1504 2342 lzoc
1561 2310 1623 2343 est
1666 2310 1845 2356 propter
1859 2313 1902 2346 30

584 2498 610 2525 6.
643 2498 671 2525 A
700 2497 729 2524 in
760 2505 874 2530 marga
908 2496 1090 2531 Responsio.
1234 2495 1260 2523 δ’.
1288 2496 1315 2523 Α
1336 2497 1391 2530 Al:
1426 2495 1619 2530 signaculum
1641 2496 1841 2529 destitutum;

533 2543 572 2570 B:
594 2543 784 2571 distinctum.
910 2542 945 2570 13.
971 2542 1012 2568 13:
1033 2541 1227 2569 ministralis.
1356 2550 1397 2575 14.
1419 2543 1446 2569 A
1467 2542 1497 2568 in
1519 2550 1633 2576 marga
1654 2541 1840 2577 Responsio.

532 2598 571 2625 17·
593 2591 619 2616 A
641 2589 670 2616 in
692 2596 800 2623 marga
828 2587 957 2622 Opinio.
1067 2586 1108 2614 18.
1130 2587 1170 2613 B:
1196 2586 1325 2614 diversis
1353 2586 1583 2622 imprimuntur.
1698 2586 1740 2615 23.
1762 2588 1790 2616 A
1811 2588 1840 2616 in

533 2643 645 2669 marga
667 2634 787 2669 Duplex
808 2634 926 2669 opinio.
1070 2632 1109 2661 25.
1132 2634 1159 2661 A
1180 2632 1209 2660 in
1233 2641 1347 2668 marg:
1370 2633 1480 2660 Prima.

592 2799 642 2830 25.
670 2799 801 2830 Bonav.
831 2799 851 2829 l.
877 2809 921 2830 c.:
949 2797 1121 2829 minorem
1150 2797 1442 2841 complexionem.
