2051 3273
206 223 289 272 460
930 228 1154 260 JOHANle
1182 227 1375 259 WYCLIF.
1599 213 1704 271 [CAP.
1726 225 1806 253 xix.

218 347 307 384 Falsa}
328 345 470 384 teacvhing
498 335 724 374 consulunt
742 335 901 373 nedum
921 332 1034 372 laicis
1057 333 1127 372 sed
1150 331 1420 385 pontificibus
1443 333 1495 371 ad
1517 333 1809 385 pugnandum,
1831 348 1909 388 192⁵
1925 343 1960 377 Ρ

208 390 247 409 ΟΠ
268 381 437 443 ss'gsshfflff
457 386 481 405 ¹⁵
497 404 715 458 palliantes
760 417 832 457 per
877 402 1071 455 sompnia
1111 411 1149 441 et
1189 401 1341 454 scripta
1372 401 1557 454 apocrifa
1589 403 1811 455 quomodo

497 488 639 528 pugne
672 474 773 513 tales
807 473 939 512 eciam
971 472 1012 511 in
1036 473 1235 512 Romano
1259 471 1456 525 pontifice
1488 485 1561 524 per
1593 472 1709 525 signa
1732 486 1813 525 que

496 553 648 583 vocant
693 543 894 582 miracula
937 550 1034 581 sunt
1077 542 1242 581 laudate
1283 540 1347 596 (ut
1384 541 1499 593 tetigi
1537 542 1674 582 XV110
1723 555 1811 594 cap.

498 614 588 653 libri
625 611 791 667 quarti).
837 613 1055 665 Rogamus
1087 611 1227 664 itaque
1259 611 1301 649 in
1333 610 1466 649 verbis
1498 618 1544 650 ut
1581 610 1846 654 habeamus5

499 683 650 723 Christi
698 693 737 722 et
781 696 854 722 sue
901 681 1111 735 paciencie
1161 681 1431 732 documenta,
1481 681 1552 719 sed
1595 688 1814 733 tamquam

500 752 689 807 ypocrite
728 753 997 791 adversamur
1040 751 1083 790 in
1128 750 1258 801 factis,
1306 749 1478 789 nitendo
1517 749 1615 789 totis
1659 750 1814 791 viribus

500 823 721 876 quomodo
774 822 1004 862 habeamus
1056 822 1107 860 de
1158 820 1273 860 factis
1319 820 1512 860 hostibus
1562 820 1815 873 temporales

499 893 692 932 victorias
733 901 772 932 et
812 891 995 931 fastuosa
1027 905 1073 930 ac
1106 891 1203 930 huic
1235 890 1318 929 vite
1349 891 1606 943 voluptuosa
1638 890 1814 930 delecta-

501 971 655 1013 menta,
701 971 740 1001 et
778 962 829 1001 ad
880 962 959 1001 hoc
1004 961 1265 1014 applicamus
1314 960 1520 1013 triplicem
1564 960 1874 1013 sapienciam1o

502 1033 626 1072 huius
661 1031 825 1083 mundi,
859 1032 909 1071 de
942 1045 1024 1084 qua
1055 1030 1196 1070 Jacobi
1230 1030 1317 1081 1110,
1359 1030 1403 1068 15
1439 1029 1588 1069 dicitur
1619 1030 1734 1082 quod
1759 1038 1819 1069 est

502 1109 688 1151 terrena,
720 1102 920 1141 animalis
953 1108 992 1140 et
1023 1100 1260 1146 draholica.
1285 1099 1550 1139 Necessarius
1583 1112 1681 1152 ergo
1715 1098 1819 1139 foret

503 1172 684 1225 cogitare
729 1171 1009 1224 cogitaciones
1053 1170 1180 1223 pacis,
1225 1183 1369 1223 rogare
1411 1179 1450 1210 et
1493 1169 1703 1223 predicare
1737 1183 1819 1223 que

502 1243 554 1281 ad
586 1255 734 1294 pacem
766 1251 876 1293 sunt,
927 1255 1058 1294 quam
1090 1240 1293 1279 adducere
1327 1239 1445 1279 fucos
1479 1239 1732 1293 sophisticos
1767 1240 1819 1278 ad

503 1312 764 1365 palliandum
797 1311 913 1364 quod
936 1311 1095 1350 nedum
1118 1309 1266 1349 mundi
1298 1309 1558 1362 principibus
1590 1310 1663 1348 sed
1687 1309 1819 1348 eciam
1838 1318 1874 1350 15

505 1381 681 1421 summis
715 1379 984 1433 pontificibus
1022 1379 1186 1419 licitum
1231 1388 1291 1418 est
1335 1379 1497 1419 bellare.
1546 1379 1613 1418 Ad
1653 1387 1820 1419 tantum

223 1461 247 1488 It
269 1461 293 1487 is
315 1468 389 1487 even
412 1460 479 1487 said
506 1452 619 1491 enim
663 1450 789 1490 cecati
837 1459 933 1490 sunt
978 1449 1107 1489 eciam
1156 1448 1413 1501 professores
1457 1449 1657 1502 scripture
1702 1450 1819 1502 quod

232 1496 296 1522 that
315 1495 466 1530 temporal

213 1538 490 1592 ggsnsgesgffipsnffifi
506 1522 651 1561 dicunt
682 1530 769 1560 tam
802 1520 1076 1560 necessariam
1109 1533 1195 1558 esse
1228 1519 1337 1559 clero
1362 1519 1486 1558 hodie
1509 1519 1822 1572 possessionem

259 1609 291 1627 as
312 1608 374 1627 was
396 1599 448 1626 the
504 1591 817 1644 temporalium,
880 1587 1315 1643 quamssnecessaria
1373 1588 1451 1629 fuit
1507 1589 1550 1627 in
1611 1589 1920 1642 primitiva192b

214 1634 488 1697 nuriigligseitoiirst.
506 1660 676 1700 ecclesia
736 1668 918 1713 potestas
978 1658 1152 1698 faciendi
1212 1658 1426 1710 miracula,
1492 1667 1530 1697 et
1581 1658 1821 1712 intelligunt
1838 1676 1880 1697 20

504 1730 783 1770 necessarium
815 1743 894 1782 pro
928 1728 1018 1768 utili
1060 1727 1124 1782 (ut
1153 1727 1354 1781 oportet),
1387 1727 1484 1781 quia
1523 1728 1639 1768 aliter
1671 1742 1819 1768 conce-

504 1802 648 1839 derent
691 1799 808 1853 quod
847 1808 935 1838 tam
966 1798 1196 1838 necessaria
1236 1797 1405 1837 ecclesie
1438 1797 1545 1837 foret
1577 1811 1650 1837 sua
1683 1798 1821 1851 predi-

505 1870 632 1922 cacio,
677 1883 826 1923 ymmo
874 1882 949 1908 sua
996 1867 1192 1921 decepcio
1233 1867 1338 1907 sicut
1370 1867 1447 1907 fuit
1480 1867 1634 1908 Christi
1667 1868 1821 1921 passio,

506 1954 604 1980 cum
665 1940 716 1979 sit
767 1940 845 1979 sub
898 1939 1049 1979 eodem
1100 1939 1230 1991 gradu
1293 1937 1539 1991 contingens
1601 1938 1822 1978 necessitas

506 2009 744 2063 utrobique.
1840 2015 1879 2048 25

563 2080 706 2119 Primo
740 2092 837 2132 ergo
877 2078 1041 2117 videtur
1085 2077 1203 2130 quod
1242 2089 1353 2115 cesar
1392 2076 1571 2116 dedisset
1614 2076 1874 2129 principa-Q,

505 2151 597 2190 liter
635 2148 838 2189 naturalia
883 2148 994 2187 bona
1042 2147 1150 2186 clero
1196 2155 1282 2186 tam
1323 2145 1440 2184 utilia
1479 2145 1585 2185 sicut
1618 2146 1823 2199 Christus,

508 2230 546 2260 et
578 2221 730 2259 iterum
773 2227 859 2258 tam
905 2217 1085 2271 perfecta
1125 2216 1268 2255 fuisset
1311 2216 1555 2268 temporalis
1600 2216 1823 2268 possessio,

508 2291 613 2330 sicut
637 2289 853 2328 carismata
877 2286 1207 2340 supernaturalia
1236 2299 1434 2325 concessa
1465 2299 1488 2324 a
1511 2285 1692 2337 Christo,
1729 2285 1826 2338 quia

508 2361 539 2399 si
590 2366 776 2412 potestas
824 2371 953 2411 quam
999 2356 1189 2396 Christus
1238 2355 1442 2395 concessit
1489 2355 1573 2394 suis
1621 2355 1824 2407 apostolis
1842 2364 1884 2396 30

509 2430 585 2469 fuit
637 2441 800 2467 cesareo
854 2428 968 2467 dono
1024 2425 1265 2479 perfeccior,
1327 2425 1405 2465 fuit
1456 2425 1625 2465 ecclesie
1671 2424 1825 2464 Christi

509 2498 772 2550 necessarior,
806 2498 922 2551 quod
955 2496 1032 2536 fuit
1064 2496 1259 2549 patulum
1292 2510 1340 2535 ex
1370 2495 1505 2534 fructu
1540 2503 1579 2534 et
1610 2502 1825 2534 cremento

562 2681 586 2709 3.
610 2683 651 2709 A:
676 2689 810 2717 pungne.
931 2680 971 2708 16.
991 2680 1019 2707 A
1039 2680 1070 2706 in
1092 2686 1210 2713 marg:
1232 2678 1400 2706 Conclusio
1415 2678 1502 2705 falsa.
1622 2684 1661 2704 21.
1684 2676 1723 2703 B:
1745 2677 1828 2712 quod

511 2729 609 2756 aliter.
752 2727 799 2755 26.
832 2728 859 2754 A
887 2727 915 2753 in
944 2734 1056 2760 marg.:
1089 2725 1170 2753 Nota
1202 2729 1309 2753 contra
1336 2724 1569 2760 possessionem
1598 2728 1626 2751 et
1654 2723 1829 2750 dominium

510 2775 650 2808 ecclesie,
672 2774 757 2810 quod
778 2773 823 2801 sic
845 2773 1055 2800 necessarium
1077 2780 1159 2799 nunc
1180 2776 1352 2807 reputatur,
1375 2772 1453 2798 sicut
1473 2770 1503 2798 in
1525 2770 1681 2806 primitiva
1702 2770 1830 2797 ecclesia

512 2825 646 2856 potestas
679 2819 811 2847 fac1endi
845 2819 995 2846 miracula
1037 2819 1160 2852 (Above
1193 2818 1258 2853 ¹92¹³
1287 2818 1416 2845 without
1458 2817 1544 2844 mark
1582 2817 1617 2844 of
1652 2815 1827 2850 reference).

510 2869 557 2895 26.
577 2874 622 2901 27.
644 2867 683 2894 B:
706 2867 841 2895 dedisset
860 2871 960 2900 preter
982 2865 1140 2893 naturalia.
