2051 3273
209 220 297 249 CAP.
318 210 429 268 xxii]
700 227 757 259 DE
785 228 1020 260 ECCLESIA.
1730 217 1800 256 531

70 337 494 381 I2O1⁸COmpUtatUs7
530 331 601 382 qui
636 344 731 370 cum
766 341 871 371 esset
896 333 936 370 in
962 345 1139 384 corpore
1174 345 1255 369 non
1292 341 1352 369 est
1385 341 1519 370 trans-

206 399 314 437 latus
348 399 398 436 ad
439 398 671 439 Christum.
707 401 866 439 Eadem
897 402 1038 454 itaque
1076 414 1199 440 causa
1233 410 1292 438 est
1333 413 1405 438 cur
1437 413 1519 438 non

206 476 351 507 oretur
384 477 484 506 tunc
508 482 584 520 pro
621 469 865 509 hominibus
890 471 1129 509 eternaliter
1162 469 1403 522 puniendis,
1439 482 1521 521 que

206 550 329 575 causa
362 545 423 575 est
465 546 510 576 ut
543 552 627 577 non
655 548 801 579 oretur
834 553 971 592 neque
995 553 1105 579 nunc
1140 552 1277 592 neque
1310 547 1410 578 tunc
1443 551 1520 590 pro

173 607 324 648 5malis
359 606 591 658 spiritibus.

105 686 190 718 Kc
264 675 344 714 Sed
391 677 521 716 tercio
566 677 856 730 principaliter
908 678 1101 730 arguitur
1156 692 1230 731 per
1276 677 1354 716 hoc
1403 677 1517 729 quod
1551 685 1575 712 It
1596 686 1620 712 is
1642 685 1707 712 said
1727 686 1791 713 that

208 745 337 784 horno
390 755 531 798 potest
585 748 800 786 meritorie
847 761 968 787 orare
1020 747 1269 800 generaliter
1325 760 1402 799 pro
1449 747 1517 785 de·
1552 728 1791 791 ggiierrrlafiiypiifli

206 814 374 865 functis,
429 816 708 855 immiscendo
756 818 1040 857 intencionem
1089 817 1239 857 orandi
1285 790 1808 869 specialiteridilgilitssiipigiala

205 897 281 936 pro
314 895 495 937 patrono
537 887 597 925 vel
642 887 722 925 alio
757 888 892 926 amico
927 901 1020 926 cum
1057 887 1136 926 hoc
1181 887 1296 940 quod
1337 886 1425 939 ipse
1468 859 1806 930 sitmciyiss‘ifl’affiiissd.

150 972 188 993 10
205 954 477 1007 dampnatus,
502 955 543 994 in
567 969 653 1008 quo
678 970 774 996 casu
800 966 892 996 orat
914 957 1025 996 licite
1048 970 1126 1009 pro
1151 958 1396 1009 dampnato,
1422 968 1519 1007 ergo

204 1023 284 1062 hoc
331 1025 440 1064 licet.
498 1024 791 1065 Confirmatur
837 1027 1076 1079 tripliciter:
1130 1026 1272 1065 Primo
1320 1039 1394 1078 per
1439 1025 1519 1064 hoc

203 1094 319 1146 quod
353 1095 495 1133 oracio
530 1095 826 1135 condicionata
868 1105 929 1134 est
969 1097 1111 1135 oracio
1146 1097 1315 1149 qualem
1349 1104 1518 1147 oportet

203 1164 433 1203 concedere
479 1178 567 1203 esse
611 1165 769 1204 licitam
825 1179 901 1218 pro
946 1166 1194 1219 dampnato,
1244 1179 1340 1204 cum
1373 1165 1425 1204 sit
1472 1178 1518 1203 ex

201 1234 355 1285 gracia,
400 1244 440 1274 et
485 1248 559 1286 per
611 1248 874 1288 consequens
936 1236 1161 1274 necessitat
1209 1235 1259 1274 ad
1309 1234 1518 1274 orandum

150 1308 278 1355 15pro
332 1303 499 1343 talibus.
553 1303 755 1343 Secundo
809 1303 1088 1343 confirmatur
1141 1318 1216 1357 per
1269 1305 1348 1343 hoc
1402 1304 1517 1356 quod
1534 1309 1600 1371 Τὲε
1616 1310 1810 1372 cxampledof

204 1373 350 1411 beatus
376 1373 606 1425 Gregorius
641 1375 777 1413 oravit
809 1375 1045 1427 specialiter
1068 1387 1145 1427 pro
1170 1374 1357 1412 Traiano
1391 1387 1517 1426 quem
1533 1353 1806 1416 Trzsjeai10333iied‚

202 1442 323 1481 scivit
357 1457 444 1481 esse
478 1443 774 1496 dampnatum,
822 1444 918 1496 quia
953 1444 1154 1483 Johannis
1189 1443 1277 1493 1110,
1320 1443 1386 1481 18:
1436 1443 1520 1491 Qui

107 1514 283 1551 201¹'non
307 1512 330 1533 ᾗ
351 1513 485 1552 credit
519 1514 602 1552 iam
627 1513 837 1552 iudicatus
870 1520 941 1553 est.
980 1513 1211 1565 Imperator
1244 1523 1387 1551 autem
1411 1513 1517 1551 Tra-

202 1583 322 1621 ianus
347 1582 425 1622 fuit
457 1582 637 1622 infidelis
671 1584 875 1622 decedens
909 1583 948 1621 in
974 1582 1154 1634 mortali,
1180 1596 1279 1635 ergo
1303 1596 1397 1621 curn
1424 1584 1518 1621 bea-

147 1665 188 1687 20
204 1663 270 1693 tus
304 1653 535 1705 Gregorius
561 1652 639 1692 fuit
668 1666 743 1705 pro
767 1653 836 1692 illo
870 1653 1090 1692 exauditus
1125 1667 1146 1691 a
1181 1652 1369 1704 domino,
1406 1653 1517 1691 vide-

204 1732 273 1762 tur
296 1724 409 1775 quod
443 1736 521 1775 pro
555 1723 708 1762 talibus
742 1723 906 1761 licitum
941 1732 1001 1762 est
1034 1732 1178 1773 orare,
1214 1735 1314 1773 ergo
1347 1731 1518 1761 sanctus

205 1801 345 1846 potest
393 1793 543 1831 mereri
588 1802 634 1831 ut
678 1793 780 1831 tales
821 1793 1139 1843 resuscitentur,
1186 1800 1324 1844 potest
1369 1792 1518 1831 mereri

205 1872 250 1901 ut
285 1863 515 1901 salventur.
550 1862 706 1901 Tercio
741 1862 1017 1901 confirmatur
1051 1875 1124 1914 per
1159 1863 1237 1900 hoc
1278 1862 1393 1913 quod
1424 1862 1519 1900 licet
1534 1867 1592 1894 and
1616 1866 1681 1894 itis
1712 1869 1806 1903 urged

204 1946 323 1972 orare
357 1947 434 1985 pro
463 1933 654 1985 quolibet
689 1933 753 1971 cui
788 1933 929 1971 oracio
965 1932 1072 1971 foret
1105 1932 1219 1970 utilis
1253 1932 1319 1970 vel
1358 1932 1517 1969 malum
1535 1903 1810 1974 ὀὲἰιῗῖεθιζῗέῆῖῂὲγ

146 2002 185 2034 25
204 2003 383 2050 tolleret,
419 2003 490 2041 sed
526 2002 583 2040 sic
618 2011 679 2040 est
714 2003 763 2039 de
797 2002 912 2040 omni
949 2002 1100 2040 merito
1134 2001 1353 2040 militantis
1387 2001 1514 2039 eccle-
1546 1973 1676 2000 (mmm
1698 1978 1797 2000 mern.

204 2072 261 2111 sie
295 2073 437 2124 quoad
473 2072 743 2124 dampnatos,
769 2085 868 2122 ergo
891 2071 988 2110 licet
1012 2085 1133 2110 orare
1157 2085 1233 2124 pro
1258 2071 1336 2110 illis
1367 2070 1513 2109 saltem

205 2143 392 2181 tollendo
426 2142 557 2193 magis
592 2142 750 2180 malurn
785 2142 901 2194 quod
935 2142 991 2180 eis
1025 2141 1144 2179 aliter
1178 2141 1378 2179 eveniret.
1404 2140 1513 2179 Narn

203 2226 301 2264 sepe
347 2213 506 2250 dictum
554 2220 614 2250 est
658 2213 771 2264 quod
815 2221 928 2251 totus
969 2212 1155 2250 mundus
1195 2210 1380 2263 adquirit
1423 2223 1516 2261 per-

205 2281 437 2320 feccionem
479 2281 709 2320 secundam
754 2294 802 2319 ex
842 2281 994 2321 merito
1034 2281 1207 2332 Christi,
1259 2293 1353 2318 cum
1399 2280 1518 2317 aliter

148 2350 189 2381 30
206 2351 343 2390 forent
396 2351 566 2404 dyaboli
621 2351 811 2403 penalius
873 2352 1058 2402 cruciati,
1119 2364 1168 2389 eo
1228 2349 1344 2403 quod
1398 2349 1517 2388 aliter

204 2421 407 2460 haberent
453 2421 588 2459 maius
634 2421 901 2460 consorcium
954 2422 1250 2474 conpunitum,
1302 2419 1395 2471 plus
1445 2419 1513 2456 de-

204 2500 418 2530 merentur
458 2490 639 2543 amplius
680 2491 937 2542 seducendo,
974 2500 1013 2531 et
1047 2500 1206 2530 careret
1251 2489 1516 2542 perfeccione

202 2561 402 2612 secunda,
452 2573 535 2613 qua
569 2561 698 2599 modo
739 2562 1035 2600 consolacione
1074 2569 1319 2600 sanctorum
1353 2559 1515 2598 miseri·

255 2708 279 2736 3.
318 2709 346 2736 A
378 2709 436 2743 A1:
476 2710 655 2736 eternaliter
693 2709 919 2744 promerendis.
1081 2716 1122 2743 19.
1166 2707 1207 2735 B:
1247 2706 1381 2734 infidelis
1420 2706 1514 2733 deest.

204 2763 247 2782 22.
282 2755 312 2782 in
345 2756 455 2782 codd.:
486 2756 653 2782 resuscitur.
815 2763 859 2791 27.
880 2757 907 2783 A
926 2756 956 2782 in
979 2762 1092 2789 marg:
1128 2753 1207 2781 Nota
1240 2761 1378 2780 causam.
1400 2752 1516 2780 Christi

204 2803 307 2837 passio
336 2803 451 2836 perficit
478 2803 592 2830 omnia.
750 2803 793 2831 32.
824 2802 862 2829 B:
893 2806 1007 2829 careret
1031 2801 1095 2828 scil.
1126 2800 1279 2834 mundus;
1313 2805 1383 2827 sunt
1417 2800 1515 2835 puniti

204 2848 267 2875 scil.
290 2849 416 2876 diaboli.
437 2849 538 2876 Locus·
559 2849 615 2877 iste
636 2849 716 2876 haud
738 2849 829 2877 dubie
850 2853 1013 2883 corruptus
1035 2852 1089 2875 est.

1358 2894 1423 2936 34⁹⁶
