2051 3273
218 236 292 273 188
913 245 1135 276 JOHANNIS
1162 245 1355 276 WYCLIF.
1626 230 1733 288 [CAP.
1759 241 1813 268 ix.

231 359 466 420 [iigifisgffi‘sslio
501 351 680 401 placioni
726 362 764 388 et
809 350 1101 402 pmdicacioni,
1147 351 1263 402 quod
1302 349 1442 387 fideles
1474 350 1577 402 layci
1611 350 1814 402 accipiant
1836 358 1966 401 154‘1E

262 428 437 463 preacliing.
500 419 602 458 illud
650 434 757 458 onus
808 419 871 473 (ut
915 419 1014 458 alias
1060 419 1359 471 exemplificavi
1404 420 1454 458 de
1486 419 1727 471 Augustino
1775 429 1814 459 et

498 489 585 527 aliis
619 488 801 541 sanctis).
858 490 978 528 Unde
1010 489 1108 541 quia
1142 488 1338 541 fragilitas
1370 489 1555 528 humana
1588 503 1721 541 prona
1754 499 1814 528 est

497 559 548 596 ad
600 558 925 611 relinquendum
979 558 1159 610 primam
1204 559 1416 597 caritatem
1462 560 1511 597 de
1559 559 1813 610 elemosinis,

498 628 791 680 superbiendo,
838 642 879 666 se
924 628 1059 680 ipsam
1107 627 1230 666 nimis
1274 629 1384 667 laute
1419 629 1630 680 pascendo
1663 637 1701 667 et
1741 637 1847 680 pai-5

497 697 615 736 storis
649 696 840 737 officium
872 697 1163 750 relinquendo,
1188 698 1280 737 ideo
1314 698 1496 750 apostoli
1521 706 1559 736 et
1581 697 1813 737 sancciores

497 767 665 806 ecclesie
699 767 794 806 talia
827 767 1095 819 reliquerunt.
1139 768 1257 807 Unde
1289 767 1446 806 mirum
1478 777 1537 806 est
1575 767 1606 806 si
1641 767 1813 806 collacio

497 837 551 876 rei
585 836 825 889 temporalis
866 837 916 876 sit
950 837 1057 875 clero
1097 837 1380 889 privilegium3
1424 851 1571 890 ymmo
1616 837 1814 889 apostolis

498 907 736 959 petentibus
770 906 883 945 illam
918 920 939 944 a
978 905 1145 945 Christo
1169 906 1395 945 audivisset
1419 920 1668 959 responsum
1692 920 1813 958 supe-

496 977 597 1016 rius:
650 976 831 1015 Nescitis
863 977 976 1028 quod
1009 977 1181 1028 petatis.
1217 977 1369 1014 Nonne
1402 977 1524 1015 docet
1557 976 1871 1028 experiendam

496 1047 610 1098 quod
645 1046 810 1085 dotacio
844 1046 936 1085 talis
978 1046 1126 1085 subicit
1160 1047 1324 1085 dotatos
1358 1047 1571 1085 mundane
1611 1046 1810 1086 sollicitu—

496 1116 594 1167 dini,
641 1116 813 1155 servicio
847 1124 885 1155 et
918 1116 1141 1168 exaccioni7
1176 1126 1214 1155 et
1246 1130 1319 1168 per
1363 1129 1625 1167 consequens
1665 1116 1811 1155 distra-

494 1186 554 1224 hit
587 1187 636 1224 ab
670 1200 811 1225 amore
846 1185 999 1225 Christi
1033 1196 1071 1225 et
1104 1186 1336 1225 ministerio
1370 1183 1637 1224 sacerdotali?

554 1256 787 1303 Quomodo
833 1269 930 1308 ergo
977 1269 1062 1294 non
1108 1255 1212 1295 foret
1265 1255 1531 1308 privilegium
1574 1255 1624 1294 ab
1669 1256 1858 1295 incita-F

496 1335 641 1364 mento
674 1325 917 1364 huiusmodi
951 1325 1125 1376 liberari,
1160 1326 1269 1364 uude
1303 1325 1517 1363 decretum
1550 1325 1690 1364 recitat
1722 1326 1811 1376 ΧῘΠ,
1832 1333 1867 1364 ι5

496 1410 535 1448 q.
570 1397 618 1445 1²¹,
652 1409 699 1433 ex
734 1395 908 1447 epistola
940 1395 1045 1434 beati
1080 1395 1186 1434 Petri
1221 1396 1271 1434 ad
1306 1394 1569 1434 Clementem
1611 1394 1813 1447 scriptum

497 1466 573 1505 sub
598 1465 673 1504 hac
698 1464 851 1504 forma:
882 1466 937 1503 Te
970 1465 1137 1517 quidem
1172 1471 1339 1517 oportet
1377 1464 1815 1516 irreprehensibiliter

497 1536 636 1574 vivere
681 1541 719 1574 et
762 1548 929 1574 summo
972 1535 1111 1574 studio
1159 1535 1247 1585 niti,
1291 1541 1335 1574 zct
1379 1547 1525 1573 omnes
1568 1535 1649 1573 vite
1687 1535 1812 1573 lzzcizts

497 1606 801 1657 occchaciones
825 1605 1002 1652 abicias,
1037 1618 1087 1643 ne
1106 1604 1348 1657 fideiussor
1381 1605 1541 1643 existas
1575 1617 1651 1643 nec
1684 1602 1811 1642 advo-

495 1682 616 1714 catus
655 1675 798 1714 licium
837 1675 943 1728 fias,
997 1687 1099 1714 neve
1149 1676 1190 1714 in
1245 1674 1334 1713 ulla
1388 1674 1475 1713 alia
1528 1674 1811 1725 occupacione
1829 1691 1870 1712 20

489 1758 679 1798 prorsus
724 1746 963 1786 inveniaris
1009 1744 1217 1784 mundani
1249 1745 1417 1797 negocii
1448 1745 1669 1783 occasione
1707 1756 1810 1794 per-

486 1816 661 1867 plexus.
711 1815 863 1868 Neque
912 1816 1022 1856 enim
1068 1815 1248 1854 iudicem
1283 1827 1417 1867 neque
1450 1814 1712 1867 cognitorem
1746 1827 1812 1854 se-

495 1886 708 1924 cularium
746 1886 1024 1939 negociorum
1057 1885 1180 1924 Izoa'ie
1201 1892 1239 1924 te
1262 1886 1350 1924 vult
1372 1884 1581 1923 ordinare
1605 1884 1811 1935 Christus,

495 1969 546 1995 ne
575 1956 830 2010 prefocatus
855 1956 1133 2008 presentibus
1155 1955 1373 1994 hominum
1408 1955 1525 1993 curis
1558 1967 1641 1993 non
1667 1954 1812 2006 possis

497 2026 624 2065 verbo
658 2026 742 2065 Dei
772 2039 943 2066 vacare.
977 2025 1068 2065 Hec
1101 2038 1201 2064 vero
1235 2038 1366 2077 opera
1399 2037 1477 2076 que
1521 2024 1594 2063 tibi
1638 2023 1812 2062 mininie
1828 2030 1867 2061 25

495 2108 738 2148 congruere
783 2096 965 2135 dicimus
1009 2096 1210 2135 exibeant
1253 2095 1334 2134 sibi
1378 2094 1558 2133 invicem
1609 2099 1811 2132 vacantes

497 2166 610 2213 laici,
662 2172 701 2205 et
744 2172 781 2205 te
830 2178 951 2204 nenio
1001 2172 1176 2217 occupet
1224 2164 1276 2202 ab
1324 2164 1401 2202 hiis
1434 2163 1586 2202 studiis
1611 2176 1696 2215 per
1733 2176 1813 2215 que

493 2236 616 2275 salus
661 2236 899 2275 hominihus
945 2235 1089 2275 datur.
1136 2234 1369 2283 Quomodo
1415 2247 1511 2286 ergo
1556 2233 1651 2272 licet
1689 2232 1811 2271 nobis

495 2307 544 2345 ab
589 2306 667 2345 ista
719 2306 861 2358 regula
904 2305 1134 2358 apostolica
1176 2304 1365 2343 recedere
1416 2303 1567 2356 quibus
1618 2301 1810 2341 relictum

546 2440 574 2466 ς).
595 2432 622 2458 Α
645 2431 700 2465 Α];
723 2429 922 2457 audivissent.
1066 2428 1108 2456 16.
1135 2427 1274 2463 Epistola
1294 2427 1384 2455 Petri.
1417 2426 1488 2454 Non
1510 2430 1554 2453 est
1577 2425 1709 2461 epistola
1730 2426 1809 2453 beati

494 2478 584 2513 Petri,
606 2477 660 2504 sed
682 2476 851 2504 Clementis
872 2476 908 2503 ad
929 2475 1090 2502 Jacobum.
1128 2476 1155 2502 A
1178 2474 1207 2501 iu
1230 2482 1346 2509 marga
1367 2474 1447 2501 Nota
1462 2473 1618 2501 decretum
1640 2480 1732 2507 super
1752 2471 1809 2499 hoc

494 2525 576 2560 quod
598 2525 697 2551 clerus
726 2531 787 2550 non
810 2523 901 2550 debet
921 2530 952 2548 se
976 2520 1135 2556 implicare
1156 2520 1283 2547 mundo.
1426 2527 1472 2546 20.
1498 2518 1530 2545 In
1553 2518 1661 2545 codd.:
1686 2526 1723 2545 ne
1744 2518 1807 2552 vcl;

495 2570 613 2598 correxi
634 2578 648 2597 e
670 2569 783 2596 decret.
805 2569 823 2596 l.
845 2576 869 2596 c.
892 2569 918 2597 A
939 2568 968 2596 in
991 2576 1087 2602 marg.
1111 2568 1220 2600 (above
1242 2566 1305 2600 154«l
1316 2566 1444 2593 without
1464 2565 1550 2592 mark
1572 2564 1606 2592 of
1623 2564 1807 2600 referencc):

493 2617 557 2644 Nec
577 2616 682 2643 omnia
698 2615 776 2643 infra
797 2616 898 2650 posita
920 2620 989 2642 sunt
1009 2623 1065 2649 pro
1082 2618 1262 2649 paupertate
1283 2620 1340 2648 que
1362 2616 1406 2639 est
1427 2611 1580 2646 optimum
1602 2611 1806 2646 privilegium.

493 2662 536 2690 23.
558 2664 584 2689 A
606 2663 636 2689 in
658 2671 771 2697 [Παῖς-τ
794 2661 921 2698 Zname,
942 2661 971 2688 id
993 2666 1048 2697 est,
1071 2660 1240 2687 noscimus
1355 2659 1400 2686 28.
1422 2657 1450 2685 A
1470 2657 1499 2684 in
1521 2664 1634 2691 marga:
1658 2657 1700 2683 De
1722 2658 1806 2684 abla-

494 2709 583 2736 cione
604 2709 821 2743 temporalium
845 2713 871 2735 et
895 2707 969 2736 cieri
992 2711 1183 2743 paupertate.

557 2803 605 2835 16.
633 2804 714 2845 Cap.
741 2804 857 2835 XXIX.
885 2804 935 2834 De
961 2802 1175 2834 secularibus
1202 2800 1355 2843 negociis
1382 2798 1565 2842 episcopus
1592 2808 1806 2840 cognoscere

495 2873 562 2893 non
592 2862 704 2893 debet.
