2051 3343
226 217 277 265 54
948 218 1169 252 JOHANNIS
1196 219 1392 251 WYCLIF.
1643 203 1748 261 [ciffi.
1765 208 1818 242 m.

511 327 809 380 defendendis,
835 326 935 377 quia
960 324 1035 363 illa
1060 336 1143 362 non
1174 329 1299 374 rapta
1323 323 1553 362 morientes
1577 323 1827 372 amittimus,
1849 333 1923 366 1350
1947 333 1979 366 F

510 411 605 437 cum
640 396 727 435 illis
769 408 867 435 vero
901 401 940 433 et
973 406 1087 432 nunc
1120 391 1383 431 condicionis
1415 392 1580 443 ordine,
1627 393 1704 432 etsi
1736 405 1826 431 cor-

509 467 597 520 rigi
628 465 840 513 studeant,
859 469 959 516 post
974 463 1307 515 percepcionem
1329 461 1488 514 finalis
1512 463 1675 513 premii
1698 474 1828 501 unum

508 548 671 576 sumus.
732 534 834 582 Quis
878 539 1017 572 autem
1059 532 1235 581 nesciat,
1271 532 1371 583 quia
1405 530 1546 569 minus
1584 543 1634 570 ea
1676 531 1828 583 quibus

245 616 307 643 mat
328 624 373 642 we
394 619 476 653 must
512 606 674 644 utimur
706 610 745 643 et
769 604 873 655 plus
901 601 1100 641 debemus
1129 613 1277 640 amare
1303 599 1416 652 quod
1436 600 1619 639 sumus?
1652 599 1695 638 Si
1722 610 1863 654 ergo5

223 650 591 727 {ierfnssiliiiissietiiipro
623 684 701 713 sua
734 673 911 711 utilitate
943 669 1189 722 raptoribus
1222 670 1452 722 loquimur,
1486 670 1570 708 iam
1603 681 1687 708 non
1712 669 1832 709 nobis

247 720 475 787 ΟῙἯΞΕᾚΟᾞ
513 757 592 796 que
626 741 899 794 temporalia,
933 740 1009 779 sed
1041 740 1175 778 eciam
1203 738 1290 777 illis
1315 751 1393 790 que
1426 744 1526 776 sunt
1558 744 1707 778 eterna
1741 740 1830 779 vin-

511 813 718 852 dicamus.
773 811 867 859 Qua
900 811 942 849 in
977 823 1022 849 re
1057 808 1163 848 illud
1208 815 1268 847 est
1310 808 1520 847 solercius
1560 808 1830 858 intuendum,

513 896 564 921 ne
590 895 673 935 per
705 881 971 920 necessitatis
1006 884 1162 918 metum
1197 877 1408 929 cupiditas
1447 884 1652 929 surrepat
1682 891 1828 918 rerum

513 958 550 991 et
601 951 690 1004 {elo
734 961 941 989 succensa
988 947 1247 1000 proliibicio,
1295 947 1453 998 impetu
1499 947 1890 989 immoderancie10

513 1021 720 1069 distensa,
763 1032 894 1071 usque
936 1018 992 1057 ad
1025 1017 1166 1057 odiose
1201 1016 1511 1068 turpitudinem
1545 1018 1831 1057 contencionis

514 1096 725 1142 erumpat.
763 1089 964 1141 Dumque
989 1100 1074 1140 pro
1102 1093 1279 1126 terrena
1312 1099 1359 1125 re
1385 1099 1482 1138 pax
1515 1099 1539 1125 a
1572 1086 1699 1127 corde
1733 1100 1830 1126 cum

505 1160 713 1212 proximo
757 1158 984 1206 scinditur,
1034 1156 1193 1209 liquido
1240 1161 1422 1208 apparet
1469 1156 1583 1208 quod
1620 1156 1725 1208 plus
1764 1169 1832 1196 res

513 1242 639 1281 quam
681 1229 909 1280 proximus
948 1233 1134 1266 amatur.
1183 1226 1225 1264 Si
1267 1226 1375 1264 enim
1417 1227 1613 1265 caritatis
1664 1227 1831 1266 viscera

244 1309 488 1371 Stililffteigxlvlilffsefflxvvees
515 1300 647 1337 eciam
665 1300 781 1338 circa
806 1304 1022 1349 raptorem
1042 1297 1294 1348 proximum
1322 1308 1403 1334 non
1428 1295 1645 1342 hahemus,
1672 1303 1833 1335 nosmet
1854 1306 1889 1338 15

227 1387 313 1407 more
335 1379 405 1405 than
426 1368 629 1420 11im.ipsos
674 1368 803 1419 peius
850 1368 941 1418 ipso
989 1372 1164 1417 raptore
1208 1365 1512 1417 persequimur
1563 1365 1832 1418 graviusque

516 1450 592 1477 nos
624 1450 752 1490 quam
787 1436 897 1476 alter
922 1441 1097 1488 poterat
1120 1435 1409 1485 devastamus,
1450 1435 1548 1486 quia
1583 1434 1832 1474 dileccionis

515 1507 669 1546 bonum
701 1512 851 1558 sponte
884 1506 1126 1545 deserentes
1159 1517 1184 1543 a
1218 1504 1338 1543 nohis
1371 1504 1475 1556 ipsis
1498 1505 1612 1543 intus
1636 1511 1697 1543 est
1720 1504 1834 1556 quod

516 1577 759 1622 amittimus,
779 1576 851 1627 qui
873 1575 925 1613 ab
948 1574 1020 1613 illo
1043 1574 1136 1614 sola
1159 1575 1379 1613 exteriora
1395 1573 1728 1626 perdessbamus.
1750 1572 1833 1613 Sed
1853 1582 1931 1617 135<¹

515 1647 626 1685 lianc
649 1644 860 1697 ypocrita
887 1643 1088 1696 formam
1128 1643 1322 1682 caritatis
1360 1643 1546 1695 ignorat,
1596 1643 1697 1695 quia
1728 1642 1833 1694 plus
1850 1665 1892 1687 20

517 1721 690 1754 terrena
713 1727 840 1766 quam
868 1713 1039 1753 celestia
1067 1712 1254 1765 diligens
1277 1719 1428 1751 contra
1457 1724 1552 1751 eum
1579 1713 1650 1764 qui
1672 1718 1831 1764 tempo-

518 1785 630 1824 ralia
665 1784 814 1835 diripit
845 1796 937 1822 sese
963 1784 1003 1822 in
1044 1783 1201 1821 intimis
1235 1783 1415 1821 immani
1447 1781 1545 1820 odio
1580 1781 1832 1832 inflammat.

577 1853 803 1893 Sciendum
844 1865 942 1891 uero
982 1858 1043 1890 est
1080 1851 1193 1903 quod
1223 1857 1322 1890 sunt
1355 1851 1553 1890 nonnulli
1583 1864 1688 1903 quos
1721 1853 1833 1892 cari-

515 1924 616 1963 tatis
637 1923 806 1976 gremio
831 1922 1024 1961 nutriens
1048 1927 1187 1959 mater
1209 1921 1387 1960 ecclesia
1410 1920 1581 1971 tolerat,
1615 1933 1833 1973 quousque
1849 1932 1885 1965 G

517 1993 574 2032 ad
610 1993 849 2044 spiritualis
893 1993 1017 2030 etatis
1051 1993 1317 2030 incrementa
1348 1990 1581 2042 perducat,
1627 1991 1699 2042 qui
1732 2002 1890 2034 non-25

518 2076 736 2115 nunquam
771 2069 810 2101 et
840 2062 1078 2101 sanctitatis
1101 2061 1288 2100 habitum
1325 2066 1465 2100 tenent
1488 2067 1526 2099 et
1540 2059 1836 2113 perfeccionis

519 2134 717 2172 meritum
752 2132 906 2184 exequi
938 2144 1019 2170 non
1055 2131 1208 2169 valent.
1243 2130 1310 2169 Ad
1342 2130 1454 2168 dona
1490 2143 1673 2182 namque
1707 2131 1834 2182 spiri-

519 2203 653 2241 tualia
688 2202 861 2241 minime
895 2207 1136 2253 assurgunt
1167 2206 1206 2239 et
1229 2200 1391 2239 idcirco
1426 2200 1505 2239 lzz‘is
1536 2200 1607 2252 qui
1633 2199 1710 2239 sibi
1736 2213 1833 2238 con-

520 2273 653 2311 iuncti
694 2278 790 2310 sunt
831 2270 887 2309 ad
918 2270 1076 2309 tuenda
1110 2283 1158 2308 ea
1194 2282 1273 2321 que
1306 2276 1480 2308 terrena
1513 2276 1611 2308 sunt
1641 2270 1835 2308 serviunt

520 2349 557 2381 et
582 2354 889 2392 nonnunquam
908 2341 947 2379 in
973 2340 1236 2393 defensionis
1260 2339 1446 2378 eiusdem
1468 2339 1695 2378 iracundia
1715 2352 1833 2378 exce·
1853 2349 1893 2381 30

521 2410 636 2449 dunt.
670 2411 723 2449 Et
756 2410 858 2449 istos
891 2409 1064 2449 nomine
1096 2408 1314 2460 religiosos
1349 2408 1527 2447 declarat
1558 2408 1633 2447 iste
1667 2418 1834 2448 sanctus

521 2494 628 2532 papa
672 2479 825 2519 involvi
861 2479 1014 2531 duplici
1048 2478 1224 2529 malicia,
1264 2478 1402 2530 primo
1441 2477 1539 2530 quia
1576 2478 1734 2517 nedum
1771 2478 1832 2516 in-

521 2549 716 2589 firmitate
755 2550 825 2587 sed
858 2548 1032 2587 sciencia
1072 2556 1214 2587 contra
1248 2547 1553 2586 conscienciam
1588 2561 1707 2586 suam
1738 2560 1876 2599 pec-a

524 2627 628 2670 cant,
662 2619 846 2658 secundo
877 2617 975 2670 quia
997 2617 1195 2670 fingendo
1219 2616 1481 2656 sanctitatem
1506 2616 1548 2654 in
1571 2616 1833 2656 defendendo

582 2760 623 2780 10.
640 2752 757 2780 Codd.:
774 2761 829 2788 pro
846 2753 964 2787 habit03
985 2752 1055 2780 vide
1077 2753 1206 2787 Gregor.
1220 2752 1271 2779 ubi
1294 2760 1386 2787 supra
1407 2759 1569 2787 pag.1oo7.
1590 2752 1666 2779 AB:
1688 2752 1717 2779 in
1739 2751 1833 2780 inani.

525 2807 557 2826 ιι.
581 2799 697 2826 Codd.:
720 2799 918 2834 turpitudinis
940 2799 1187 2826 contencionem.
1239 2806 1281 2825 22.
1303 2800 1346 2825 A:
1370 2797 1570 2825 inflammant.
1609 2805 1652 2833 27.
1669 2798 1701 2824 ln
1723 2798 1831 2826 codd.:

526 2847 614 2872 bona.
690 2846 730 2873 32.
754 2846 778 2871 Α
794 2845 813 2870 13
835 2846 861 2871 in
882 2853 994 2878 marga
1018 2845 1200 2879 Conclusim
1225 2844 1261 2872 B:
1284 2844 1384 2879 primo
1406 2844 1529 2871 nedum.
