2051 3273
193 207 276 247 490
927 206 1154 239 JOHANle
1179 207 1376 242 WYCLIF.
1603 193 1709 252 [CAP.
1734 205 1800 234 xx.

482 311 596 350 enim
636 312 752 364 quod
790 321 900 351 caste
939 311 1116 351 filialiter
1157 312 1326 352 timetur
1370 325 1565 365 sponsus,
1603 321 1953 367 operatur196²Q

482 380 633 420 mulier
673 381 858 434 predicta
901 391 1042 421 totum
1086 383 1250 421 bonum
1301 391 1515 422 narratum
1567 383 1801 422 secundum

482 451 643 490 dictum
672 452 863 491 ordinem
894 466 1052 505 sponso
1082 466 1173 503 suo,
1207 461 1247 492 et
1279 462 1439 492 certum
1471 461 1531 492 est
1563 453 1678 506 quod
1710 452 1802 491 talis

482 521 593 560 bona
625 521 820 574 operacio
853 535 939 561 non
970 531 1110 574 potest
1140 521 1318 562 finaliter
1349 536 1372 561 a
1402 522 1525 562 laude
1558 521 1743 562 deficere.

540 591 662 630 Unde
708 591 806 644 quia
850 592 976 631 talem
1023 591 1151 631 vitam
1201 592 1458 631 laboriosam
1512 591 1836 645 imperfectamf,

256 665 353 693 νει-ες
374 666 412 693 31.
483 669 652 713 oportet
688 660 840 700 habere
884 660 1064 700 finaliter
1096 662 1476 715 complementum,
1523 661 1618 700 ideo
1651 670 1845 714 quarto4

203 700 448 764 iiiiselssil'a‘llnbssn
483 739 522 769 et
559 730 710 769 ultimo
749 731 806 770 sic
853 731 1045 770 infertur:
1091 732 1203 771 Date
1240 732 1278 771 ei
1315 732 1364 772 de
1398 732 1558 785 fructu
1596 744 1803 771 manuum

194 772 460 836 ressitui‘ixuliiedavbelii.
482 813 663 839 suarum
676 811 689 839 .·
719 807 758 839 et
791 800 965 840 laudent
1008 814 1100 840 eam
1141 801 1182 840 in
1212 802 1353 854 portis
1385 814 1517 854 opera
1550 814 1643 841 sua.
1694 800 1806 849 Quia

484 883 704 923 nunquam
727 870 769 908 in
793 884 915 910 cursu
938 870 1001 910 vie
1030 871 1073 910 in
1094 885 1178 924 qua
1201 871 1389 924 oportuit
1420 880 1596 910 matrem
1618 879 1805 910 nostram

484 940 534 978 de
566 949 690 979 nocte
723 954 986 993 consurgere,
1026 955 1217 994 pannum
1249 950 1397 993 texere,
1437 950 1604 994 egentes
1636 954 1803 993 pascere
1824 962 1863 984 10

484 1019 523 1048 et
558 1018 692 1048 cetera
725 1023 853 1062 opera
884 1011 1164 1050 misericordie
1198 1012 1433 1051 secundum
1464 1010 1594 1050 vitam
1626 1010 1805 1050 activam

485 1079 697 1132 perficere,
732 1093 818 1118 non
851 1090 991 1133 potest
1024 1095 1110 1120 esse
1143 1081 1234 1120 talis
1267 1080 1500 1120 successiva
1533 1080 1803 1120 continuacio

483 1149 524 1187 in
570 1160 775 1197 eternum,
829 1150 923 1189 ideo
975 1150 1151 1203 precipit
1200 1164 1381 1203 sponsus
1431 1165 1508 1204 pro
1554 1150 1620 1190 die
1670 1150 1805 1190 finalis

483 1219 623 1258 iudicii
646 1228 692 1258 ut
713 1218 786 1258 filii
810 1220 979 1259 ecclesie
1008 1221 1218 1273 reciproce
1240 1221 1339 1259 dent
1362 1220 1437 1259 sibi
1461 1220 1503 1259 in
1519 1218 1698 1274 quietess
1713 1234 1802 1273 per·
1825 1229 1904 1275 196¹³

484 1299 611 1341 petua
634 1290 683 1328 de
707 1289 845 1329 fructu
869 1301 1072 1343 operum3
1106 1291 1221 1343 quod
1245 1300 1305 1330 est
1330 1291 1543 1343 premium
1566 1289 1807 1329 beatificum
1825 1301 1862 1334 15

485 1359 746 1398 meritorum.
780 1360 891 1398 Nam
925 1360 1037 1399 Luce
1069 1360 1160 1411 V10‚
1205 1360 1253 1398 38
1289 1360 1499 1400 scribitur:
1548 1361 1804 1400 Mensarum

483 1430 635 1468 bonam
670 1436 708 1468 et
729 1429 964 1482 confectam
995 1436 1033 1469 et
1062 1430 1321 1483 coagitatam
1357 1437 1396 1469 et
1427 1430 1804 1483 supereffluentem

483 1500 645 1538 dabunt
676 1500 717 1539 in
751 1500 892 1539 sinum
925 1507 1127 1539 vestrum.
1177 1500 1292 1539 Beati
1339 1500 1451 1539 enim
1491 1501 1592 1539 dant
1624 1499 1802 1539 beatitu-
1822 1512 1838 1542 1

484 1570 626 1608 dinem
650 1569 916 1609 essencialem
953 1569 994 1607 in
1017 1569 1082 1608 via
1106 1569 1313 1609 iniciative
1347 1584 1394 1608 ex
1417 1570 1457 1608 vi
1484 1569 1803 1609 communionis

483 1639 694 1692 reciproce
709 1640 1008 1692 promerendo,
1020 1648 1058 1679 et
1070 1640 1168 1678 dant
1184 1639 1484 1679 beatitudinem
1503 1639 1804 1679 accidentalem
1821 1661 1862 1682 20

485 1710 524 1747 in
558 1709 691 1762 patria
736 1708 942 1748 obiective
987 1710 1036 1748 de
1083 1723 1158 1749 sua
1190 1709 1324 1762 gloria
1362 1709 1575 1762 reciproce
1620 1723 1804 1763 congau-

483 1780 634 1830 dendo⁷
688 1788 727 1818 et
778 1779 835 1817 sic
887 1778 1064 1818 finaliter
1113 1780 1203 1818 laus
1250 1779 1325 1819 erit
1376 1779 1603 1832 unicuique
1646 1793 1668 1818 a
1711 1780 1803 1820 Deo

484 1849 720 1888 secundum
746 1862 973 1888 numerum
994 1849 1265 1901 meritorum3
1288 1849 1670 1902 proporcionaliter
1691 1850 1843 1893 eni1112

485 1928 528 1958 ut
561 1918 868 1971 predestinatus
894 1932 942 1957 ex
965 1918 1116 1957 maiori
1143 1919 1281 1972 gracia
1312 1919 1407 1971 plus
1429 1918 1597 1971 proficit
1619 1919 1803 1971 ecclesie,

482 1989 651 2028 habebit
676 1989 717 2027 in
741 1988 874 2042 portis
898 1990 1057 2028 nedum
1085 1989 1127 2027 in
1158 1990 1223 2028 die
1252 1988 1395 2029 iudicii
1428 1989 1499 2028 sed
1523 1989 1603 2028 toti
1637 1991 1802 2029 mundo
1821 2001 1859 2033 25

484 2068 690 2112 perpetuo
724 2059 872 2111 patulo
895 2059 1076 2112 gloriam
1098 2059 1365 2112 ampliorem.
1401 2058 1517 2098 Sicut
1540 2058 1652 2098 enim
1676 2073 1804 2112 opera

483 2130 817 2181 dampnatorum
849 2139 969 2169 erunt
1002 2130 1043 2167 in
1076 2129 1141 2167 die
1174 2128 1315 2168 iudicii
1350 2138 1388 2167 et
1420 2138 1519 2181 post
1551 2128 1700 2181 patulo
1724 2129 1803 2169 toti

483 2199 647 2237 mundo
671 2200 722 2237 ad
746 2199 807 2239 sui
833 2198 1142 2250 confusionem,
1177 2200 1233 2238 sic
1268 2212 1395 2251 opera
1428 2199 1651 2238 beatorum
1684 2209 1805 2239 erunt

483 2277 688 2320 perpetuo
721 2269 884 2307 mundo
925 2268 1117 2321 patencia
1149 2269 1201 2307 ad
1233 2268 1297 2307 sui
1336 2267 1705 2320 glorificacionem.
1752 2270 1804 2309 Et

482 2347 595 2390 patet
615 2338 658 2376 in
680 2347 795 2390 parte
819 2338 1029 2377 sentencia
1050 2338 1175 2377 huius
1192 2337 1355 2377 Cantici
1379 2338 1633 2378 continentis
1656 2339 1803 2391 viginti
1821 2349 1862 2381 30

483 2409 585 2447 duas
645 2408 964 2460 proposiciones
1018 2409 1253 2447 secundum
1310 2422 1539 2447 numerum
1590 2408 1804 2448 literarum

483 2478 693 2530 alphabeti
717 2477 879 2529 ebraici,
914 2477 1032 2517 cuius
1065 2477 1226 2530 primus
1250 2477 1433 2516 binarius
1456 2477 1521 2517 hic
1555 2477 1596 2516 in
1621 2487 1804 2532 quatuor

483 2557 543 2586 est
576 2547 745 2588 divisus,
798 2547 907 2586 Inter
938 2547 1016 2586 alia
1048 2547 1365 2586 interlocutoria
1404 2547 1559 2599 aspersi
1582 2548 1717 2600 ¹quod
1760 2547 1802 2585 in

482 2617 686 2669 preceptis
720 2617 874 2656 neutris
908 2617 1127 2656 christiane
1160 2616 1255 2656 fidei
1287 2617 1468 2669 legimus
1500 2617 1590 2655 tale.

534 2747 560 2766 2.
581 2740 766 2766 secundum.
789 2740 822 2766 In
839 2739 929 2766 codd.
946 2748 1085 2767 sensum.
1231 2741 1271 2768 16.
1294 2741 1315 2767 B
1332 2741 1362 2768 in
1384 2748 1501 2774 marga
1523 2741 1603 2768 Nota
1618 2740 1700 2775 quod
1723 2740 1802 2768 beati

483 2786 524 2817 (in
546 2786 632 2812 cod:
657 2786 743 2817 bene)
765 2786 838 2812 dant
859 2786 1015 2820 duplicem
1033 2785 1265 2813 beatitudinem.
1388 2786 1428 2813 23.
1451 2785 1571 2813 Codd.:
1594 2786 1799 2813 meritorium.

482 2832 522 2859 33.
545 2833 571 2859 A
586 2833 642 2866 A1:
665 2833 745 2859 Inter
765 2832 823 2859 alia
840 2848 867 2851 ω
892 2832 1022 2866 legimus
1043 2833 1102 2860 tale
1123 2833 1217 2860 deest.
1361 2833 1406 2866 34.
1428 2832 1468 2859 B:
1490 2833 1599 2867 legius.
