2051 3343
172 216 225 269 46
878 223 1099 256 JOHANNIS
1126 222 1325 255 WYCLIF.
1617 207 1770 265 [eman.

171 329 720 409 [lxlfflcissesstriaiggtdiligendum
774 327 998 367 dominum
1038 328 1182 366 Jesum
1230 326 1458 366 Christum.
1513 326 1565 364 Et
1615 325 1926 378 videtur134bQ,

171 399 602 471 xxcygn&ebes-gigig?multis
656 398 772 451 quod
823 396 924 436 fides
969 396 1142 435 confusa
1189 396 1238 434 de
1293 395 1486 434 oracione
1534 404 1775 434 sanctorum

172 480 243 506 man
274 478 443 506 individua!
460 468 637 519 unicius,
657 476 696 506 et
717 479 790 519 per
812 479 1087 518 consequens,
1111 464 1330 515 intencius‚
1358 463 1541 504 securius
1564 474 1603 503 et
1626 464 1775 503 melius

217 515 404 575 nossgggqsfo
461 538 671 590 colligeret
717 535 760 574 in
805 535 1049 575 christicolis
1102 534 1231 573 fidem
1287 533 1440 573 Christi
1492 548 1620 587 quam
1662 543 1873 586 tanta134e

461 607 652 660 explicita
680 606 703 629 ἦε
732 604 1018 657 multiplicitas
1057 612 1299 643 sanctorum
1330 603 1373 642 in
1405 603 1490 642 dies
1525 603 1809 645 introductas

463 676 529 715 Sic
582 676 693 715 enim
744 674 918 714 confuse
970 673 1266 726 cognoscimus
1315 673 1364 712 de
1417 673 1605 726 quolibet
1655 673 1777 712 beato

460 746 523 784 vel
568 746 813 798 dampnato,
864 743 1042 797 prescito
1086 744 1151 782 vel
1201 742 1482 796 predestinato
1530 743 1645 796 quod
1690 743 1778 796 ipse

461 824 520 854 est
553 813 812 866 huiusmodi,
848 827 945 853 cum
981 826 1064 866 qua
1096 812 1272 852 confusa
1304 812 1458 851 noticia
1490 820 1569 852 stat
1591 812 1779 852 dubietas

460 883 730 937 particularis,
784 892 823 923 et
874 882 1114 936 ignorancia
1162 896 1258 922 cum
1297 881 1492 921 distincta
1536 882 1689 922 noticia
1728 883 1778 921 de

461 954 700 994 communi:
734 968 781 993 ex
813 953 882 993 tali
908 953 1049 1007 itaque
1079 953 1402 993 canonizacione
1430 951 1650 1005 multiplici
1673 952 1780 992 ultra
1799 972 1838 993 10

461 1024 589 1063 ritum
620 1023 768 1063 veteris
821 1023 1058 1063 testamenti
1092 1032 1130 1063 et
1175 1032 1315 1063 nostre
1359 1022 1568 1076 primitive
1612 1021 1780 1061 ecclesie

461 1094 696 1133 secundum
728 1102 890 1146 partem
922 1094 1091 1145 prodest
1123 1101 1162 1132 et
1188 1093 1429 1132 *secundum
1451 1101 1613 1145 partem
1640 1092 1781 1143 obest3

462 1172 501 1203 et
531 1163 754 1202 verisimile
787 1171 848 1202 est
878 1163 1022 1202 multis
1055 1163 1172 1216 quod
1211 1163 1305 1215 plus
1338 1171 1475 1213 nocet,
1509 1175 1607 1201 cum
1638 1161 1781 1201 multi-

462 1233 566 1272 tudo
610 1233 712 1272 ritus
755 1232 906 1272 tollens
950 1232 1185 1272 libertatem
1217 1232 1385 1271 ecclesie
1424 1240 1485 1272 est
1516 1245 1640 1271 causa
1671 1231 1780 1270 mul-

462 1311 604 1341 torum
647 1315 848 1342 errorum.
905 1303 958 1342 Et
1001 1302 1140 1341 omnis
1184 1301 1275 1341 talis
1318 1310 1484 1341 sanctus
1529 1309 1663 1340 oraret
1706 1305 1838 1353 pro15

463 1371 585 1411 nobis
630 1371 852 1423 efficacius,
901 1371 1124 1424 supposito
1170 1372 1285 1424 quod
1332 1371 1505 1410 dimisso
1551 1370 1665 1410 cultu
1704 1383 1782 1409 suo

464 1442 729 1494 diligeremus
762 1441 944 1494 amplius
976 1442 1118 1481 Jesurn
1150 1450 1358 1481 nostrum.
1392 1440 1515 1480 Multi
1547 1439 1659 1479 enim
1687 1448 1784 1478 sunt

464 1511 593 1551 sancti
632 1511 753 1550 nobis
792 1510 996 1564 incogniti
1049 1510 1303 1550 canonizatis
1337 1510 1546 1550 beaciores
1585 1509 1657 1563 qui
1688 1509 1783 1561 plus

464 1589 643 1633 prosunt
674 1580 796 1620 nobis
829 1580 988 1620 orando
1023 1593 1151 1633 quam
1174 1579 1271 1619 dicti
1303 1578 1433 1619 sancti
1463 1592 1649 1632 quorum
1681 1578 1783 1618 festa

468 1651 700 1690 devocione
721 1649 959 1702 particulari
983 1650 1253 1702 percolimUS‚
1278 1663 1375 1689 cum
1391 1649 1625 1689 secundum
1649 1648 1783 1701 digni·
1800 1666 1842 1688 20

464 1729 594 1761 tatem
626 1719 907 1760 elemosinarii
950 1719 1083 1772 prosit
1126 1719 1265 1759 oracio
1310 1728 1554 1759 sanctorum
1586 1717 1658 1772 qui
1690 1718 1784 1770 plus

465 1790 643 1843 diligunt
675 1804 746 1829 eos
779 1789 851 1843 qui
883 1789 1017 1842 magis
1050 1789 1229 1843 diligunt
1263 1789 1402 1828 Deum
1434 1802 1573 1828 suum.
1798 1795 1837 1828 R

175 1869 309 1896 Prelates
337 1867 450 1903 punish
524 1861 603 1900 Est
635 1869 674 1899 et
705 1860 818 1899 aliud
850 1860 1012 1900 malum
1045 1860 1227 1911 ecclesie,
1261 1860 1377 1913 quod
1399 1858 1633 1912 superiores
1655 1856 1786 1897 nostri

176 1904 560 1982 brpezrkfeinsegffiigirplus
611 1929 781 1982 exigunt
834 1938 880 1969 ut
927 1930 1118 1969 credatur
1176 1929 1260 1968 suis
1312 1927 1695 1981 approbacionibus
1748 1934 1787 1966 et

205 1972 427 2035 lazhiilsipsff
466 1999 836 2053 reprobacionibus
869 1999 911 2038 in
943 1999 1102 2038 cunctis
1133 1999 1216 2038 suis
1246 1998 1422 2050 iudiciiS,
1456 2011 1584 2051 quam
1614 1996 1786 2048 exigunt
1804 2003 1843 2036 25

465 2078 511 2109 ut
544 2070 733 2108 credatur
754 2068 855 2107 fides
880 2082 992 2107 sacre
1015 2068 1217 2120 scripture
1247 2081 1329 2121 que
1359 2076 1418 2107 est
1439 2066 1542 2106 fides
1566 2065 1782 2116 catholica,

466 2148 505 2179 et
536 2139 631 2191 plus
653 2146 963 2191 persequuntur
986 2152 1061 2191 pro
1085 2137 1376 2190 complecione
1399 2150 1571 2176 suarum
1592 2134 1785 2175 tradicio-

466 2222 584 2259 num,
617 2207 834 2260 puniendo
869 2207 1224 2247 contravenientes
1247 2206 1446 2259 asperius,
1477 2219 1607 2259 quam
1630 2204 1787 2244 faciunt

469 2286 613 2317 contra
645 2276 983 2329 blasphemantes
1016 2276 1056 2315 in
1090 2276 1336 2329 precipuam
1368 2275 1496 2315 fidem
1530 2274 1697 2325 Christi,
1731 2273 1787 2312 sic

468 2347 584 2400 quod
627 2347 676 2384 de
722 2345 777 2384 eis
822 2345 901 2385 dici
946 2354 1085 2398 potest
1128 2346 1232 2384 illud
1274 2345 1428 2384 Psalmi
1460 2342 1560 2395 ΧΠ,
1602 2354 1666 2384 10:
1707 2343 1789 2392 Qui
1805 2349 1846 2381 30

468 2416 617 2456 edebat
640 2428 781 2468 panes
815 2428 932 2454 meos
965 2415 1258 2469 magnificavit
1287 2428 1419 2467 super
1441 2428 1505 2454 me
1536 2414 1787 2467 supplanta-

467 2487 642 2525 cionem.
667 2485 961 2537 Voluptuosus
990 2485 1146 2538 quippe
1178 2484 1389 2537 presidens
1422 2485 1499 2523 sub
1527 2483 1653 2537 pallio
1676 2483 1788 2535 pacis

469 2555 637 2594 ecclesie
690 2554 825 2607 querit
878 2555 987 2593 bona
1037 2568 1274 2607 pauperum
1327 2567 1407 2607 que
1459 2562 1556 2593 sunt
1607 2561 1786 2592 autono-

528 2674 552 2693 2.
574 2667 596 2693 B
619 2667 648 2694 in
669 2675 773 2701 marg:
804 2666 848 2694 De
869 2667 1016 2694 oracione
1043 2672 1233 2694 sanctorum.
1389 2667 1430 2694 23.
1454 2665 1474 2692 B
1496 2666 1525 2693 in
1547 2673 1650 2699 marg:
1678 2664 1787 2692 prelati

469 2714 594 2748 exigunt
628 2713 709 2749 quod
744 2713 807 2740 suis
844 2713 1011 2740 sentenciis
1047 2713 1228 2740 adhibeatur
1264 2714 1339 2740 fides
1375 2720 1506 2748 quarum
1541 2716 1788 2746 transgressores

471 2760 673 2786 vehementer
694 2760 833 2794 puniunt.
926 2760 972 2789 28.
993 2760 1031 2786 B:
1055 2760 1231 2794 puniente&
1316 2758 1354 2786 31.
1377 2759 1397 2785 Β
1419 2758 1448 2786 in
1471 2765 1574 2792 marg:
1597 2758 1658 2792 Qui
1680 2758 1790 2785 edebat

470 2814 565 2840 panes
588 2814 672 2833 meos
695 2806 903 2841 magnificavit
924 2815 1017 2842 snper
1038 2815 1099 2837 mc,
1185 2806 1226 2834 32.
1249 2806 1287 2833 13:
1310 2805 1524 2841 Voluptuosus
1546 2820 1575 2824 —-
1598 2803 1710 2831 Christi
1732 2808 1790 2831 etc.

469 2853 589 2880 desunt,
