2051 3273
224 1802 235 1829 I
255 1811 309 1838 say
329 1803 393 1829 that

173 1845 354 1872 possession
382 1846 445 1863 was

195 1880 281 1899 more
303 1872 421 1899 needed

172 1907 200 1933 in
218 1909 268 1933 the
290 1907 445 1941 primitive

202 1941 325 1969 Cliurcli
346 1942 417 1968 than

270 1985 350 2003 now.

193 2441 300 2481 Simon
323 2442 431 2476 Magus

175 2486 240 2504 was
261 2485 351 2504 wiser
377 2479 446 2504 than

184 2513 269 2539 these
289 2512 439 2547 teachers,

895 225 1119 257 JOHANle
1146 225 1340 257 WYCLIF.
1563 211 1668 270 [CAP.
1692 223 1771 251 xix.

460 331 510 368 de
543 330 808 381 possessione
841 343 915 369 sua
937 329 1077 382 egenis
1105 329 1282 368 tribuere
1315 339 1354 369 et
1376 330 1432 369 sic
1454 344 1588 383 usque
1610 331 1662 369 ad
1684 343 1771 368 non
1792 338 1868 384 [φῦ
1886 341 1924 373 R

457 399 648 451 gradum,
683 408 722 438 et
745 398 800 438 sic
823 399 1111 438 renunciando
1142 399 1303 438 cunctis
1326 412 1408 451 que
1438 399 1624 451 possidet
1654 400 1772 452 sequi

458 468 675 507 Christum
696 468 738 506 in
762 468 999 521 evangelica
1027 478 1284 521 paupertate.
1319 469 1527 519 Secundo,
1562 468 1662 521 quia
1683 477 1770 508 tam
1786 481 1811 514 2

457 538 686 577 necessaria
714 547 774 577 est
798 538 908 578 clero
934 539 1064 578 modo
1088 538 1389 591 temporalium
1412 538 1634 591 possessio,
1669 538 1775 578 sicut

457 606 536 646 fuit
579 607 657 646 alia
702 617 887 660 potestas
932 621 1127 647 concessa
1177 622 1199 646 a
1238 607 1406 647 Christo
1446 608 1497 646 ad
1536 606 1807 651 faciendum5

457 677 670 729 miracula,
727 678 796 716 sed
851 687 1002 717 notum
1041 686 1101 716 est
1138 678 1254 730 quod
1293 686 1462 730 propter
1500 677 1634 716 nullas
1686 691 1771 716 cor—

459 748 619 799 porales
653 747 902 787 elemosinas
936 748 1005 786 dat
1037 748 1148 786 Deus
1189 747 1363 786 meliora
1396 746 1614 785 carismata
1645 760 1770 799 quam

459 816 537 856 fuit
580 825 764 869 potestas
810 817 986 856 faciendi
1036 816 1257 867 miracula3
1308 830 1406 868 ergo
1458 824 1629 868 propter
1672 816 1774 854 tales

461 886 711 925 elemosinas
745 901 830 926 non
865 886 1034 938 recipiet
1067 886 1318 925 distribuens
1348 885 1567 924 carismata
1589 885 1772 937 pociora.

461 956 618 994 Ymmo
680 969 777 994 cum
841 956 1096 995 necessarior
1164 956 1213 994 sit
1282 956 1412 994 modo
1474 954 1770 1008 temporalium
1794 976 1832 997 10

459 1025 670 1078 possessio
704 1039 833 1078 quam
866 1034 1049 1078 potestas
1075 1025 1248 1064 faciendi
1273 1025 1485 1075 miracula,
1521 1035 1560 1064 et
1592 1024 1776 1078 quelibet

459 1095 585 1147 partis
604 1095 880 1147 possessionis
904 1095 1077 1148 particio
1102 1097 1289 1148 perderet
1312 1095 1426 1134 illam
1450 1095 1775 1148 possessionem,

460 1178 557 1202 cum
595 1165 647 1203 sit
689 1179 751 1203 res
796 1165 1038 1214 inanimata,
1092 1165 1255 1204 videtur
1305 1165 1420 1218 sequi
1473 1179 1519 1204 ex
1570 1164 1775 1217 principio

461 1236 576 1286 quod
622 1234 781 1274 fatuum
825 1234 930 1273 foret
969 1236 1077 1274 clero
1117 1235 1429 1286 possessionato
1465 1234 1772 1287 possessionem

461 1318 581 1343 suam
615 1305 799 1356 perdere.
835 1306 920 1343 Nec
953 1305 1060 1343 valet
1093 1304 1227 1357 egenti
1255 1305 1429 1358 allegare
1463 1304 1832 1357 possessionat015

462 1375 574 1426 quod
616 1375 666 1412 de
704 1373 918 1426 superfluo
956 1374 1021 1412 vel
1060 1374 1340 1426 principaliter
1384 1374 1615 1414 necessario
1657 1375 1777 1413 debet

461 1443 639 1482 tribuere
662 1443 699 1494 ³³³7
724 1444 821 1496 quia
867 1442 931 1498 (ut
980 1444 1166 1496 seqnitur
1218 1457 1264 1482 ex
1316 1444 1522 1496 principio
1567 1444 1773 1497 sapiencie
1799 1456 1873 1496 192⁰

460 1511 698 1567 dyabolice)
731 1513 855 1552 nichil
880 1522 941 1552 est
973 1513 1121 1552 clerico
1155 1514 1466 1565 possessionato
1500 1514 1776 1566 superfluum,

460 1583 532 1620 sed
564 1583 614 1621 de
647 1592 807 1635 quanto
841 1583 935 1634 plus
968 1583 1168 1634 possidet,
1208 1584 1257 1622 de
1291 1592 1407 1622 tanto
1441 1585 1556 1637 quod
1590 1584 1775 1635 possidet

461 1661 520 1690 est
571 1652 645 1690 sibi
701 1652 832 1705 magis
894 1653 1186 1702 necessarium,
1249 1653 1347 1706 quia
1405 1654 1590 1706 complet
1647 1667 1775 1692 unam
1794 1673 1834 1694 20

460 1721 771 1773 possessionem
809 1736 1007 1774 magnam
1039 1723 1361 1762 necessariorem
1397 1723 1580 1762 ecclesie.

519 1791 617 1830 Ideo
652 1793 897 1831 detestando
931 1793 1010 1830 hoc
1044 1792 1230 1844 porisma
1262 1793 1311 1831 de
1344 1793 1455 1832 scola
1483 1793 1650 1845 dyaboli
1683 1792 1777 1832 dico

463 1863 577 1913 quod
612 1862 865 1900 necessarior
897 1862 975 1901 fuit
1007 1862 1047 1900 in
1082 1862 1191 1900 clero
1215 1862 1455 1901 dominacio
1479 1863 1779 1915 temporalium

461 1930 502 1968 in
537 1930 745 1983 primitiva
777 1932 949 1970 ecclesia
982 1931 1185 1970 militante
1218 1946 1345 1984 quam
1381 1941 1441 1970 est
1473 1932 1616 1970 modo.
1662 1933 1780 1971 Patet

463 2013 510 2038 ex
543 2000 623 2039 hoc
656 2001 772 2053 quod
813 2010 912 2039 tunc
959 2001 1035 2040 suit
1080 2001 1222 2040 utilior
1268 2010 1307 2040 et
1351 2001 1589 2040 meritorior
1636 2010 1675 2040 et
1706 2015 1778 2054 per
1795 2010 1834 2042 25

464 2084 726 2123 consequens
749 2070 1013 2110 necessarior.
1039 2071 1162 2109 Tunc
1186 2071 1298 2109 enim
1321 2070 1398 2110 fuit
1417 2084 1519 2123 pure
1543 2071 1779 2123 evangelica

463 2139 572 2178 civili
596 2139 787 2178 dominio
820 2140 1097 2192 impermixta.
1131 2140 1313 2179 Ulterius
1337 2140 1429 2179 dico
1454 2141 1640 2179 secundo
1664 2141 1779 2193 quod

463 2218 647 2261 potestas
693 2209 866 2247 faciendi
923 2209 1121 2248 miracula
1174 2209 1250 2248 fuit
1295 2209 1549 2248 necessarior
1595 2210 1776 2259 ecclesie,

463 2292 591 2331 quam
635 2292 824 2332 unquam
870 2279 946 2318 fuit
983 2279 1281 2332 temporalium
1326 2279 1537 2331 possessio
1570 2280 1776 2332 quodam-

463 2350 593 2388 modo
626 2349 798 2397 infinite,
846 2349 943 2402 quia
981 2357 1166 2401 potestas
1199 2348 1267 2388 illa
1299 2358 1360 2388 est
1393 2359 1541 2388 natura
1574 2349 1776 2401 superior,
1794 2358 1836 2390 30

465 2418 571 2457 sicut
613 2419 744 2458 virtus
790 2419 950 2458 excedit
995 2418 1113 2457 civile
1157 2418 1409 2458 dominium.
1463 2420 1584 2458 Unde
1617 2419 1776 2471 Symon

464 2503 611 2541 magus
662 2502 746 2527 non
799 2488 876 2527 fuit
928 2497 1014 2527 tam
1058 2487 1196 2527 fatuus
1241 2488 1343 2541 quin
1387 2489 1562 2527 libenter
1604 2488 1781 2527 voluerit

465 2567 748 2597 commutasse
772 2558 995 2610 pecuniam
1026 2571 1102 2610 pro
1133 2566 1338 2610 potestate
1369 2557 1544 2597 faciendi
1568 2557 1778 2607 miracula,

515 2705 539 2733 3,
561 2713 589 2738 4.
625 2705 660 2731 13:
690 2709 751 2731 tam
774 2705 868 2731 multa
896 2709 949 2732 est.
1106 2712 1144 2732 ιε’.
1182 2707 1210 2731 Α
1230 2705 1259 2732 in
1282 2713 1398 2739 marga
1429 2705 1601 2740 Responsio
1634 2705 1779 2740 quedam.

468 2753 508 2779 16.
531 2752 569 2778 B:
591 2752 635 2778 vel
659 2751 823 2786 principio.
967 2759 1010 2778 22.
1032 2751 1095 2779 AB
1117 2752 1145 2779 in
1162 2760 1279 2787 marg:
1302 2752 1472 2786 Responsio
1488 2752 1623 2787 propria.
1648 2753 1780 2778 Potestas

468 2798 597 2826 faciendi
631 2799 780 2825 miracula
813 2806 935 2832 semper
967 2798 1024 2825 suit
1052 2798 1156 2826 utilior
1187 2799 1315 2825 ecclesie
1353 2807 1447 2834 quam
1478 2799 1556 2825 bona
1584 2797 1779 2832 temporatia.

467 2853 511 2880 27.
532 2846 559 2872 A
574 2846 632 2879 Al:
654 2846 851 2879 impermixti.
890 2847 918 2872 A
940 2846 967 2871 in
991 2852 1106 2879 marg.:
1130 2844 1307 2872 Conclusio.
1450 2844 1492 2872 32.
1515 2847 1542 2873 A
1563 2847 1619 2880 Al:
1640 2845 1745 2872 voluit.
