2051 3273
246 248 324 290 272
960 244 1184 277 JOHANNis
1209 245 1404 277 WYCLIF.
1654 230 1839 289 [CAP.X11.

527 363 626 389 nam
657 362 730 402 per
763 349 999 388 absenciam
1031 349 1114 388 vite
1146 348 1188 388 in
1220 349 1419 389 membris
1451 362 1564 388 mors
1597 363 1742 388 eorum
1777 349 1989 403 in-1672P

526 419 701 459 ducitur.
757 419 810 459 Et
846 420 895 458 de
941 418 1022 459 isto
1056 419 1328 472 conqueritur
1361 419 1462 458 Isaie
1495 419 1623 472 LV10‚
1647 433 1735 472 cap.
1759 419 1838 458 XO:

527 488 829 540 Speculatores
852 489 942 529 eius
965 490 1053 528 ceci
1073 501 1233 528 omnes.
1268 488 1396 537 Quod
1422 488 1453 527 si
1478 488 1610 540 fuerit,
1637 488 1841 529 credenda

527 566 587 596 est
625 557 930 611 consequencia
963 557 1115 598 Christi
1149 557 1322 597 Matthei
1354 558 1467 609 XVO,
1508 564 1596 609 140:
1634 558 1768 598 Cecus
1805 559 1842 597 si

527 639 625 666 ceco
659 627 863 666 ducatum
889 634 1064 679 prestet,
1098 627 1222 666 ambo
1255 629 1296 666 in
1318 626 1498 680 foveam
1532 627 1701 667 cadunt.
1858 635 1874 667 5

584 696 637 735 Et
658 697 798 749 quoad
826 697 1134 736 correccionem
1166 696 1321 736 brachii
1349 697 1557 748 secularis,
1586 705 1699 750 patet
1727 696 1892 749 quon,

526 766 788 818 perturbacio
818 779 900 819 qua
928 766 1079 806 iniuste
1095 766 1341 819 perturbant
1365 765 1607 818 forinsecus,
1632 765 1844 805 evidencia

527 835 668 888 topica
682 835 936 888 prenosticat
950 835 1316 888 perturbacionem
1332 834 1516 875 futuram
1542 835 1620 874 illis
1642 848 1715 888 per
1737 848 1843 888 quos

529 913 651 944 staret
674 918 821 944 eorum
839 904 1062 956 correcci03
1086 904 1261 944 Matthei
1277 905 1385 956 V110,
1404 918 1441 957 2,
1457 905 1662 945 scribitur:
1678 904 1841 944 Eadem

255 990 500 1020 Justiceshould
529 987 732 1014 mensura
776 987 859 1027 qua
906 975 1040 1014 mensi
1063 974 1261 1028 fueritis,
1311 975 1563 1015 remecz'etur
1606 974 1738 1015 vobis.
1791 974 1902 1013 Etio

240 1028 603 1089 Rfedffgffisegffiffgista
636 1053 696 1084 est
728 1057 851 1083 causa
881 1057 1009 1097 quare
1038 1044 1240 1083 Salomon
1272 1045 1323 1083 ad
1350 1043 1690 1097 pacificacionem
1728 1043 1843 1097 regni

333 1097 419 1123 ³⁸³¹*
527 1114 589 1153 sui
642 1128 690 1153 ex
733 1114 932 1154 mandato
982 1113 1108 1166 patris
1153 1113 1247 1153 fecit
1277 1114 1378 1153 Joab
1437 1113 1569 1153 occidi
1619 1115 1671 1153 ad
1715 1126 1844 1153 cornu

528 1183 677 1233 altaris,
695 1193 740 1222 ut
755 1192 867 1236 patet
884 1183 970 1234 1110,
986 1183 1153 1235 Regum
1171 1183 1225 1222 IIO
1245 1197 1347 1235 cap„
1366 1183 1463 1235 quia
1479 1184 1579 1223 Isaie
1592 1183 1787 1223 ¹XXXIII0
1813 1198 1844 1233 1,

529 1252 734 1292 scribitur:
776 1251 831 1292 Ve
861 1253 934 1306 qui
957 1252 1165 1305 predaris
1199 1266 1338 1292 nonne
1368 1260 1404 1293 et
1440 1255 1529 1306 ipse
1555 1253 1847 1306 predaberis?

587 1323 685 1362 Non
736 1330 878 1362 autem
930 1321 1103 1362 intendo
1168 1324 1284 1376 quod
1332 1322 1482 1362 milites
1547 1322 1653 1376 regis
1712 1322 1901 1362 occidi15

532 1392 721 1444 debeant,
767 1392 838 1430 sed
882 1393 1107 1445 arguebam
1145 1406 1217 1445 per
1248 1392 1392 1432 locum
1423 1407 1445 1431 a
1477 1392 1643 1432 maiori:
1696 1392 1737 1432 Si
1770 1405 1845 1445 pro

528 1471 718 1514 tempore
760 1461 908 1501 veteris
956 1462 1191 1501 testamenti
1235 1462 1351 1502 licuit
1395 1461 1572 1501 militem
1616 1462 1668 1501 ad
1714 1475 1845 1502 cornu

531 1531 668 1571 altaris
713 1531 913 1583 occidere,
957 1532 1094 1571 multo
1138 1532 1271 1584 magis
1314 1532 1409 1571 licet
1453 1531 1693 1571 maleficum
1721 1531 1943 1584 sspr0167b

534 1601 828 1654 pacificacione
872 1602 987 1654 regni
1031 1611 1069 1641 et
1112 1601 1396 1641 mundacione
1441 1601 1609 1641 ecclesie
1643 1601 1848 1641 salvatum

533 1671 576 1710 in
607 1671 691 1710 vita
724 1680 762 1710 et
794 1671 993 1710 membris
1027 1671 1235 1711 extrahere
1269 1670 1334 1725 (ut
1355 1680 1469 1724 patet
1490 1672 1532 1710 in
1554 1671 1693 1724 primo
1726 1684 1844 1724 argu·
1864 1685 1905 1706 20

533 1749 677 1781 mento
711 1740 879 1794 capituli
912 1740 1109 1795 septimi).

263 1813 508 1875 ffi20311grresggry
593 1811 715 1850 Unde
747 1810 885 1850 audivi
909 1811 1138 1864 quemdam
1161 1811 1379 1850 doctorem
1411 1824 1560 1864 negare
1589 1824 1846 1864 consequen-

536 1880 655 1931 dam,
690 1893 739 1919 eo
763 1881 879 1933 quod
902 1880 1010 1920 dicta
1033 1880 1204 1920 ecclesia
1227 1880 1303 1919 fuit
1325 1880 1574 1919 miraculose
1598 1889 1848 1931 consecrata,

535 1950 607 1989 sed
639 1962 714 1988 nec
746 1950 954 2002 templum
986 1963 1061 1989 nec
1093 1949 1218 1988 altare
1250 1948 1290 1988 in
1330 1963 1414 2002 quo
1448 1949 1609 1989 occisus
1649 1958 1709 1989 est
1746 1950 1849 1989 Joab

539 2019 617 2058 fuit
639 2019 773 2059 taliter
796 2027 1097 2060 consecratum.
1132 2019 1239 2059 Illud
1260 2028 1402 2058 autem
1425 2019 1578 2071 duplex
1601 2019 1848 2071 sompnium
1865 2021 1904 2053 25

538 2088 665 2127 nichil
697 2097 852 2129 movet.
906 2089 1010 2128 Dico
1055 2097 1197 2128 autem
1241 2088 1403 2141 duplex
1447 2090 1706 2142 sompnimn,
1751 2088 1848 2141 quia

538 2171 622 2197 non
657 2159 830 2198 docetur
875 2159 977 2213 quin
1016 2159 1119 2197 illud
1157 2159 1367 2211 templum
1398 2158 1637 2198 Salomonis
1670 2157 1747 2197 fuit
1777 2171 1850 2210 per

538 2228 892 2268 inhabitacionem
931 2237 1171 2268 sanctorum
1212 2228 1528 2280 prophetarum,
1574 2228 1771 2280 sapientis
1810 2236 1850 2267 et

539 2298 668 2338 sancti
700 2297 805 2350 regis
837 2298 879 2336 in
912 2297 994 2337 suis
1027 2297 1211 2349 floribus,
1242 2311 1339 2337 cum
1371 2298 1452 2337 alio
1485 2298 1638 2336 devoto
1671 2297 1848 2350 populo,

539 2367 657 2406 locus
689 2382 712 2406 a
744 2367 919 2406 domino
953 2381 1025 2420 per
1058 2368 1183 2406 talem
1205 2368 1415 2420 populum
1439 2375 1721 2419 consecratu83
1754 2367 1848 2419 plus
1864 2368 1907 2400 30

540 2437 652 2476 enim
690 2438 799 2476 valet
837 2438 889 2475 ad
928 2436 1308 2476 sanctificacionem
1346 2437 1429 2476 loci
1466 2437 1650 2489 populus
1683 2445 1848 2475 sanctus

539 2506 772 2545 inhabitans
829 2507 945 2546 cuius
1001 2507 1169 2559 spiritus
1222 2507 1467 2559 perungitur
1510 2507 1603 2545 oleo
1651 2506 1784 2558 gracie
1827 2520 1850 2544 a

540 2576 685 2628 spiritu
718 2585 876 2627 sancto,
910 2590 1038 2629 quam
1073 2577 1179 2615 valet
1217 2576 1441 2629 corporalis
1470 2575 1608 2614 linicio
1643 2575 1849 2627 parietum

541 2646 774 2685 secundum
817 2646 1062 2685 cerimonias
1110 2647 1387 2686 sacerdotum.
1440 2646 1547 2684 Nam
1594 2644 1664 2683 illa
1696 2644 1847 2684 sancti-

596 2778 616 2797 1.
638 2770 676 2797 B:
699 2774 726 2797 et
741 2770 899 2797 membris.
1009 2771 1036 2797 (3.
1058 2770 1086 2797 A
1102 2770 1131 2797 in
1148 2778 1259 2804 marg:
1283 2770 1449 2797 Correccio
1465 2768 1712 2804 perturbancium
1730 2776 1850 2803 pacem.

544 2817 579 2843 13.
602 2817 628 2843 A
650 2817 678 2842 in
701 2824 812 2851 marg:
836 2817 911 2842 lsaie
932 2816 1070 2843 XXXIII.
1090 2816 1192 2843 Racio.
1214 2815 1235 2842 B
1256 2815 1285 2842 in
1308 2824 1403 2850 marg.
1426 2823 1506 2842 man.
1528 2815 1595 2841 alt.:
1621 2813 1691 2841 Non
1713 2814 1849 2841 occides.

544 2870 584 2888 22.
607 2863 634 2889 A
656 2863 683 2890 in
706 2871 820 2897 marg:
842 2862 1013 2896 Responsio
1035 2863 1177 2898 quedam.
