2051 3343
167 239 221 293 76
907 247 1130 279 JOHANNIS
1156 247 1352 280 WYCLIF.
1599 233 1773 291 [CAP.1V.

512 352 578 394 Sic
611 365 708 404 ergo
741 351 904 391 videtur
936 351 1038 390 mihi
1073 351 1190 404 quod
1223 350 1432 391 sentencia
1456 360 1699 391 sanctorum
1723 351 1870 395 de138‘1
1891 362 1925 396 Ε

454 421 652 461 membris
692 434 785 460 vere
831 420 1001 460 ecclesie
1046 421 1099 460 sit
1142 421 1448 473 pernecessaria
1492 420 1633 473 hodie,
1669 419 1775 460 sicut

456 491 532 531 fuit
576 500 767 543 tempore
812 490 1024 543 sinagoge.
1073 490 1188 531 Sicut
1236 489 1348 529 enim
1396 499 1496 530 tunc
1540 490 1774 530 sacerdotes

456 560 635 614 pretensi
668 560 863 600 dixerunt
893 573 1126 613 repugnare
1165 559 1438 613 promissioni
1476 559 1615 599 divine
1659 560 1776 612 quod

456 631 534 684 ipsi
548 630 613 670 vel
628 629 838 683 possessio
857 643 1005 669 eorum
1023 638 1176 683 pereat,
1194 629 1302 669 sicut
1320 629 1776 682 recitatJeremiasV110,
1793 637 1809 670 5

459 715 547 754 cap.
576 710 622 752 4:
659 700 799 740 Nolite
832 699 1045 753 confidere
1078 701 1120 739 in
1157 699 1296 740 verbis
1329 699 1552 751 mendacii,
1592 698 1778 740 dicentes

459 772 664 823 templum
697 769 873 820 domini,
920 770 1123 822 templum
1166 770 1340 817 domini,
1376 769 1580 822 templum
1616 769 1778 809 domini

166 853 268 881 There
298 859 347 879 are
377 858 446 886 pre·
462 849 541 893 est,
587 841 644 880 sic
685 849 723 880 et
762 842 893 880 modo
932 840 1096 879 videtur
1134 840 1343 893 quosdam
1382 839 1620 892 prepositos
1652 838 1778 891 parti-

167 887 611 959 tissttetshg'vsli‘ietsfflifcularis
644 911 814 950 ecclesie
847 910 919 964 qui
952 910 1209 964 pretendunt
1247 923 1288 948 se
1328 922 1375 948 ex
1412 908 1494 948 fide
1533 909 1778 949 convincere

184 956 429 1020 tiii‘oecthouilcila}ni.S
462 982 579 1035 quod
611 980 689 1034 ipsi
725 980 953 1033 capitaliter
981 988 1124 1033 regant
1156 979 1264 1018 Petri
1299 978 1550 1030 naviculam,
1584 978 1640 1018 sic
1663 978 1780 1032 quod
1800 997 1838 1019 10

460 1050 552 1103 ipsa
590 1059 730 1104 potest
766 1049 962 1090 fluctibus
1001 1049 1126 1089 seculi
1173 1049 1342 1088 concuti
1387 1049 1459 1088 sed
1501 1061 1589 1087 non
1632 1047 1780 1101 mergi.

462 1121 514 1160 Et
558 1120 613 1160 sic
659 1119 878 1173 implicant
921 1133 962 1159 se
1010 1133 1058 1159 ex
1101 1118 1462 1172 predestinacione
1508 1117 1648 1157 divina
1693 1131 1781 1157 non

457 1204 581 1243 posse
620 1190 840 1243 dampnari
878 1204 953 1229 nec
992 1188 1243 1242 temporalia
1283 1202 1407 1242 posse
1445 1202 1469 1227 a
1501 1201 1576 1228 sua
1607 1186 1779 1227 ecclesia

458 1258 641 1312 spoliari,
676 1259 748 1298 sed
780 1260 830 1298 de
862 1258 1108 1298 necessitate
1141 1257 1285 1297 salutis
1309 1265 1478 1311 oportet
1501 1270 1650 1296 omnes
1674 1256 1779 1296 alios

459 1328 705 1368 christianos
744 1329 799 1368 eis
840 1328 970 1369 subici
1011 1337 1050 1368 et
1082 1336 1304 1381 tamquam
1337 1327 1532 1380 capitales
1565 1326 1608 1365 in
1641 1326 1778 1365 domi-
1799 1334 1835 1366 15

459 1399 636 1438 nacione
659 1399 833 1439 seculari
857 1413 902 1438 ac
925 1397 1130 1451 spirituali
1155 1396 1351 1437 omnium
1373 1397 1587 1436 bonorum
1610 1395 1780 1436 ecclesie

460 1468 681 1508 dominari.
745 1469 881 1520 Unde,
915 1468 1021 1508 sicut
1066 1468 1298 1508 sacerdotes
1342 1466 1542 1506 Aaronite
1589 1465 1781 1506 dixerunt

460 1539 577 1592 quod
609 1552 691 1578 non
719 1538 881 1591 peribit
916 1538 986 1578 lex
1017 1552 1042 1577 a
1075 1536 1301 1578 sacerdote
1334 1550 1468 1590 neque
1500 1536 1724 1576 consilium
1755 1548 1780 1575 a

458 1610 652 1661 sapiente
699 1622 834 1662 neque
877 1622 1020 1649 sermo
1060 1621 1085 1647 α
1117 1608 1333 1661 propheta
1378 1605 1444 1661 (ut
1483 1605 1636 1646 dicitur
1673 1606 1780 1645 Jere-

459 1679 542 1719 mie
573 1679 741 1730 XV1110,
778 1677 862 1733 18),
895 1678 951 1718 sic
983 1678 1177 1718 videntur
1208 1677 1342 1717 dicere
1374 1676 1500 1716 hodie
1539 1676 1655 1730 quod
1687 1689 1779 1728 pre·
1798 1694 1838 1716 20

460 1759 577 1789 tensa
610 1757 649 1788 et
692 1748 952 1802 particularis
998 1747 1169 1788 ecclesia
1221 1747 1272 1788 sit
1322 1746 1535 1800 tripliciter
1587 1745 1780 1797 stabilita,

461 1819 616 1859 scilicet
648 1818 803 1859 Christi
843 1818 1139 1871 promissione,
1187 1817 1434 1858 fulcimento
1473 1816 1574 1870 legis
1613 1815 1782 1856 ecclesie

462 1903 544 1943 que
576 1888 785 1942 equivalet
816 1888 912 1928 fidei
945 1887 1180 1939 christiane,
1214 1896 1253 1928 et
1280 1887 1515 1927 multorum
1541 1886 1781 1939 sapientum

465 1958 795 2012 constipacione.

199 2038 287 2076 They
307 2040 417 2067 should
523 2030 604 2070 Sed
644 2029 809 2068 utinam
848 2028 1170 2076 considerarent,
1216 2028 1354 2081 primo
1393 2028 1509 2081 quod
1547 2040 1622 2066 nec
1659 2026 1822 2067 locusa
1856 2033 1888 2066 F

173 2075 318 2102 consider
333 2075 395 2102 that
407 2083 447 2102 no

173 2109 447 2172 ofttiffieffigeiiizkfe
463 2113 539 2140 nec
574 2098 727 2139 eleccio
761 2099 948 2137 humana
980 2097 1077 2137 facit
1108 2098 1349 2137 membrum
1382 2097 1551 2136 ecclesie
1584 2096 1655 2135 sed
1686 2109 1778 2148 pre-

252 2179 370 2214 Christ3
463 2169 694 2210 destinacio
739 2168 879 2207 divina
918 2176 1108 2221 respectu
1149 2167 1439 2220 cuiuscunque
1477 2166 1547 2220 qui
1590 2178 1779 2218 perseve-

464 2249 602 2280 ranter
641 2238 860 2279 Christum
903 2237 1091 2291 sequitur
1135 2237 1177 2275 in
1223 2236 1389 2276 caritate
1428 2245 1467 2276 et
1505 2234 1781 2289 relinquendo

466 2309 610 2349 omnia
641 2308 891 2362 temporalia
923 2308 1101 2347 moritur
1123 2306 1325 2360 penaliter
1348 2306 1391 2345 in
1414 2305 1656 2345 defensione
1679 2304 1782 2356 legis

466 2393 550 2420 sue.
601 2379 796 2418 Secundo
830 2378 1140 2417 considerarent
1172 2390 1270 2416 cum
1304 2375 1529 2415 formidine
1562 2385 1823 2418 conversa-b

176 2458 235 2485 and
251 2456 449 2485 reflectwhe-
466 2448 631 2488 cionem
647 2462 781 2500 suam,
804 2447 1025 2501 quomodo
1049 2446 1131 2486 vite
1157 2445 1301 2498 capitis
1325 2444 1655 2496 conformantur,
1687 2444 1786 2498 quia

175 2493 242 2519 ther
261 2492 337 2519 their
355 2492 405 2519 life
425 2492 449 2519 is

194 2527 432 2589 cgpaftoffsslclleit?
466 2532 513 2557 ex
547 2517 628 2557 fide
660 2518 812 2557 debent
844 2517 1008 2556 credere
1041 2516 1158 2569 quod
1190 2528 1266 2554 nec
1299 2523 1396 2554 sunt
1439 2515 1504 2554 vel
1543 2515 1785 2554 membrum

264 2595 362 2623 Head-
466 2587 649 2638 ecclesie,
683 2601 758 2626 nec
791 2586 850 2625 illi
883 2594 980 2626 sunt
1012 2585 1166 2639 quibus
1199 2584 1306 2624 facta
1329 2583 1406 2624 fuit
1430 2584 1672 2637 promissio,
1706 2582 1784 2622 nisi

465 2657 743 2710 relinquendo
777 2656 921 2695 omnia
953 2669 1087 2709 usque
1121 2655 1172 2694 ad
1204 2662 1388 2693 mortem
1421 2653 1621 2706 penaliter
1654 2652 1784 2693 secuti

523 2802 552 2826 4.
575 2791 678 2820 Codd:
701 2800 905 2828 repungnare.
982 2800 1021 2819 io.
1043 2791 1070 2818 A
1091 2790 1121 2817 in
1149 2797 1265 2824 marg:
1292 2788 1373 2817 Nota
1394 2789 1430 2816 de
1451 2797 1541 2824 papa.
1614 2788 1655 2815 25.
1676 2788 1735 2815 ΑΒ
1755 2787 1785 2815 in

467 2847 578 2873 marg.:
593 2838 721 2873 Triplex
732 2839 957 2866 consideracio.
972 2839 1000 2865 A
1012 2838 1068 2872 Al:
1088 2836 1188 2864 nullus
1202 2836 1287 2863 locus
1302 2836 1349 2863 vel
1362 2834 1469 2862 leccio.
1492 2834 1574 2862 Hus:
1588 2834 1688 2862 nullus
1701 2834 1786 2861 locus

466 2885 511 2911 vel
528 2885 653 2912 eleccio.
668 2885 689 2912 B
710 2885 740 2912 in
753 2893 848 2920 marg.
871 2893 952 2912 man.
966 2893 1037 2912 rec.:
1056 2885 1120 2912 Nec
1140 2886 1229 2912 locus
1244 2892 1297 2912 nec
1310 2883 1423 2910 eleccio
1436 2882 1508 2910 facit
1520 2881 1773 2917 predestinatum.
