2051 3273
204 213 294 240 CAP.
313 202 410 259 xxi]
710 216 768 246 DE
795 214 1028 246 ECCLEslA.

53 333 86 366 L
112 331 189 376 198¹*
203 320 495 360 caracteribus
530 321 595 359 vel
626 316 667 359 iiz
701 332 746 358 se
778 320 844 358 vel
868 325 1003 371 prout
1036 318 1244 356 uniuntur
1276 318 1316 356 in
1353 319 1514 357 unitate

205 396 244 429 et
286 390 530 443 integritate
566 389 755 429 subiecti.
789 388 834 427 Si
876 388 916 426 in
961 400 1018 439 se,
1056 387 1116 427 sic
1152 386 1372 440 differunt,
1409 388 1516 427 sicut

206 461 372 500 diverse
410 460 569 513 species
602 460 785 508 numeri,
817 459 853 498 si
882 457 1069 498 secundo
1102 457 1240 507 modo,
1275 464 1374 497 tunc
1405 458 1516 497 sicut

204 530 401 570 binarius
415 536 454 569 et
474 529 778 581 quaternarius
795 529 1053 567 constituunt
1066 527 1285 567 senarium
1303 533 1342 567 et
1363 527 1517 566 habent

172 610 188 642 5
205 601 420 639 racionem
440 599 581 651 partis
604 598 868 637 constitutive
899 604 937 637 et
967 598 1319 650 complementum
1336 597 1515 649 ponitur

206 670 247 708 in
285 669 470 716 senario,
514 669 575 708 sic:
613 667 940 721 intelligendum
986 675 1047 707 est
1093 668 1134 706 in
1171 667 1391 720 proposito
1435 680 1515 706 suo

163 738 343 787 4modo‚
387 737 482 777 licet
521 750 601 776 non
641 738 694 777 sit
725 738 897 776 omnino
929 738 1079 778 simile.
1135 738 1298 785 Quarto
1331 736 1517 788 arguitur

206 821 278 860 per
319 807 400 846 hoc
443 808 560 860 quod
604 813 762 846 natura
807 820 889 846 non
921 806 1039 860 facit
1090 819 1174 859 per
1208 805 1347 858 plura
1406 806 1518 858 quod

195 877 356 930 facere
398 883 538 929 potest
579 889 663 929 per
710 890 857 927 unum,
903 889 1006 930 ergo
1051 883 1179 915 autor
1230 882 1381 915 nature
1434 889 1516 915 non

152 947 411 999 10imprimit
447 947 489 985 in
528 946 726 985 ordinato
760 946 916 985 multos
956 953 1214 994 caracteres,
1250 959 1345 985 cum
1377 946 1515 986 solum

208 1028 319 1055 unus
371 1015 543 1068 sufficit,
586 1016 694 1055 sicut
738 1016 874 1055 evenit
917 1017 958 1055 in
1006 1016 1224 1069 baptismo,
1275 1016 1366 1064 Que
1410 1029 1517 1069 ergo

210 1086 438 1125 necessitas
446 1085 635 1138 ponendi
656 1086 697 1125 in
723 1085 870 1125 ordine
894 1093 978 1125 tam
1003 1086 1217 1126 distinctos
1240 1086 1519 1129 caracteres?

207 1154 462 1205 Dicendum,
485 1155 632 1208 inquit,
662 1156 775 1208 quod
796 1156 872 1195 hoc
893 1169 1039 1195 verum
1065 1162 1140 1204 est,
1165 1154 1335 1208 quando
1358 1155 1520 1209 aliquid

199 1232 341 1278 potest
360 1238 443 1278 per
471 1239 602 1264 unum
630 1226 687 1264 ita
717 1226 921 1278 complete
944 1225 1053 1277 fieri
1079 1231 1123 1265 ut
1149 1238 1232 1278 per
1251 1225 1410 1278 plura,·
1442 1226 1519 1264 Izoc

153 1305 189 1336 1'3
206 1301 346 1334 autem
365 1308 447 1334 non
461 1295 520 1349 fit
540 1295 581 1334 in
598 1296 912 1348 propositopro
928 1309 975 1335 eo
995 1295 1108 1348 quod
1122 1301 1285 1347 oportet
1298 1294 1520 1335 ordinatos

208 1378 290 1404 non
309 1364 445 1403 solum
463 1365 674 1418 distingui
688 1366 739 1404 ab
764 1365 873 1414 aliis,
890 1366 998 1404 sicut
1010 1365 1070 1417 fit
1090 1372 1290 1404 caracter
1304 1365 1518 1417 baptismi,

205 1433 281 1474 sed
330 1441 493 1486 oportet
542 1435 654 1487 ipsos
701 1435 910 1488 distingui
958 1436 1063 1488 plus
1122 1448 1249 1487 quam
1303 1435 1520 1474 materiali

206 1503 461 1556 differencia
494 1505 536 1543 in
569 1516 613 1543 Se
645 1505 762 1556 ipsis.

1722 204 1797 242 505

153 1583 193 1615 M
264 1573 532 1626 Expergiscat
574 1588 677 1626 rogo
721 1574 977 1613 auditorium
1024 1582 1063 1613 et
1107 1573 1340 1613 consideret
1378 1573 1410 1612 si
1443 1573 1518 1612 iste
1568 1580 1672 1607 These
1693 1588 1771 1615 <³¹10-

1550 1615 1665 1643 tations
1687 1616 1797 1642 enable

153 1663 193 1684 20
206 1644 324 1682 locus
359 1652 398 1682 et
435 1656 571 1681 sermo
605 1644 828 1684 doctorum
861 1646 930 1683 dat
962 1643 1106 1683 efficax
1139 1643 1430 1683 testimonium
1468 1643 1519 1681 ad
1546 1659 1581 1677 us
1601 1655 1632 1677 to
1652 1650 1792 1677 estimato

1535 1693 1593 1712 our
1619 1685 1810 1720 opponent‘s

208 1713 515 1752 fantasiandum
548 1714 663 1766 quod
685 1714 824 1753 solum
847 1714 889 1752 in
912 1714 1056 1753 ordine
1080 1713 1320 1753 sacerdotali
1343 1722 1521 1753 caracter
1536 1728 1641 1756 power
1661 1720 1695 1747 of
1714 1719 1810 1755 lying-

207 1782 474 1835 imprimitur,
491 1796 589 1822 cum
610 1792 696 1822 tam
720 1783 880 1836 spissim
905 1783 1122 1822 manifeste
1144 1792 1318 1822 testatur
1347 1782 1518 1836 opposi-

208 1861 312 1892 tum.
337 1853 389 1891 Et
410 1866 551 1891 revera
573 1853 705 1891 homo
729 1853 792 1892 cui
817 1867 879 1892 ars
902 1852 1137 1892 menciendi
1154 1866 1240 1892 non
1256 1850 1362 1892 foret
1382 1853 1523 1892 lauda—

208 1915 298 1961 bilis
325 1923 672 1961 verecundaretur
694 1924 744 1961 de
760 1931 844 1962 tam
861 1931 1026 1975 patente
1044 1922 1278 1963 mendacio.
1296 1922 1366 1961 Ille
1381 1931 1522 1962 autem

154 2000 194 2032 25
211 1991 281 2045 qui
304 1992 368 2030 vel
390 1991 611 2031 intenderit
633 1992 776 2031 omnia
799 1993 907 2032 dicta
931 2007 1003 2032 sua
1026 1993 1115 2046 capi
1138 1993 1308 2047 yronice
1322 1992 1388 2031 vel
1408 2005 1522 2031 men-

211 2061 377 2100 daciUm
410 2062 487 2101 sibi
518 2062 737 2102 ascriberet
768 2063 819 2101 ad
850 2063 1070 2114 honorem,
1111 2063 1225 2102 daret
1258 2062 1525 2101 occasionem

211 2140 257 2170 ut
280 2144 366 2169 non
398 2132 586 2170 credatur
609 2132 790 2184 amplius
823 2132 1067 2184 allegacioni
1090 2133 1155 2172 vel
1180 2132 1421 2172 testimonio
1446 2145 1522 2171 suo

213 2201 340 2240 eciam
382 2201 582 2254 quicquid
620 2202 824 2241 iuraverit.
859 2202 919 2241 Ex
952 2202 1090 2255 primo
1123 2203 1248 2255 igitur
1280 2210 1524 2241 commento

215 2271 422 2323 colligitur
459 2272 574 2324 quod
613 2272 761 2310 doctor
797 2271 873 2310 iste
910 2272 974 2310 vel
1014 2271 1201 2311 falsificat
1240 2271 1526 2324 multipliciter

157 2348 199 2380 30
215 2349 361 2379 testem
395 2354 533 2391 suum,
566 2341 631 2379 vel
665 2341 779 2394 quod
812 2340 1052 2381 testificacio
1075 2355 1252 2395 sequens
1276 2342 1326 2380 sit
1348 2341 1524 2381 omnino

216 2410 418 2448 mendosa
462 2418 501 2449 et
544 2409 667 2449 nimis
711 2410 881 2460 inutilis,
929 2424 1024 2450 cum
1069 2412 1156 2463 ipse
1195 2420 1234 2450 et
1265 2410 1380 2450 testis
1425 2425 1526 2450 suus

216 2489 302 2519 tam
348 2480 489 2518 crebro
535 2489 573 2519 et
618 2488 704 2519 tam
748 2480 889 2532 patule
934 2480 1236 2520 contradicunt.
1292 2482 1525 2529 Quomodo

217 2562 348 2602 queso
393 2549 633 2588 invocarem
677 2549 984 2588 racionabiliter
1015 2549 1260 2602 suffragium
1296 2549 1526 2589 testimonii

269 2762 299 2786 4.
320 2753 353 2780 ln
374 2753 483 2780 codd:
504 2753 670 2781 ternarius.
779 2755 806 2782 6.
827 2754 855 2780 A
870 2754 927 2789 A,:
948 2753 1026 2780 sicut
1044 2753 1291 2788 intelligendum.
1399 2753 1436 2781 13.
1454 2754 1527 2781 Ain

218 2807 332 2833 marg.:
353 2798 538 2834 Responsio.
682 2799 723 2826 10.
750 2799 782 2826 ln
806 2800 914 2826 codd:
938 2798 1070 2834 distigui.
1213 2806 1259 2826 20.
1281 2799 1309 2826 A
1329 2800 1384 2834 Al:
1408 2800 1527 2834 logicus

218 2849 247 2872 et
267 2852 381 2872 sermo.
522 2845 567 2873 28.
590 2845 627 2872 B:
650 2845 751 2880 primo
773 2853 856 2880 ergo.

1569 2219 1786 2246 Bouavenlura

1562 2255 1657 2281 either
1677 2259 1802 2281 contra-

1559 2289 1635 2316 diets
1657 2289 1796 2323 himself3

1570 2332 1605 2351 or
1626 2324 1650 2350 is
1672 2324 1782 2361 falsely

1616 2359 1745 2393 alleged.
