2051 3273
224 211 409 268 CAP.X11.]
715 225 773 256 DE
801 224 1032 256 ECCLESIA.
1737 212 1817 250 253

74 338 108 372 B
132 337 209 380 164h
227 337 265 368 et
288 328 475 381 requiem
499 342 627 381 quam
649 328 869 368 adversarii
892 341 1077 381 quorum
1092 326 1191 365 falsa
1207 325 1530 365 exheredacione

226 406 265 436 et
310 410 403 437 ceca
447 397 705 437 excitacione
749 407 812 438 tot
844 397 971 450 prelia
1003 396 1206 435 oriuntur.
1261 396 1380 435 Unde
1418 395 1532 434 testis

225 467 275 506 sit
297 466 398 506 mihi
420 467 552 506 Deus:
577 468 668 519 Ego
692 467 841 508 vellem
865 467 896 506 si
920 468 1010 506 Deo
1033 466 1212 518 placeret
1235 465 1349 518 quod
1373 464 1532 503 nedum

225 536 293 575 illa
325 536 494 576 ecclesia
539 537 609 576 sed
650 537 834 590 quelibet
878 535 1049 575 ecclesia
1099 534 1333 587 Anglicana
1363 533 1533 573 haberet

191 616 296 657 §per
331 605 590 658 precinctum
626 606 771 659 viginti
810 605 1052 644 milliarium
1097 604 1264 656 plenam
1298 603 1531 642 libertatem

223 689 300 727 pro
333 675 531 715 omnibus
564 675 759 728 fugitivis,
794 675 904 714 unde
934 675 1101 727 plenam
1125 673 1360 712 libertatem
1392 681 1530 712 sancte

223 744 366 784 matris
399 744 568 784 ecclesie
601 745 701 784 sicio
734 745 865 784 modo
897 757 1007 783 meo.

280 814 473 853 Secundo
505 814 789 867 principaliter
832 813 1020 866 arguitur
1057 826 1129 865 per
1160 812 1240 852 hoc
1273 813 1388 865 quod
1420 812 1528 852 dicta
1591 825 1615 844 2-
1638 817 1697 845 We
1723 826 1772 845 are

222 884 271 922 de
303 892 508 936 potestate
538 883 824 936 privilegiandi
858 883 1015 922 nedum
1048 891 1199 922 sonant
1230 882 1272 921 in
1308 882 1382 921 Dei
1421 883 1526 921 blas·
1543 852 1819 922 dgiioagagteigguffflm

168 973 206 994 ιο
221 953 435 1005 phemiam
454 954 526 993 sed
548 955 749 1007 derogant
780 952 975 1006 potestati
999 966 1107 1005 pape
1137 961 1176 992 et
1204 951 1355 1005 regalie
1382 966 1527 1005 regum
1566 922 1800 992 thellgosslgees

221 1024 360 1064 seculi.
406 1024 577 1064 Dictum
617 1032 677 1063 est
709 1023 820 1062 enim
854 1023 968 1076 quod
1008 1023 1120 1062 Deus
1153 1036 1239 1061 non
1272 1030 1410 1074 potest
1453 1036 1526 1061 au-

221 1092 324 1132 ferre
356 1093 582 1147 quicquam
614 1093 664 1132 ab
697 1092 869 1132 homine
902 1101 1035 1132 stante
1068 1092 1154 1131 iure
1188 1105 1279 1143 suo,
1303 1091 1380 1130 nisi
1413 1091 1529 1131 satis-

221 1161 341 1202 faciat
378 1163 565 1214 aliunde3
609 1164 725 1216 quod
769 1171 976 1214 repugnat
1009 1161 1200 1214 potencie
1234 1161 1529 1211 adnichilandi,

220 1240 260 1271 et
282 1232 418 1271 multo
441 1232 572 1285 magis
596 1232 794 1271 dominus
817 1245 926 1284 papa
950 1245 1035 1270 non
1068 1240 1207 1283 potest
1228 1230 1338 1269 licite
1371 1230 1530 1269 auferre

167 1310 204 1343 15
220 1301 470 1342 beneficium
503 1316 524 1340 a
548 1301 674 1355 digno
697 1302 774 1341 nisi
798 1301 1030 1354 deliquerit.
1064 1302 1149 1340 Nec
1171 1314 1240 1339 rex
1263 1300 1386 1340 habet
1408 1313 1533 1352 super

220 1372 417 1411 omnibus
469 1373 589 1412 bonis
640 1372 704 1411 sui
755 1372 868 1425 regni
922 1372 1097 1424 plenum
1150 1370 1409 1421 dominium;
1450 1383 1531 1423 que

226 1441 419 1481 videntur
450 1456 596 1482 sonare
628 1441 935 1495 blasphemiam
969 1451 1008 1481 et
1039 1440 1314 1493 sacrilegium.

175 1518 204 1550 G
277 1511 355 1551 Hic
377 1521 551 1565 negatur
573 1511 802 1563 conclusio,
827 1525 923 1551 cum
946 1511 1058 1550 Deus
1081 1510 1271 1550 absolute
1296 1510 1526 1550 necessario
1543 1521 1613 1550 God
1626 1522 1817 1561 cqnnottake

220 1581 342 1621 habet
384 1595 596 1621 summam
632 1590 882 1634 potestatem
924 1580 1225 1634 privilegiandi,
1271 1590 1309 1621 et
1356 1580 1426 1620 illa
1470 1588 1529 1619 est
1559 1557 1807 1631 iiigtissigr’itgss‘ss‘?

163 1667 204 1688 20
221 1649 433 1691 infinitum
455 1651 589 1690 maior
611 1665 740 1704 quam
761 1651 899 1704 aliqua
917 1659 1102 1703 potestas
1125 1659 1271 1690 creata.
1307 1651 1529 1699 Quantum
1560 1627 1799 1697 wiilssiiiclgtibonsl'-

220 1721 271 1759 ad
303 1720 483 1773 primam
514 1720 775 1771 instanciam,
809 1720 979 1759 concedi
1012 1720 1134 1759 debet
1163 1720 1395 1759 conclusio:
1430 1732 1528 1758 nam

220 1790 251 1829 si
285 1791 396 1830 Deus
428 1790 561 1831 aufert
602 1790 839 1845 quidquam
876 1790 925 1829 ab
963 1789 1135 1829 homine
1167 1798 1300 1829 stante
1331 1789 1418 1828 iure
1452 1803 1529 1829 suo

220 1860 308 1899 sine
337 1860 431 1900 'hoc
474 1861 591 1915 quod
630 1868 921 1913 recompenset
951 1859 1133 1912 aliunde,
1180 1868 1281 1899 tunc
1313 1859 1532 1898 iniuriatur

190 1929 279 1968 lilli
313 1930 489 1982 homini,
522 1931 638 1983 quod
671 1944 756 1970 non
788 1938 938 1983 potest.
991 1930 1100 1968 Nam
1132 1928 1290 1968 iustum
1324 1937 1384 1968 est
1416 1929 1531 1982 quod

165 2002 203 2035 25
221 1998 388 2040 haberet
419 2000 618 2054 ablatum,
664 2014 762 2040 cum
805 2009 884 2040 stat
909 1999 986 2039 ius
1018 1999 1219 2052 primum,
1265 2008 1311 2038 ut
1342 1999 1528 2051 ponitur,

223 2070 293 2108 sed
324 2083 450 2109 nemo
484 2078 544 2110 est
576 2083 698 2110 causa
724 2083 850 2123 quare
877 2069 942 2109 ius
971 2069 1074 2107 illud
1101 2068 1261 2108 tollitur
1293 2068 1370 2107 nisi
1403 2068 1529 2119 Deus,

181 2148 270 2188 2ut
301 2140 490 2192 ponitur3
534 2153 631 2193 ergo
672 2140 786 2180 solus
819 2140 931 2179 Deus
971 2147 1031 2179 est
1069 2152 1192 2178 causa
1223 2137 1333 2178 illius
1366 2137 1529 2177 iniurie.

223 2209 275 2248 Et
308 2222 381 2261 per
414 2223 689 2262 consequens,
730 2223 828 2249 cum
859 2208 1021 2248 iusticia
1054 2208 1104 2248 sit
1137 2216 1332 2247 constans
1365 2216 1404 2247 et
1436 2220 1528 2260 per-

224 2287 351 2330 petua
374 2279 567 2318 voluntas
591 2279 742 2331 divina,
774 2279 960 2319 tribuens
994 2277 1222 2330 unicuique
1250 2277 1365 2330 quod
1401 2290 1528 2315 suum

164 2362 205 2394 30
223 2356 297 2398 est,
341 2357 455 2400 patet
486 2361 584 2387 cum
614 2348 719 2387 veris
758 2348 875 2402 sequi
909 2349 1025 2401 quod
1057 2348 1169 2387 Deus
1202 2356 1263 2387 est
1296 2346 1529 2386 contrarius

220 2417 295 2456 sibi
328 2417 420 2469 ipsi,
449 2418 546 2471 quia
578 2417 702 2457 simul
723 2419 814 2458 vult
845 2419 962 2472 quod
996 2418 1150 2457 habent
1182 2419 1328 2458 datum
1352 2417 1528 2465 bonum,

221 2500 317 2526 cum
351 2486 402 2526 sit
434 2487 608 2537 iustum,
640 2495 678 2526 et
700 2488 790 2527 vult
822 2489 936 2541 quod
968 2501 1080 2527 nunc
1113 2500 1201 2526 non
1235 2487 1398 2540 habeat,
1432 2500 1530 2526 cum

220 2555 364 2596 aufert.
405 2557 642 2610 Loquimur
675 2556 789 2596 enim
820 2558 870 2596 de
904 2558 1055 2597 habere
1088 2557 1289 2610 opposito
1324 2555 1528 2595 ablacioni

270 2704 295 2733 5.
317 2704 493 2733 milliarium
522 2704 552 2732 in
582 2704 672 2732 codd.
701 2704 831 2732 rectius:
865 2704 1094 2732 milliariorum.
1238 2703 1265 2732 8.
1294 2706 1323 2732 A
1352 2704 1381 2731 in
1412 2711 1526 2738 marg:

221 2751 347 2779 Contra.
380 2750 524 2779 Secunda
543 2751 693 2779 obieccio.
837 2751 878 2778 18.
901 2751 941 2779 B:
971 2751 1029 2778 Hic
1054 2755 1197 2786 uegetum
1226 2752 1255 2778 A
1274 2751 1304 2778 in
1325 2758 1439 2785 marg:
1469 2750 1527 2777 Re-

220 2797 360 2833 sponsio.
501 2806 547 2827 20.
577 2798 607 2825 A
627 2798 658 2825 in
678 2805 792 2833 marg:
824 2797 1004 2826 Conclusio.
1145 2806 1190 2833 27.
1217 2799 1245 2825 A
1265 2798 1295 2825 in
1316 2803 1428 2832 marg:
1460 2795 1527 2824 Dif-

219 2844 354 2872 ferencie
373 2845 503 2872 iusticie.
645 2842 687 2871 33.
709 2845 738 2872 A
757 2845 813 2879 Al:
835 2845 915 2872 enim
937 2844 1033 2871 deest.
