2051 3343
192 244 238 269 10
904 236 1130 268 JOHANNIS
1159 235 1353 267 WYCLIF.
1640 221 1748 279 [CAP.
1768 233 1791 259 1.

475 343 517 382 in
550 343 655 381 libro
689 340 983 394 sapientissimi
1007 339 1246 380 Salomonis
1270 339 1348 378 nisi
1387 339 1593 379 unitatem
1623 339 1792 379 ecclesie
1812 356 1889 396 ¹29⁸
1907 352 1944 385 G.

477 412 680 453 catholice
704 411 994 450 excludentem
1016 408 1310 461 pluralitatem.
1336 409 1459 449 Unde
1482 408 1651 461 spiritus
1675 422 1791 448 sanc-

476 492 543 522 tus
587 482 628 520 in
676 490 792 533 patre
839 478 1078 520 Salomonis
1116 478 1250 517 David
1302 477 1358 517 sic
1406 486 1496 518 orat
1538 478 1580 517 in
1625 478 1792 518 Christo

202 563 269 591 The
298 563 385 599 unity
413 562 448 590 of
477 552 641 605 psalmo
696 550 826 601 XXIO,
876 562 941 600 21,
988 548 1109 588 Erue
1149 562 1173 587 α
1208 549 1393 602 framea
1433 548 1552 587 Deus
1602 549 1791 587 animam

203 598 448 668 piffieffihcilziiliaf
478 635 614 661 meam
649 627 687 660 et
719 621 771 660 de
804 633 936 659 manu
970 620 1090 658 canis
1122 620 1293 658 unicam
1328 629 1480 658 meam.
1527 618 1669 666 Quem
1706 626 1825 664 tex-5

187 676 280 704 many
314 676 460 702 passages
1762 687 1769 694 ,

221 702 255 730 of
272 703 431 738 scripmre.
476 701 568 732 tum
591 690 775 730 secundo
798 702 872 742 per
895 688 1143 729 decretalem
1174 688 1395 741 allegatam
1424 688 1569 727 beatus
1591 690 1792 740 Augusti·
1808 701 1833 733 2

476 774 554 800 nus
600 760 655 800 sic
704 759 876 811 exponit
927 767 1103 798 tractatu
1150 758 1336 798 secundo
1388 757 1577 797 eiusdem
1626 757 1794 810 psalmi:

478 831 667 870 Framea
699 829 836 883 inquit
868 829 1044 882 gladius
1077 834 1151 880 est,
1197 834 1237 868 et
1259 841 1344 880 per
1383 826 1577 882 vqladium
1618 833 1794 865 mortem

476 901 661 954 intelligi
691 900 833 939 voluit.
874 898 1050 938 Unicam
1086 911 1221 938 meam
1253 897 1361 937 dixit
1382 897 1618 937 ecclesiam.
1657 896 1798 935 Canes

476 976 575 1010 sunt
617 970 690 1021 qui
733 981 829 1008 ceco
869 980 986 1007 more
1030 968 1195 1007 latrant
1227 980 1302 1006 nec
1334 966 1610 1020 intelssligunt
1642 973 1893 1022 contra129b

477 1052 596 1092 quos,
630 1038 763 1077 eciam
798 1051 891 1077 cum
916 1037 1046 1076 nichil
1077 1038 1136 1076 eis
1151 1037 1223 1090 fit,
1259 1037 1423 1076 latrant
1445 1042 1594 1076 contra
1617 1037 1795 1083 viantes,

480 1110 575 1149 licet
605 1109 736 1148 velint
768 1108 827 1148 eis
851 1107 1084 1160 proficere.
1118 1107 1172 1147 Et
1203 1106 1367 1146 utinam
1398 1106 1530 1145 nostri
1562 1105 1792 1159 possessio-

478 1178 565 1218 nati
606 1191 692 1217 non
726 1177 807 1217 sint
837 1177 939 1216 tales
973 1176 1045 1230 qui
1078 1177 1319 1230 conspirant
1363 1185 1508 1216 contra
1554 1175 1797 1226 catholicos,

478 1257 698 1301 tangentes
744 1261 891 1288 eorum
942 1255 1209 1300 potestatem,
1255 1246 1411 1286 fastum
1455 1256 1495 1287 et
1537 1245 1799 1286 ablacionem

479 1318 782 1372 temporalium
814 1317 1089 1357 solummodo
1122 1317 1174 1356 ad
1205 1316 1428 1356 medelam.
1818 1327 1855 1360 15

538 1389 665 1429 Scivit
696 1397 840 1428 autem
872 1387 1063 1428 Christus
1096 1387 1313 1427 ecclesiam
1346 1400 1464 1426 suam
1498 1386 1540 1424 in
1572 1398 1673 1438 pace
1704 1397 1850 1437 pre-H

480 1468 597 1499 tensa
642 1472 715 1512 per
756 1457 1094 1497 antichristianos
1125 1456 1336 1511 ypocritas
1368 1455 1628 1495 amarissime
1660 1467 1799 1507 perse-

480 1529 706 1583 quendam.
740 1527 939 1568 Tercium
976 1526 1269 1567 testimonium
1317 1526 1520 1579 scripture
1558 1534 1619 1565 est
1658 1525 1842 1569 unitas3

480 1600 628 1648 arche,
663 1599 713 1638 de
746 1611 828 1652 qua
852 1597 955 1638 Gen.
978 1597 1070 1649 VIO,
1113 1598 1197 1649 160,
1230 1597 1382 1650 legitur
1408 1597 1525 1650 quod
1546 1596 1589 1635 in
1612 1603 1802 1648 tempore

480 1668 625 1708 diluvii
657 1669 699 1708 in
735 1667 873 1708 cubito
907 1675 1247 1708 consummatur.
1283 1668 1378 1716 Que
1404 1667 1456 1706 ad
1478 1679 1649 1706 sensum
1669 1664 1801 1704 misti-
1820 1686 1861 1707 20

481 1752 580 1779 cum
611 1738 763 1792 figurat
795 1746 984 1777 sanctam
1016 1746 1195 1777 matrem
1218 1737 1435 1777 ecclesiam
1460 1749 1544 1789 que
1565 1735 1608 1774 in
1630 1733 1800 1774 brachio

481 1808 644 1848 domini
684 1817 955 1849 conservatur
987 1817 1026 1848 et
1073 1807 1198 1847 unico
1242 1806 1325 1847 fine
1371 1807 1671 1846 mandatorum
1722 1817 1804 1859 que

482 1887 542 1919 est
590 1878 734 1918 caritas
781 1886 1113 1919 consummatur.
1164 1878 1377 1926 Quartum
1415 1875 1708 1916 testimonium
1746 1883 1846 1918 est4

483 1948 643 1988 dictum
686 1947 869 2001 apostoli
907 1947 1191 2000 Ephesiorum
1230 1947 1319 1999 lvo,
1356 1949 1392 1998 5,
1436 1945 1655 1985 asserentis
1687 1946 1805 1999 quod

484 2032 596 2059 unus
628 2018 752 2068 deus,
786 2031 872 2057 una
891 2017 1039 2071 fides‚·
1070 2031 1117 2056 ex
1150 2017 1268 2057 cuius
1291 2017 1449 2056 unitate
1471 2015 1659 2069 sequitur
1690 2015 1806 2068 quod
1823 2026 1861 2057 25

485 2089 537 2129 sit
559 2088 936 2141 correspondenter
967 2101 1051 2126 una
1073 2087 1150 2138 lex,
1184 2100 1318 2126 unum
1341 2100 1520 2139 regnum
1542 2086 1626 2125 sive
1649 2084 1807 2124 familia

486 2172 567 2212 que
599 2158 772 2198 indubie
805 2167 865 2198 est
897 2157 1139 2197 universalis
1164 2156 1347 2196 ecclesia.
1383 2156 1594 2205 Quintum
1616 2155 1846 2197 testimo-5

485 2229 606 2268 nium
628 2237 688 2269 est
713 2229 763 2268 de
795 2241 879 2268 una
907 2229 1054 2268 tunica
1087 2227 1351 2276 inconsutili,
1382 2240 1465 2280 que
1486 2240 1574 2265 non
1597 2226 1683 2265 sine
1705 2225 1805 2264 mis·

486 2299 590 2338 terio
622 2312 671 2338 ex
702 2298 947 2339 testimonio
969 2298 1170 2338 Johannis
1193 2298 1324 2349 XIX0‚
1359 2296 1426 2349 23,
1458 2304 1711 2336 remanserat
1742 2296 1804 2334 in-

487 2368 629 2408 divisa.
664 2368 1056 2421 Correspondenter
1087 2377 1254 2421 oportet
1299 2381 1386 2407 esse
1434 2366 1605 2406 unicam
1653 2364 1807 2405 Christi
1823 2376 1865 2408 30

489 2438 707 2478 ecclesiam
753 2438 1077 2491 infringibilibus
1109 2437 1287 2477 vinculis
1341 2436 1519 2476 caritatis
1567 2443 1808 2475 contextam

488 2509 602 2548 iuxta
633 2509 735 2548 illud
768 2508 949 2561 apostoli
970 2509 1095 2550 Rom.
1128 2508 1255 2560 V1110,
1290 2506 1355 2548 35.
1394 2507 1498 2555 Quis
1523 2519 1598 2546 nos
1628 2517 1806 2557 separa-

549 2641 578 2666 4.
595 2632 616 2659 B
633 2632 662 2659 in
679 2640 783 2668 marg:
804 2632 927 2660 Psalmo
944 2640 984 2667 113
1006 2634 1034 2660 A
1055 2633 1085 2660 in
1100 2640 1203 2667 marg:
1224 2632 1333 2660 Unitas
1349 2632 1478 2659 ecclesie
1493 2631 1641 2666 probatur
1655 2638 1690 2657 ex
1706 2629 1809 2657 multis

492 2679 654 2714 scripturis
671 2679 784 2714 (below
800 2680 859 2706 col.
876 2685 943 2714 129a
953 2681 974 2714 ).
1062 2679 1086 2707 5.
1101 2679 1140 2705 B:
1156 2678 1269 2706 carnis.
1361 2678 1388 2706 6.
1402 2677 1424 2704 B
1440 2678 1469 2705 in
1485 2685 1588 2712 marg:
1605 2676 1809 2712 Augustinus.

491 2735 533 2762 17.
554 2728 641 2761 AAI:
662 2725 905 2754 antichristinos.
997 2734 1040 2761 ¹9·
1062 2726 1083 2753 B
1104 2726 1134 2753 in
1156 2733 1260 2760 marg:
1282 2724 1361 2753 Gen.
1384 2725 1412 2752 6.
1497 2731 1533 2751 20
1555 2724 1615 2751 and
1635 2721 1679 2750 23.
1701 2721 1809 2750 Codd:

492 2778 706 2801 consumatur.
728 2772 868 2801 Correxi.
944 2781 989 2808 24.
1007 2773 1028 2800 B
1049 2772 1080 2800 in
1102 2780 1205 2808 marg:
1227 2772 1306 2807 Eph.
1322 2781 1351 2805 4.
1425 2779 1472 2807 29.
1486 2770 1507 2797 B
1523 2771 1552 2798 in
1568 2778 1670 2805 marg:
1690 2768 1808 2797 Joh.15.

552 2867 582 2900 6.
609 2870 695 2912 Aug.
725 2870 758 2901 in
784 2871 869 2913 psal.
896 2870 988 2901 XXI.
1011 2869 1102 2912 Opp.
1130 2876 1216 2901 tom.
1245 2869 1301 2909 IV,
1327 2878 1404 2910 pag.
1432 2866 1486 2910 98.
