2051 3273
264 209 283 246 5
297 220 342 246 12
971 215 1195 248 JOHANNIS
1220 215 1414 248 WYCLIF.
1653 201 1758 260 [CAP.
1779 212 1861 240 xm.

549 320 710 373 positos
743 320 1124 373 proporcionaliter
1157 334 1256 359 cum
1279 334 1320 359 se
1343 319 1456 372 ipsis.
1491 319 1572 359 Sed
1594 333 1646 359 ne
1669 319 1858 359 subditus
1879 328 1958 374 198‘1
1973 330 2012 363 R,

259 399 330 425 who
357 399 422 425 also
449 397 535 431 gives
551 389 712 429 diffidat
744 390 793 428 de
826 398 1034 442 potestate
1066 389 1129 429 sui
1162 389 1378 442 prepositi,
1420 402 1519 428 curn
1549 388 1591 427 in
1625 388 1861 428 cessacione

262 432 534 494 affiivkeersvtliizlm
552 459 841 513 cuiuscunque
886 458 1015 498 officii
1061 473 1171 498 unus
1218 467 1395 499 caracter
1438 457 1705 511 extinguitur,
1749 458 1861 497 Deus

261 500 665 597 mt¹1?{{}s?‹ii1cir¹ied⁰fdedit
712 536 959 568 caracterem
1004 528 1277 581 superiorem,
1332 527 1404 581 qui
1455 536 1515 567 est
1566 527 1767 567 limitacio
1811 528 1864 567 ad

324 580 339 598 e
366 571 474 598 actual.
552 596 853 637 sufficienciam
902 597 1191 650 dati-generis
1240 596 1459 636 ministerii
1515 596 1766 648 indistincte,
1825 606 1897 640 et5

554 668 682 706 talem
735 676 991 707 caracterem
1045 681 1128 707 non
1182 676 1325 720 potest
1377 667 1600 706 ordinatus
1655 668 1862 717 deserere,

552 737 758 790 quamdiu
798 747 942 777 manet
988 738 1029 776 in
1070 751 1119 776 eo
1161 736 1357 790 potencia
1397 737 1449 775 ad
1498 737 1617 789 signa
1650 736 1864 776 sensibilia

556 806 901 848 ministrandum.
956 806 1169 859 Suspendi
1214 816 1357 846 tamen
1403 815 1545 860 potest
1589 820 1611 845 a
1656 806 1865 858 superiori

555 885 730 929 propter
775 890 948 916 causam
994 876 1313 929 racionabilem,
1369 888 1419 915 ne
1467 876 1687 915 ordinatus
1735 884 1865 929 ponat

554 954 656 985 tunc
691 955 946 986 caracterem
980 946 1023 985 in
1056 946 1267 985 effectum.
1885 966 1925 988 10

261 1020 541 1084 Τὲὲέῑζεοτῖὲῖῑὲἰξὶ
612 1016 666 1056 Et
699 1016 732 1055 si
774 1026 979 1069 queratur
1018 1016 1245 1055 necessitas
1278 1015 1465 1069 ponendi
1510 1023 1573 1054 tot
1618 1024 1866 1067 caracteres,

306 1090 503 1161 dseecrliiarteuciei.n
556 1085 711 1125 dicitur
744 1086 860 1139 quod
893 1085 1078 1125 admissa
1111 1084 1427 1137 significacione
1462 1084 1565 1138 quid
1597 1084 1794 1136 nominis,
1828 1093 1868 1123 et

555 1155 778 1208 supposita
826 1156 1102 1195 ordinacione
1147 1156 1289 1195 divina
1329 1155 1380 1194 de
1420 1155 1651 1195 dividendo
1692 1154 1867 1194 diversis

557 1224 804 1264 hominibus
840 1225 1026 1265 diversas
1061 1226 1222 1277 gracias
1247 1224 1378 1264 officii
1403 1225 1534 1277 gratis
1559 1225 1693 1276 datas,
1727 1222 1867 1276 sequi-

557 1304 626 1334 tur
650 1295 954 1335 inevitabiliter
977 1296 1166 1348 predicta
1191 1294 1412 1335 diversitas
1433 1303 1710 1335 caracterum.
1745 1293 1869 1334 Unde
1890 1302 1926 1334 15

557 1365 609 1404 ad
674 1364 943 1404 fundandum
1005 1365 1128 1404 istam
1183 1365 1442 1404 sentenciam
1503 1372 1673 1417 oportet
1731 1364 1870 1416 primo

556 1448 800 1488 supponere
833 1434 961 1474 fidem
995 1435 1203 1488 scripture
1244 1434 1281 1473 Ia
1316 1434 1414 1474 Cor.
1437 1435 1551 1488 X110‚
1584 1443 1716 1486 4——72
1750 1433 1871 1473 Divi-

555 1505 695 1545 siones
716 1505 969 1558 graciarum
1001 1510 1116 1553 sunt,
1148 1503 1255 1543 idem
1295 1511 1438 1543 autem
1471 1505 1670 1557 spiritus;
1701 1510 1740 1542 et
1770 1502 1871 1542 divi-

555 1575 695 1614 siones
741 1575 1108 1614 ininistracionum
1152 1581 1266 1623 sunt,
1311 1574 1423 1614 idem
1469 1581 1612 1614 autem
1657 1572 1872 1622 dominus,

556 1651 596 1685 et
646 1644 869 1684 divisiones
908 1645 1209 1698 operacionunz
1248 1651 1362 1694 sunt,
1407 1643 1513 1683 idem
1564 1650 1706 1683 autem
1751 1643 1872 1682 Deus
1889 1663 1931 1685 20

557 1715 629 1768 qui
671 1722 878 1767 operatur
908 1715 1051 1754 onmia
1098 1715 1139 1753 in
1185 1714 1392 1754 omnihus.
1452 1713 1687 1766 Unicuique
1732 1719 1873 1752 autem

558 1784 690 1824 datur
721 1784 1018 1838 manifestacio
1050 1785 1227 1837 spiritus
1260 1784 1319 1823 ad
1346 1784 1581 1824 utilitatem.
1619 1784 1669 1822 Et
1702 1791 1800 1835 post
1832 1782 1873 1821 in

560 1868 740 1907 corpore
787 1854 959 1894 ecclesie
1009 1854 1190 1907 explicat
1236 1867 1391 1893 novem
1431 1854 1604 1905 gradus.
1658 1853 1744 1892 Nec
1777 1852 1874 1892 licet

561 1925 771 1976 denegare
812 1925 938 1963 talem
972 1925 1168 1963 ordinem
1202 1924 1476 1963 concedendo
1511 1935 1668 1975 corpus
1702 1921 1874 1961 ecclesie

560 1994 626 2033 vel
660 1995 749 2033 eius
782 1994 998 2033 ministros
1032 1994 1266 2034 secundum
1300 1994 1391 2032 iura
1425 1993 1642 2032 canonica.
1890 2002 1931 2034 25

621 2064 746 2104 Unde
771 2064 957 2102 notanda
982 2073 1043 2103 est
1060 2064 1321 2102 trimembris
1345 2063 1498 2102 divisio
1522 2071 1662 2101 textus
1679 2061 1873 2115 apostoli.
1890 2073 1919 2105 S

562 2134 716 2186 Aliqua
773 2133 885 2172 enim
938 2134 1068 2172 donat
1112 2131 1225 2172 Deus
1271 2133 1569 2185 predestinatis
1625 2145 1706 2184 que
1753 2140 1876 2170 vocat

562 2204 723 2255 gracias
770 2216 791 2241 a
839 2203 989 2256 spiritu
1042 2212 1188 2242 sancto
1234 2203 1369 2252 datas,
1424 2202 1523 2254 quia
1577 2201 1874 2253 predestinatis

560 2273 801 2312 timentibus
825 2272 965 2312 Deum
990 2273 1131 2311 omnia
1161 2278 1449 2325 cooperantur
1480 2271 1521 2310 in
1546 2272 1716 2310 bonum.
1752 2271 1876 2310 Unde

565 2344 664 2396 quia
710 2356 807 2382 cum
852 2343 942 2381 istis
985 2342 1107 2381 donis
1149 2351 1231 2382 stat
1269 2342 1449 2381 mortale
1482 2341 1717 2380 secundum
1741 2338 1763 2362 ²¹⁴
1786 2353 1876 2392 pre·
1899 2353 1976 2395 ¹99²

563 2423 728 2452 sentem
768 2413 997 2464 iusticiam,
1045 2413 1140 2451 ideo
1181 2421 1389 2451 vocantur
1433 2412 1571 2463 gracie
1611 2410 1740 2462 gratis
1779 2409 1875 2448 date

564 2496 611 2521 ex
635 2483 936 2522 benevolencia
959 2481 1133 2534 spiritus
1156 2481 1499 2534 predestinantiS.
1531 2479 1874 2519 Ministraciones

566 2562 707 2592 autem
754 2562 853 2592 sunt
899 2553 938 2591 in
980 2552 1169 2604 qualibet
1202 2561 1394 2590 creatura
1436 2550 1634 2589 racionali
1669 2548 1876 2601 predesti-

616 2720 642 2747 7.
663 2711 701 2738 B:
730 2711 759 2738 in
781 2720 825 2738 ea.
969 2720 1000 2739 11.
1030 2712 1058 2739 A
1079 2711 1108 2738 in
1130 2719 1245 2746 marg:
1273 2710 1416 2746 Questio.
1559 2716 1596 2736 12.
1619 2708 1657 2735 B:
1686 2707 1878 2741 signacione.

625 2841 677 2874 29.
704 2831 805 2861 Rom.
836 2830 920 2870 VIII,
951 2829 1003 2861 28.
