2051 3273
250 240 338 268 CAP-
356 230 424 287 XL]
765 244 824 277 DE
851 245 1090 278 Ecctsssm.
1774 238 1852 277 235

97 358 129 392 F
155 358 231 392 161⁶·
250 347 446 400 precipue
479 347 654 387 trahitur
687 349 737 387 ab
770 348 1101 390 inhabitantibus
1125 350 1246 390 illum
1268 351 1425 402 locum,
1450 362 1564 404 patet

249 417 365 470 quod
397 416 488 456 talis
521 418 833 458 monachorum
865 418 1040 459 infeccio
1081 421 1253 474 derogat
1286 421 1491 461 sanctitati
1525 431 1563 462 et

247 485 481 526 reverencie
513 485 594 525 loci
628 500 758 539 quam
790 501 859 527 rex
891 488 1157 542 privilegians
1191 489 1447 531 intendebat.

196 570 234 603 G
304 557 390 596 Nec
421 555 530 594 valet
559 555 694 596 dicere
728 555 792 611 (ut
824 558 963 597 audivi
997 559 1209 612 quosdam
1240 558 1413 616 fingere)
1448 562 1564 614 quod
1584 567 1717 630 zeediffii
1737 574 1850 632 iiiiii?

214 639 230 672 5
247 624 351 664 infra
382 625 525 665 locum
557 624 758 665 haberent
781 627 962 668 iniuriati
997 637 1141 668 contra
1164 629 1368 682 profugos
1390 644 1562 683 respon·
1579 637 1855 705 {Jebffssffs‘gaiiyi}

215 696 390 742 1dentes
436 695 594 737 ibidem
640 695 801 736 iusticie
848 698 1224 750 complementum.
1276 699 1418 739 Primo
1467 699 1564 753 quia
1606 712 1659 734 1101
1680 716 1856 770 afF‘FOPFs,

246 764 349 804 ritus
380 767 496 818 regni
528 766 745 806 laudabilis
778 767 820 805 in
851 766 1046 807 habendo
1080 767 1221 808 forum
1244 769 1565 809 contenciosum
1579 747 1699 770 consto
1729 748 1856 778 Jusncc,

245 835 288 873 in
319 836 414 875 loco
447 836 670 889 prophano
703 849 791 875 non
823 837 945 876 debet
977 837 1019 875 in
1053 838 1233 878 domum
1267 839 1473 878 oracionis
1500 840 1566 878 vel

245 904 390 945 locum
430 915 623 946 sanctum
666 915 839 959 propter
876 907 956 946 tale
994 907 1251 947 maleficium
1283 909 1563 949 transmutari.

207 975 442 1022 2Secundo
476 975 574 1029 quia
606 976 824 1015 monachis
856 990 934 1029 pro
979 990 1166 1030 quorum
1200 978 1338 1031 quiete
1370 992 1439 1018 rex
1477 987 1563 1018 tam
1579 984 1857 1048 thffirlgoaeoffiffls

247 1053 385 1084 tenere
429 1045 669 1098 procuravit
711 1045 932 1086 inferretur
980 1047 1216 1099 dampnum
1261 1047 1413 1099 anime,
1465 1048 1564 1102 quia
1623 1055 1811 1118 diffigffiqtpe

246 1114 501 1168 inquietacio
518 1129 539 1154 a
559 1115 921 1168 contemplacione
937 1116 1166 1156 distrahens
1182 1117 1299 1158 cuius
1316 1118 1565 1171 oppositum
1751 1111 1758 1117 ⁸
1774 1113 1780 1125 ⁷

203 1198 229 1230 3
245 1184 511 1238 privilegians
533 1185 790 1225 intendebat.
826 1186 976 1226 Tercio
1000 1187 1098 1240 quia
1120 1197 1264 1227 contra
1286 1188 1350 1227 ius
1372 1188 1564 1228 divinum
1623 1194 1649 1223 c)
1668 1198 1699 1220 10
1720 1201 1774 1220 use
1795 1203 1811 1221 a

1711 1228 1728 1254 11
1752 1237 1781 1243 --
1805 1239 1809 1243 ·

245 1263 284 1294 et
306 1255 369 1294 ius
393 1255 562 1295 ecclesie
579 1264 639 1295 est
652 1255 807 1295 violare
826 1269 1027 1308 sponsam
1043 1256 1196 1296 Christi
1214 1257 1279 1296 vel
1300 1257 1443 1297 locum
1459 1257 1560 1297 eius.
1578 1228 1727 1290 coculiiffgf
1750 1237 1854 1290 isswdis

192 1338 227 1371 ι5
245 1325 367 1364 Unde
400 1325 477 1365 VI⁰
509 1325 807 1377 Decretalium,
842 1326 908 1366 De
941 1326 1212 1366 immunitate
1244 1327 1437 1379 ecclesie,
1473 1341 1562 1380 cap.
1607 1303 1638 1325 to
1659 1298 1771 1325 v1olate
1792 1303 1823 1326 η’

246 1394 391 1443 Decet,
426 1403 652 1448 postquam
685 1395 921 1434 ostenditur
953 1410 1000 1435 ex
1033 1396 1238 1448 scriptura
1270 1397 1385 1449 quod
1419 1397 1562 1436 multi-

243 1463 406 1516 pliciter
428 1465 545 1504 decet
567 1464 762 1504 sanctitas
786 1466 965 1505 domum
989 1465 1077 1517 Dei,
1103 1466 1159 1505 sic
1181 1465 1374 1506 infertur:
1400 1464 1565 1507 Nullus

242 1534 285 1572 in
321 1533 424 1573 Iocis
457 1534 614 1574 eisdem
660 1535 702 1574 in
736 1534 892 1587 quibus
924 1547 1018 1574 cum
1047 1548 1158 1587 pace
1195 1548 1247 1575 ac
1291 1537 1430 1588 quiete
1468 1544 1564 1577 vota

244 1605 442 1643 convenit
461 1604 688 1653 celebrari,
703 1604 963 1644 sedicionem
989 1606 1154 1656 excitet,
1171 1605 1562 1647 conclamacionem

187 1699 227 1720 20
244 1679 423 1724 moveat,
474 1674 730 1726 impetumve
763 1675 1026 1724 committat;
1059 1682 1225 1715 cessent
1260 1677 1304 1716 in
1338 1675 1423 1716 illis
1468 1678 1563 1717 uni-

242 1742 495 1782 versitatum
541 1750 579 1783 et
620 1744 871 1784 societatum
913 1745 1098 1797 quelibet
1143 1746 1340 1797 consilia,
1389 1759 1562 1788 concer-

242 1813 432 1852 taciones
476 1820 513 1852 et
552 1813 729 1866 publica
765 1815 1088 1866 parliamenta;
1136 1823 1302 1855 cessent
1354 1830 1468 1857 vana
1527 1826 1566 1858 et

244 1883 378 1921 multo
399 1883 576 1937 sorcius
602 1883 717 1936 feda
765 1891 804 1923 et
840 1884 1074 1937 prophana
1122 1886 1354 1938 colloquia,
1402 1896 1566 1927 cessent

242 1951 625 2005 confabulaciones
645 1953 845 2005 quelibet,
868 1954 943 1993 sed
956 1962 1179 2006 postremo
1200 1969 1454 2009 quecunque
1476 1959 1565 1998 alia

187 2037 226 2068 25
248 2034 329 2073 que
376 2022 567 2061 divinum
607 2030 787 2075 possent
829 2024 1011 2064 turbare
1056 2025 1248 2079 officium
1295 2033 1372 2066 aut
1416 2029 1564 2068 oculos

243 2090 386 2130 divine
442 2092 676 2132 maiestatis
722 2092 943 2145 offendere
994 2095 1080 2133 sint
1126 2095 1178 2134 ab
1229 2096 1332 2148 ipsis
1374 2110 1566 2148 prorsus

245 2167 469 2209 extranea,
515 2175 567 2201 ne
609 2162 681 2201 ubi
703 2169 986 2214 peccatorum
1029 2171 1091 2203 est
1124 2166 1248 2205 venia
1275 2167 1563 2218 postulanda,

243 2230 522 2283 ibipeccandi
544 2232 671 2271 detur
693 2233 863 2272 occasio
887 2240 962 2272 aut
982 2234 1563 2289 deprehendanturpeccata

244 2301 459 2340 committi.
525 2309 687 2341 cessent
731 2303 772 2341 in
818 2304 1010 2343 ecclesiis
1055 2317 1297 2357 earumque
1343 2308 1564 2347 cimiteriis

185 2384 228 2416 30
246 2371 571 2423 negociaciones
594 2377 634 2410 et
653 2373 866 2424 precipue
890 2372 1189 2413 nundinarum
1224 2388 1275 2414 ac
1295 2375 1397 2428 fori
1419 2377 1562 2417 cuius-

293 2527 322 2552 4.
354 2520 383 2546 A
412 2518 433 2546 B
464 2519 493 2546 in
525 2527 638 2555 marga
669 2519 847 2555 Responsio
876 2521 955 2548 ficta.
1100 2530 1137 2549 ιι.
1165 2523 1198 2550 In
1228 2523 1336 2550 codd:
1367 2523 1562 2552 insereretur.

243 2565 279 2593 15.
300 2567 329 2593 A
349 2566 380 2593 in
401 2574 516 2601 marg:
537 2566 619 2594 Nota
639 2575 694 2602 pro
717 2567 911 2596 immunitate
931 2568 1143 2596 ecclesiarum.
1218 2577 1264 2596 20.
1279 2578 1318 2597 21.
1340 2569 1431 2597 Decr.
1454 2571 1562 2599 habet:

242 2612 320 2639 locis
333 2612 393 2640 illis
408 2612 641 2641 universitatum
655 2618 683 2640 et
698 2614 880 2642 societatum
893 2615 1103 2650 quarumlibet
1119 2616 1261 2650 concilia,
1277 2617 1447 2645 conciones
1469 2623 1518 2645 et.
1536 2639 1560 2645 ..

242 2657 287 2685 28.
308 2659 337 2686 A
356 2660 415 2694 Al:
437 2665 564 2694 peccata
584 2659 699 2695 quieta.
842 2668 888 2694 29.
911 2663 939 2689 A
958 2662 989 2688 in
1011 2670 1130 2697 marg:
1158 2662 1242 2690 Nota
1270 2668 1378 2690 contra
1403 2664 1559 2691 nundinas

243 2709 271 2731 et
292 2705 442 2733 secularia
463 2706 595 2741 negocia
614 2706 643 2733 in
665 2707 742 2733 Iocis
763 2706 870 2734 sacris.
899 2707 919 2734 Β
941 2707 970 2734 in
992 2716 1106 2744 marga
1129 2709 1199 2744 Que
1221 2709 1426 2745 prohibentur
1447 2710 1511 2737 fieri
1533 2710 1563 2737 in

242 2751 383 2779 ecclesiis
408 2756 435 2779 et
456 2760 563 2780 earum
585 2752 756 2781 cimiteriis.

304 2857 356 2890 15.
384 2858 474 2891 Sexti
503 2858 628 2891 decret.
654 2858 712 2891 lib.
739 2860 793 2901 ΙΙΙ,
820 2860 868 2893 tit.
899 2861 1022 2902 XXllI⁷
1049 2871 1121 2905 cap.
1149 2862 1187 2894 II.
