2051 3343
240 231 294 271 70
976 223 1198 256 JOHANNIS
1222 223 1418 256 WYCLIF.
1669 208 1775 266 [CAP.
1790 219 1844 247 iv.

1000 325 1016 348 >i

262 350 288 369 2.
311 340 493 376 objection:
529 338 720 382 tempore
768 341 844 367 suo
878 329 967 367 Deo
1016 328 1023 342 ’“
1056 327 1283 379 presencia,
1329 340 1426 366 cum
1464 326 1580 366 aliter
1611 340 1696 365 non
1730 340 1845 366 com·
1866 344 1995 377 138„ss

240 376 755 452 Iglivtffiiiirffsrssffilgi'poneretur
786 397 956 436 ecclesia
989 410 1037 435 ex
1067 396 1264 436 omnibus
1288 396 1425 434 electis
1447 395 1721 448 presentibus,
1755 409 1845 448 pre-

240 446 657 515 W0³1¹1¹1¹5¹f13³ss⁰s13²1-e-teritis
702 476 741 507 et
785 467 949 507 futuris.
996 467 1075 506 Sed
1116 466 1358 505 conceditur
1391 465 1621 516 conclusio,
1668 474 1713 505 ut
1746 479 1845 505 con-

270 520 336 542 sent
357 519 389 542 to
411 515 488 542 God.
530 539 682 577 cedunt
724 537 852 575 sancti
887 535 1170 587 concorditer,
1205 535 1316 574 unde
1350 544 1516 574 sanctus
1550 535 1753 586 Thomas,
1786 535 1847 574 De

530 607 713 657 Christo,
738 605 1008 645 conclusione
1032 613 1190 655 octava,
1215 604 1390 643 articulo
1407 604 1492 656 1110,
1516 618 1609 643 vere
1625 603 1848 656 dicitquod
1865 622 1881 654 5

530 689 686 728 corpus
729 675 913 714 hominis
966 675 1142 714 ecclesie
1194 674 1468 713 constituitur
1504 687 1558 713 ex
1607 673 1849 713 hominibus

531 745 816 799 quisuerunt
847 756 872 782 a
897 744 1119 796 principio
1153 743 1303 782 mundi
1336 756 1469 796 usque
1500 743 1556 782 ad
1572 743 1711 796 finem
1743 744 1848 783 eius.

258 818 498 879 AHAgfflsseWSegsms
530 813 970 855 EtChrisostomusIn
994 812 1256 865 Imperfecto,
1273 812 1439 852 Omelia
1460 813 1624 863 XLvla,
1637 826 1849 865 exponens

242 894 332 920 agree
358 887 421 914 that
445 885 632 924 tneyfflUd
654 883 827 923 Matthei
851 883 1020 934 XX1110,
1056 882 1127 932 34:
1161 882 1272 922 Ecce
1297 895 1375 935 ego
1404 883 1522 921 mitto
1557 883 1613 921 aa'
1644 895 1717 921 vos
1742 895 1849 934 pro-

242 929 292 948 are
320 929 354 949 so
380 926 678 1007 presencphetas
717 960 757 992 et
791 955 1023 1004 sapientes,
1058 952 1239 991 ostendit
1286 965 1334 990 ex
1379 951 1459 990 fide
1498 951 1697 1004 scripture
1735 952 1908 1004 quod10

531 1029 699 1075 oportet
727 1022 837 1061 duas
867 1023 1179 1075 generaciones
1213 1022 1264 1060 ab
1297 1020 1433 1060 Adam
1468 1034 1598 1073 usque
1632 1021 1690 1060 ad
1708 1021 1848 1073 finem

530 1092 681 1132 mzmdi
724 1104 1007 1140 concurrere,
1061 1091 1222 1130 scilicet
1266 1091 1600 1144 generacionem
1641 1092 1850 1129 iustorum

530 1175 611 1215 que
652 1168 715 1201 est
751 1167 901 1200 sancta
941 1167 1079 1199 mater
1117 1161 1295 1199 ecclesia
1330 1166 1365 1199 et
1400 1173 1559 1212 corpus
1597 1159 1771 1208 Christi,
1813 1165 1853 1199 et

531 1233 866 1285 generacionem
910 1243 1218 1283 perversorum
1275 1243 1353 1283 que
1403 1238 1464 1270 est
1521 1231 1701 1270 ecclesia
1761 1243 1851 1269 ma-

534 1303 802 1356 lignancium
836 1309 875 1341 et
897 1313 1057 1353 corpus
1080 1300 1251 1339 diaboli.
1277 1299 1494 1351 Omnium,
1518 1300 1666 1353 inquit,
1689 1300 1851 1351 iniquo·
1871 1317 1906 1349 15

535 1386 632 1411 rum
670 1378 1002 1424 persecutorum
1037 1377 1074 1410 et
1109 1369 1426 1409 homicidarum
1476 1382 1501 1408 a
1539 1369 1673 1422 Caym
1720 1382 1853 1421 usque

244 1456 293 1484 Αιι
324 1455 374 1483 the
403 1453 520 1481 wicked
536 1442 591 1481 ad
609 1442 748 1495 finem
786 1441 938 1480 mundi
971 1453 1057 1478 una
1088 1440 1322 1492 generacio
1356 1446 1438 1479 est:
1469 1446 1507 1479 et
1538 1441 1575 1478 si
1598 1452 1679 1478 non
1705 1451 1852 1478 omnes

244 1492 520 1558 makerffioengene-
536 1519 726 1564 tempore
766 1525 861 1558 uno,
903 1523 1048 1550 omnes
1082 1516 1222 1548 tamen
1242 1508 1335 1561 filii
1366 1516 1465 1548 sunt
1490 1510 1783 1561 persecutoris
1815 1515 1854 1548 et

536 1582 746 1621 homicide
791 1581 907 1620 illius
945 1580 1095 1632 Caym.
1142 1579 1238 1617 Ideo
1284 1578 1380 1617 alibi
1423 1578 1537 1618 dic't:
1583 1580 1717 1618 Amen
1759 1578 1852 1618 dico

534 1653 666 1702 vobis,
691 1664 773 1690 non
795 1650 994 1689 transibit
1015 1649 1256 1702 generacio
1282 1650 1373 1697 hec,
1398 1647 1532 1687 donec
1555 1649 1699 1687 omnia
1718 1648 1851 1701 fiant,
1869 1673 1911 1695 20

533 1722 589 1761 Et
622 1722 740 1761 illam
773 1721 1108 1774 generacionem
1143 1719 1411 1758 demonstrat
1438 1718 1648 1770 Christus,
1682 1718 1852 1771 quando

533 1793 636 1831 dicit
667 1791 716 1831 de
742 1790 961 1843 presenti:
1006 1788 1117 1828 Ecce
1159 1801 1239 1842 ego
1279 1789 1394 1827 mitto
1434 1788 1491 1827 aa'
1532 1801 1603 1828 vos
1641 1790 1853 1840 sapientes

532 1868 571 1901 et
601 1861 782 1909 scribas,
817 1861 913 1899 licet
944 1859 1055 1899 enim
1094 1857 1228 1911 Caym
1257 1864 1515 1910 persecutor
1532 1858 1636 1897 Abel
1659 1867 1854 1898 mortuus

534 1938 607 1982 est,
651 1938 792 1970 tamen
825 1929 943 1983 facti
986 1934 1085 1968 sunt
1130 1929 1349 1981 gigantes,
1393 1935 1704 1979 persequentes
1728 1928 1854 1981 filios

536 2002 646 2041 Seth.
679 2000 791 2039 Ecce
829 1999 964 2051 Caym
999 1999 1184 2049 transiit,
1219 1998 1295 2037 sed
1325 1999 1558 2051 generacio
1591 1999 1683 2049 ipsa
1722 1999 1902 2044 stetit.25

534 2072 766 2111 Perierunt
809 2070 939 2108 tercio
982 2070 1185 2122 gigantes
1223 2069 1264 2107 in
1299 2067 1477 2115 diluvio,
1525 2067 1600 2106 sed
1638 2068 1727 2106 nati
1758 2074 1857 2106 sunt

533 2154 588 2181 ex
614 2141 753 2193 Caym
784 2139 978 2178 Cananei
1004 2145 1039 2177 et
1063 2144 1202 2177 cetere
1224 2144 1389 2190 gentes,
1413 2136 1856 2189 persequentesfilios

535 2210 644 2251 Sem.
703 2209 919 2248 Cananeis
952 2209 1132 2247 mortuis
1175 2214 1327 2259 quarto
1366 2212 1666 2246 successerunt
1705 2207 1856 2246 alieni-

592 2319 611 2338 1.
634 2311 672 2337 13:
701 2311 737 2338 de
765 2309 935 2345 presencia.
1002 2309 1027 2337 3.
1048 2309 1108 2336 AB
1130 2308 1159 2335 in
1188 2316 1299 2343 marg:
1328 2307 1512 2342 Responsio.
1591 2317 1619 2340 4.
1642 2309 1669 2334 A
1690 2307 1718 2334 in
1740 2315 1853 2342 marg:

533 2357 665 2386 Sanctus
693 2356 845 2384 Thomas.
882 2355 963 2383 Nota
997 2357 1033 2383 de
1069 2355 1327 2389 generacionibus
1370 2355 1524 2381 bonorum
1563 2358 1653 2389 atque
1692 2355 1856 2381 malorum.

534 2405 655 2437 (Above
684 2402 747 2430 138³
764 2403 895 2430 without
926 2403 1013 2429 mark
1042 2402 1076 2429 of
1104 2401 1283 2435 reference.)
1306 2401 1326 2427 Β
1354 2401 1384 2427 in
1413 2409 1527 2435 marga
1558 2400 1700 2427 Al‘lirmat
1730 2405 1854 2427 sanctus

533 2449 673 2477 Thomas
688 2449 927 2484 ampliacionem
949 2449 1034 2476 verbi
1055 2453 1086 2475 nt
1101 2448 1232 2475 videtur.
1325 2446 1352 2474 S.
1368 2447 1429 2474 ΑΒ
1445 2446 1475 2475 in
1491 2454 1608 2481 marga
1631 2445 1854 2475 Crisostomus.

534 2505 562 2531 9.
585 2498 616 2523 In
638 2496 741 2523 codd:
765 2495 888 2522 Omelia
907 2494 1017 2522 XXIX.
1128 2502 1161 2521 11.
1184 2494 1222 2521 13:
1245 2494 1345 2521 Adam
1369 2493 1464 2520 deest.
1573 2501 1618 2526 24.
1640 2493 1668 2520 A
1691 2493 1717 2520 in
1740 2501 1855 2527 marga

534 2542 716 2569 Persecucio
732 2542 861 2568 ecclesie
877 2546 981 2568 sancte
999 2541 1035 2567 ab
1047 2540 1178 2567 ecclesia
1194 2540 1444 2575 malignancium.
1459 2539 1479 2566 Β
1493 2548 1521 2567 in
1538 2548 1634 2575 marg.
1647 2549 1653 2566 ι
1665 2539 1857 2567 Commixcio

534 2588 748 2623 generacionis
770 2596 864 2623 prave
885 2595 954 2614 cum
976 2586 1121 2614 benivola
1142 2587 1345 2622 generacione
1365 2586 1437 2613 ,Iesu
1459 2585 1584 2612 Christi.

594 2671 623 2704 5.
649 2670 810 2702 Thomae
838 2671 930 2713 Opp.
957 2677 1032 2702 tom
1059 2671 1099 2711 V,
1126 2680 1202 2712 pag.
1233 2669 1284 2701 51.
1428 2668 1460 2700 8.
1488 2669 1587 2712 Opus
1614 2668 1856 2711 imperfectum

536 2728 669 2770 (incerti
697 2728 878 2769 auctoris),
909 2729 1039 2760 Homil.
1062 2728 1167 2759 XLV.
1191 2727 1370 2770 Chrysost.
1389 2727 1478 2770 Opp.
1502 2728 1570 2767 (ed.
1590 2726 1786 2758 Bernardus
1814 2726 1856 2757 de

536 2786 780 2826 Montsaucon)
809 2793 894 2818 tom.
924 2786 978 2825 VI,
1006 2795 1083 2828 pag.
1109 2786 1254 2817 CXCIII.
1282 2786 1320 2817 E.
1497 2784 1544 2816 15.
1574 2785 1641 2826 Op.
1670 2784 1750 2826 imp.
1780 2785 1800 2815 l.
1828 2794 1856 2815 c.

536 2854 614 2886 pag.
642 2844 785 2876 CXCIV.
815 2844 854 2874 E.
