2051 3343
232 236 280 261 22
942 229 1163 262 JOHANNIS
1190 229 1386 260 WYCMR
1679 213 1781 272 [CAP.
1805 225 1827 251 1.

231 348 297 374 One
328 347 403 373 head
425 354 503 384 ‚may
519 336 720 387 ordinata,
769 335 873 374 sicut
904 335 1017 373 idem
1054 334 1239 386 populus
1272 332 1396 372 habet
1427 332 1584 371 multos
1617 331 1828 382 dominos,
1849 340 1979 375 130⁶R

230 381 654 444 betosffigtrlaeuriatemmm
698 403 1019 443 subordinatum
1065 402 1181 441 alteri
1235 400 1359 456 (sicut
1410 410 1522 454 patet
1571 401 1614 440 in
1659 399 1831 439 materia

520 474 659 528 civili).
694 474 746 513 Et
779 473 834 512 sic
866 473 1028 511 videtur
1055 472 1187 511 dicere
1210 472 1326 524 quod
1349 472 1494 511 eadem
1517 470 1685 510 ecclesia
1707 469 1830 509 habet

519 544 651 583 multa
722 542 857 594 capita
926 540 1116 580 ordinata
1181 540 1414 579 secundum
1476 539 1647 578 inferius
1705 547 1830 591 atque

518 612 720 665 superius.
1848 618 1864 650 5

576 681 655 720 Hic
687 681 836 719 dicitur
869 680 985 733 quod
1017 679 1128 718 idem
1162 692 1313 731 corpus
1346 677 1513 717 ecclesie
1545 678 1668 716 habet
1699 677 1831 716 multa

519 751 665 803 capita,
698 759 743 790 ut
775 749 959 803 quelibet
989 748 1245 801 particularis
1278 747 1448 786 ecclesia
1479 747 1603 786 habet
1634 746 1686 786 ad
1708 746 1830 785 mini-

518 833 639 859 mum
670 819 746 858 tria
779 819 925 871 capita,
959 818 1112 858 scilicet
1143 817 1416 868 divinitatem,
1451 816 1606 856 Christi
1637 815 1831 855 humani-

231 898 647 929 TiieChurchhastatem
676 898 715 928 et
766 888 1032 940 capitaneum
1074 887 1184 927 illius
1229 886 1410 926 ecclesie.
1457 886 1641 925 Ecclesia
1691 893 1832 925 autem

231 936 762 1009 ciiiivssszs¹¹3i¹vdissinyuniversalis
807 971 888 1011 que
932 966 991 997 est
1034 966 1174 997 totum
1216 970 1368 1008 corpus
1416 955 1568 995 Christi
1619 954 1890 997 misticum10

231 1005 290 1033 ana
320 1006 504 1076 liiityliuma'
518 1027 643 1067 habet
694 1028 779 1067 duo
833 1027 981 1079 capita,
1035 1026 1188 1066 scilicet
1240 1034 1364 1078 caput
1416 1025 1693 1064 extrinsecum
1748 1037 1830 1076 que

521 1106 581 1137 est
624 1096 816 1136 divinitas
864 1106 902 1136 et
952 1106 1076 1149 caput
1130 1096 1402 1135 intrinsecum
1449 1108 1530 1147 que
1572 1103 1631 1134 est
1679 1093 1830 1133 Christi

519 1166 772 1218 humanitas,
807 1175 845 1206 et
876 1168 1006 1205 modo
1046 1165 1241 1205 ineffabili
1289 1165 1482 1205 divinitas
1515 1173 1554 1204 et
1596 1162 1833 1202 humanitas

522 1235 674 1276 Christi
718 1245 816 1275 sunt
855 1237 941 1275 duo
983 1235 1117 1288 capita
1160 1236 1296 1274 tocius
1330 1234 1500 1274 ecclesie
1544 1243 1582 1273 et
1626 1247 1724 1272 cum
1754 1232 1835 1271 hoc

233 1317 505 1378 asltjigergecffigstwo
521 1305 652 1345 eciam
672 1318 806 1344 unum
830 1314 973 1357 caput:
1008 1305 1123 1344 Sicut
1144 1303 1253 1343 filius
1277 1313 1315 1343 et
1338 1304 1505 1357 spiritus
1538 1311 1704 1342 sanctus
1737 1310 1834 1341 sunt
1853 1307 1889 1340 15

452 1373 459 1387 ’
520 1389 629 1415 unus
672 1375 908 1428 paraclitus,
949 1374 1222 1426 intelligendo
1263 1374 1536 1427 principative
1582 1373 1646 1412 vel
1694 1385 1829 1412 essen-

263 1456 321 1483 and
343 1461 390 1491 yet
410 1463 478 1482 one.
521 1445 687 1496 cialiter,
740 1453 778 1484 et
829 1453 969 1483 tamen
1020 1453 1116 1483 sunt
1175 1445 1259 1484 duo
1312 1444 1510 1496 paracliti,
1563 1441 1833 1494 intelligendo

520 1514 791 1566 personaliter
812 1513 930 1567 (cum
950 1513 1041 1552 Joh.
1065 1513 1195 1564 XIV0,
1236 1513 1281 1551 16
1311 1513 1478 1553 dicitur:
1511 1513 1606 1566 Ego
1625 1511 1650 1539 ss
1668 1511 1834 1565 rogabo
1854 1516 1931 1549 131⁸

517 1589 685 1635 patrem
719 1590 756 1622 et
788 1583 921 1622 alium
948 1583 1215 1634 paraclitum
1249 1582 1367 1622 dabit
1391 1580 1549 1636 vobis):
1569 1581 1625 1620 sic
1647 1581 1722 1620 iste
1755 1581 1835 1620 due

524 1661 669 1691 nature
708 1661 803 1691 sunt
838 1653 923 1691 duo
960 1651 1094 1704 capita
1133 1651 1315 1703 ecclesie,
1355 1663 1393 1690 et
1430 1661 1569 1690 tamen
1607 1659 1703 1690 sunt
1744 1663 1834 1702 per·
1852 1664 1895 1687 20

523 1721 718 1761 sonaliter
740 1735 875 1761 unum
899 1729 1035 1773 caput.
1069 1720 1340 1760 Particulares
1363 1729 1505 1759 autem
1527 1720 1708 1772 ecclesie,
1732 1719 1837 1758 sicut

522 1791 599 1830 fuit
636 1791 813 1843 pusillus
849 1803 948 1843 grex
980 1790 1045 1830 cui
1078 1790 1313 1842 presidebat
1356 1799 1521 1829 sanctus
1555 1791 1713 1840 Petrus,
1746 1802 1832 1827 non

522 1871 635 1900 erant
667 1860 746 1900 nisi
776 1859 996 1900 iuvencule
1040 1860 1175 1899 tocius
1215 1859 1357 1898 matris
1390 1859 1573 1909 ecclesie,
1621 1858 1726 1897 sicut
1770 1871 1835 1897 ex-

523 1929 642 1983 ponit
687 1929 911 1982 Gregorius
944 1930 1060 1968 XIXO
1094 1929 1319 1968 Moralium
1358 1942 1445 1981 cap.
1480 1928 1587 1979 VIII,
1626 1928 1837 1967 declarans

523 2008 677 2038 etatem
709 1999 878 2038 ecclesie
901 1999 1121 2052 quomodo
1155 2000 1196 2038 in
1216 1999 1435 2051 principio
1457 1997 1553 2051 fuit
1573 2011 1701 2038 Soror
1725 2012 1833 2050 par·
1855 2002 1894 2034 25

526 2070 639 2118 mala,
673 2082 827 2108 carens
862 2069 1063 2108 uberibus
1089 2068 1421 2121 predicacionis.
1456 2068 1578 2107 Unde
1610 2068 1665 2108 sic
1697 2067 1838 2107 infert:

530 2139 737 2178 Universe
754 2140 909 2191 quippe
925 2140 1101 2178 ecclesie
1125 2152 1202 2191 que
1227 2151 1357 2177 unum
1385 2138 1637 2177 catholicam
1660 2137 1841 2190 faciunt

524 2209 841 2248 adolescentule
892 2215 1117 2248 uocantur.
1181 2209 1302 2248 Unde
1361 2208 1531 2247 beatum
1582 2208 1751 2247 Petrum
1802 2215 1840 2246 et

523 2278 621 2318 alias
653 2279 919 2331 particulares
952 2278 1141 2317 ecclesias
1164 2286 1286 2316 vocat
1318 2278 1506 2316 membra
1539 2277 1647 2317 illius
1671 2276 1838 2316 ecclesie

525 2362 653 2401 quam
696 2348 859 2387 leenam
909 2347 1113 2398 nominat,
1160 2346 1377 2386 Christum
1419 2360 1516 2386 vero
1560 2347 1728 2385 leonem
1774 2343 1838 2400 (ut
1855 2349 1895 2381 30

582 2504 602 2522 1.
624 2495 662 2522 B:
686 2496 798 2523 multos
821 2496 914 2523 deest.
1040 2496 1067 2523 6.
1089 2495 1116 2522 A
1137 2495 1165 2522 in
1189 2503 1291 2529 marg:
1313 2494 1495 2529 Responsio.
1518 2494 1648 2521 Notatur
1669 2494 1705 2521 de
1727 2493 1836 2528 capiti-

526 2542 581 2568 bus
602 2542 741 2569 ecclesie.
833 2542 859 2568 8.
881 2542 924 2568 A:
947 2541 1100 2568 deitatem.
1201 2549 1239 2568 12.
1261 2539 1298 2568 13.
1321 2543 1364 2568 A:
1388 2540 1492 2567 deitas.
1591 2549 1621 2575 9.
1643 2540 1663 2567 Β
1685 2540 1714 2567 in
1735 2547 1837 2573 marg:

527 2588 675 2614 Divinitas
697 2588 825 2615 ecclesie
847 2588 1028 2615 universalis
1050 2593 1094 2615 est
1115 2592 1206 2623 caput
1228 2587 1447 2619 extrinsecum,
1469 2587 1642 2613 humanitas
1658 2585 1771 2613 Christi
1791 2586 1838 2612 in-

527 2634 694 2661 trinsecum
716 2634 780 2661 eius
802 2639 846 2661 est
867 2639 968 2668 caput.
1056 2634 1092 2661 15.
1115 2633 1152 2659 ss:
1175 2634 1271 2660 eciam
1293 2634 1388 2660 deest.
1490 2632 1526 2660 15.
1549 2634 1576 2659 A
1596 2633 1626 2660 in
1647 2641 1749 2668 marg:
1772 2632 1839 2660 Duo

527 2685 596 2706 sunt
617 2680 753 2714 paracliti
775 2680 803 2707 in
826 2680 948 2707 divinis.
1024 2680 1064 2706 iti.
1087 2679 1121 2705 13:
1149 2679 1349 2714 principativo
1370 2684 1397 2706 et
1418 2687 1498 2706 cum.
1591 2678 1630 2706 18.
1653 2678 1674 2706 Β
1690 2679 1719 2706 in
1736 2686 1838 2713 marg:

526 2725 592 2752 joh.
615 2734 655 2759 ¹·l·-
746 2733 788 2752 22.
810 2726 831 2752 Β
853 2726 879 2752 in
904 2734 1004 2760 marg:
1034 2727 1164 2753 Sanctus
1186 2726 1289 2752 Petrus
1311 2725 1438 2753 ecclesie
1459 2725 1644 2760 presidebat.

589 2854 639 2883 24.
669 2844 785 2874 moral.
812 2844 899 2884 XIX,
928 2854 999 2885 cap.
1026 2844 1095 2874 Xll.
1123 2844 1213 2885 Opp.
1242 2850 1325 2875 tom.
1355 2844 1376 2883 l,
1404 2842 1480 2874 613.
