2051 3273
182 194 267 236 474
904 185 1128 218 JOHANNIS
1154 185 1349 217 WYCLIF.
1580 173 1686 231 [CAP.
1711 184 1777 212 xx.

470 295 709 335 indistincte
753 293 865 332 videt
910 292 1063 331 domos
1106 291 1193 331 eius
1226 300 1264 331 et
1296 291 1375 331 alia
1408 302 1667 332 ornamenta.
1702 293 1886 347 Nec1942
1909 304 1943 337 Β

471 364 759 405 sufficeremus
806 362 863 401 sic
902 374 1080 412 cernere,
1115 361 1193 400 nisi
1227 361 1336 401 dicta
1369 361 1520 400 mulier
1564 376 1586 401 a
1632 375 1790 415 sponso

473 436 586 489 prius
619 435 661 473 in
693 432 932 474 racionibus
967 431 1276 484 exemplaribus
1310 440 1351 470 et
1383 431 1609 471 visceribus
1632 431 1792 471 miseri-

474 505 613 546 cordie
637 504 687 544 sit
709 504 890 542 inventa.
914 502 1037 542 Unde
1060 509 1157 554 post
1180 500 1499 540 conclusionem
1529 500 1795 554 propositam

474 574 756 628 supponendo
807 572 923 625 quod
975 570 1043 610 ille
1098 570 1255 610 invenit
1299 570 1406 609 hanc
1457 570 1678 609 mulierem
1724 570 1830 624 qui5

475 645 709 685 secundum
752 642 1015 682 divinitatem
1060 649 1121 679 est
1164 640 1411 691 immensus,
1445 654 1468 679 a
1500 639 1618 679 cuius
1664 639 1797 680 oculis

476 715 603 754 nichil
636 722 773 766 potest
806 726 893 751 esse
933 710 1230 750 absconditum
1263 719 1302 749 et
1334 710 1569 749 secundum
1601 709 1797 749 humani-

476 794 605 824 tatem
629 783 816 823 ascendit
838 795 963 834 super
986 794 1136 820 omnes
1160 780 1286 831 celos,
1310 779 1504 819 subditur
1532 779 1799 819 inventorem

476 855 597 893 illum
637 853 779 906 quoad
817 860 1012 891 naturam
1054 859 1092 889 et
1126 850 1266 903 quoad
1298 857 1467 901 tempus
1500 859 1694 902 respectu
1728 864 1799 902 pa-

477 934 589 964 trum
622 931 811 962 veterum
840 935 928 962 esse
960 920 1121 974 procul,
1156 920 1263 959 sicut
1296 928 1335 959 et
1367 919 1518 959 mulier
1549 920 1622 959 illa
1654 919 1801 973 procul
1823 939 1860 961 ιο

490 1004 574 1034 erat
605 993 792 1032 localiter
823 1006 846 1031 a
878 991 1029 1042 Iudeis,
1062 990 1216 1044 partim
1237 989 1279 1028 in
1304 989 1392 1029 celo
1415 990 1650 1029 secundum
1678 1002 1802 1042 ange-

486 1065 550 1104 los
585 1072 623 1102 et
654 1062 808 1115 partim
849 1062 891 1100 in
923 1070 1029 1101 terra
1062 1060 1297 1100 secundum
1328 1069 1472 1113 gentes
1504 1073 1581 1112 pro
1613 1068 1805 1112 tempore

487 1133 621 1187 gracie
655 1132 971 1182 convertendas,
1004 1131 1111 1170 sicut
1143 1130 1291 1183 procul
1323 1138 1408 1169 erat
1439 1143 1461 1169 a
1490 1129 1579 1169 Deo
1613 1142 1686 1182 per
1718 1128 1804 1168 cul-

489 1217 600 1256 pam,
646 1216 743 1242 cum
787 1215 875 1240 non
918 1201 968 1241 sit
1013 1200 1212 1253 possibile
1256 1200 1486 1253 quicquam
1525 1213 1613 1239 esse
1656 1212 1679 1237 a
1716 1198 1806 1237 Deo

488 1273 715 1312 distancius
763 1285 894 1325 quam
950 1279 1183 1324 peccatum.
1229 1270 1400 1308 Inventa
1445 1268 1587 1322 itaque
1633 1266 1863 1311 muliere15

484 1343 580 1382 forti
633 1341 873 1394 copulanda
921 1340 963 1379 in
1016 1339 1155 1392 primo
1210 1338 1408 1392 coniugio
1460 1338 1693 1378 videndum
1747 1346 1836 1380 est1

481 1414 669 1454 secundo
711 1412 761 1451 de
800 1411 885 1450 suis
932 1409 1214 1463 passionibus,
1261 1417 1405 1449 utrum
1438 1408 1490 1448 sit
1523 1418 1619 1461 apta
1652 1408 1848 1450 nubere2

484 1493 603 1523 tanto
637 1492 818 1535 sponso;
858 1489 897 1520 et
936 1480 1163 1532 respondet
1195 1478 1312 1518 litera
1345 1487 1652 1531 consequenter
1693 1478 1810 1530 quod

202 1583 270 1610 The
292 1580 418 1610 cnm-<211
438 1580 463 1606 is
485 1554 534 1593 de
579 1553 740 1592 ultimis
770 1551 938 1605 finibus
978 1550 1175 1603 precium
1221 1550 1325 1589 eius.
1374 1549 1504 1597 Quod
1547 1548 1714 1587 videtur
1754 1547 1810 1586 sic

217 1619 247 1645 tit
266 1622 297 1644 to
318 1623 453 1650 espouse

204 1653 309 1680 Christ
330 1652 462 1678 because

237 1687 271 1715 of
288 1687 337 1714 the
360 1694 429 1720 pre-

214 1721 400 1750 destinatiou
422 1720 456 1746 ot'

215 1758 267 1785 her
286 1756 453 1791 members,

486 1638 611 1676 posse
643 1622 838 1675 intelligi:
873 1635 996 1660 causa
1029 1619 1163 1659 finalis
1198 1633 1324 1673 quare
1359 1618 1530 1658 ecclesia
1563 1626 1623 1657 est
1661 1617 1809 1669 valida,
1826 1637 1868 1658 20

487 1703 532 1733 ut
566 1693 734 1733 Christo
768 1690 1131 1730 matrimonialiter
1154 1689 1445 1742 coniungatur,
1481 1696 1579 1727 sunt
1611 1686 1809 1740 predesti-

488 1764 687 1803 naciones
735 1775 914 1802 suorum
961 1761 1265 1800 membrorum.
1319 1760 1429 1798 Nam
1482 1771 1605 1797 causa
1652 1757 1811 1796 celestis

489 1832 749 1886 particularis
790 1831 978 1883 coniugii
1018 1840 1078 1870 est
1119 1844 1227 1882 opus
1262 1828 1525 1868 meritorium
1556 1826 1740 1877 viatoris,
1774 1835 1815 1866 et

490 1917 614 1942 causa
647 1901 784 1954 operis
808 1900 1008 1940 meritorii
1043 1911 1104 1939 est
1136 1899 1272 1952 gracia
1296 1897 1447 1948 infusa,
1472 1905 1511 1936 et
1535 1910 1659 1936 causa
1680 1896 1814 1949 gracie

493 1972 628 2011 infuse
668 1982 728 2011 est
767 1970 1072 2023 predestinacio
1113 1983 1195 2022 que
1228 1968 1347 2021 quasi
1381 1966 1555 2007 ultimus
1587 1965 1680 2004 finis
1714 1965 1814 2005 citra
1832 1977 1870 2009 25

493 2044 632 2082 Deum
677 2040 890 2094 dignificat
935 2039 1153 2079 ecclesiam
1196 2039 1248 2077 ad
1286 2038 1390 2076 illud
1423 2035 1684 2088 coniugium,
1718 2035 1813 2089 quia

493 2118 557 2165 (ut
606 2111 755 2150 dicitur
792 2109 993 2150 Johannis
1026 2110 1076 2160 10,
1125 2106 1204 2159 16),
1239 2108 1290 2147 de
1323 2111 1414 2147 eius
1439 2105 1707 2158 plenitudine
1740 2118 1816 2145 nos

493 2196 639 2222 omnes
674 2181 918 2233 accepimus
949 2180 1148 2233 graciam
1176 2192 1262 2231 pro
1294 2177 1464 2231 gracia.
1489 2177 1599 2215 Nam
1632 2189 1680 2214 ex
1713 2174 1814 2214 cari-

493 2262 575 2293 tate
600 2261 741 2291 eterna
763 2249 876 2289 dedit
898 2249 1021 2289 nobis
1044 2249 1258 2287 caritatem
1281 2246 1553 2287 subiectivam
1582 2245 1815 2284 secundum

495 2336 624 2376 quam
658 2335 756 2360 cum
790 2333 915 2373 opere
948 2318 1163 2358 meritorio
1188 2317 1317 2356 simus
1348 2316 1462 2369 digni
1496 2315 1561 2354 vel
1595 2313 1659 2368 (ut
1690 2313 1816 2353 habet
1832 2324 1873 2356 30

494 2393 611 2432 litera
663 2387 909 2444 Augustini)
960 2389 1271 2440 preciosiorem
1331 2387 1541 2439 preciosis
1600 2383 1816 2436 lapidibus

495 2476 575 2516 que
607 2460 865 2501 eiuscemodi
897 2465 979 2509 est,·
1026 2472 1123 2499 cum
1156 2472 1242 2512 quo
1274 2459 1404 2497 verbo
1437 2455 1574 2495 innuit
1608 2453 1817 2494 eiusmodi

551 2655 577 2681 7.
600 2648 628 2674 A
649 2647 678 2673 in
699 2654 816 2680 marg:
838 2644 931 2673 Solus
953 2643 1095 2672 Christus
1118 2643 1216 2678 potuit
1237 2643 1328 2670 talem
1350 2642 1514 2669 mulierem
1534 2640 1647 2668 fortem
1668 2638 1817 2673 invenire,

499 2702 558 2730 que
579 2698 623 2720 est
644 2701 699 2719 sua
721 2700 837 2727 sponsa
860 2692 980 2726 (Above
1001 2697 1071 2726 1942
1091 2690 1221 2718 without
1243 2690 1329 2717 mark
1351 2688 1386 2716 of
1404 2687 1582 2722 reference).

560 2811 613 2845 31.
640 2812 729 2854 Aug.
757 2812 778 2842 1.
804 2821 831 2842 c.
860 2820 930 2853 cap.
959 2809 1014 2841 III.
