<?xml version="1.0" encoding="UTF-8"?>
<!DOCTYPE html PUBLIC "-//W3C//DTD XHTML 1.0 Transitional//EN"
    "http://www.w3.org/TR/xhtml1/DTD/xhtml1-transitional.dtd">
<html xmlns="http://www.w3.org/1999/xhtml" xml:lang="en" lang="en">
 <head>
  <title>
</title>
<meta http-equiv="Content-Type" content="text/html;charset=utf-8" />
  <meta name='ocr-system' content='tesseract 3.04.00' />
  <meta name='ocr-capabilities' content='ocr_page ocr_carea ocr_par ocr_line ocrx_word'/>
</head>
<body>
  <div class='ocr_page' id='page_1' title='image "./tractatusdeeccle00wycl_0492.png"; bbox 0 0 2051 3273; ppageno 0'>
   <div class='ocr_carea' id='block_1_1' title="bbox 194 193 1815 251">
    <p class='ocr_par' dir='ltr' id='par_1_1' title="bbox 194 193 1815 251">
     <span class='ocr_line' id='line_1_1' title="bbox 194 193 1815 251; baseline -0.005 -7"><span class='ocrx_word' id='word_1_1' title='bbox 194 194 246 244; x_wconf 78' lang='lat'>45</span> <span class='ocrx_word' id='word_1_2' title='bbox 258 193 280 231; x_wconf 81' lang='lat'>8</span> <span class='ocrx_word' id='word_1_3' title='bbox 936 206 1160 237; x_wconf 66' lang='lat' dir='ltr'><strong>„IOHANNIS</strong></span> <span class='ocrx_word' id='word_1_4' title='bbox 1189 206 1380 238; x_wconf 81' lang='lat' dir='ltr'>WYCLIF.</span> <span class='ocrx_word' id='word_1_5' title='bbox 1606 193 1712 251; x_wconf 76' lang='lat' dir='ltr'>[CAP.</span> <span class='ocrx_word' id='word_1_6' title='bbox 1735 205 1815 233; x_wconf 79' lang='lat' dir='ltr'>X1x.</span> 
     </span>
    </p>
   </div>
   <div class='ocr_carea' id='block_1_2' title="bbox 207 309 1954 379">
    <p class='ocr_par' dir='ltr' id='par_1_2' title="bbox 207 309 1954 379">
     <span class='ocr_line' id='line_1_2' title="bbox 207 309 1954 379; baseline 0.006 -35"><span class='ocrx_word' id='word_1_7' title='bbox 207 316 462 379; x_wconf 48' lang='grc' dir='ltr'>Ἥὲιξεζέῑέηῐέε</span> <span class='ocrx_word' id='word_1_8' title='bbox 486 320 623 361; x_wconf 76' lang='lat' dir='ltr'>rente3</span> <span class='ocrx_word' id='word_1_9' title='bbox 668 323 745 348; x_wconf 90' lang='lat' dir='ltr'>nec</span> <span class='ocrx_word' id='word_1_10' title='bbox 790 309 979 362; x_wconf 86' lang='lat' dir='ltr'>sequitur</span> <span class='ocrx_word' id='word_1_11' title='bbox 1022 323 1070 349; x_wconf 85' lang='lat' dir='ltr'>ex</span> <span class='ocrx_word' id='word_1_12' title='bbox 1113 310 1192 350; x_wconf 87' lang='lat' dir='ltr'>isto</span> <span class='ocrx_word' id='word_1_13' title='bbox 1238 312 1355 364; x_wconf 85' lang='lat' dir='ltr'>quod</span> <span class='ocrx_word' id='word_1_14' title='bbox 1399 311 1602 351; x_wconf 80' lang='lat' dir='ltr'>debemus</span> <span class='ocrx_word' id='word_1_15' title='bbox 1642 314 1954 368; x_wconf 71' lang='lat' dir='ltr'>credere191d0</span> 
     </span>
    </p>
   </div>
   <div class='ocr_carea' id='block_1_3' title="bbox 194 379 1900 2530">
    <p class='ocr_par' dir='ltr' id='par_1_3' title="bbox 194 379 1900 2530">
     <span class='ocr_line' id='line_1_3' title="bbox 195 379 1806 449; baseline 0.006 -36"><span class='ocrx_word' id='word_1_16' title='bbox 195 395 376 449; x_wconf 54' lang='lat' dir='ltr'>Wilsluggossg</span> <span class='ocrx_word' id='word_1_17' title='bbox 395 387 469 448; x_wconf 45' lang='lat' dir='ltr'>anim</span> <span class='ocrx_word' id='word_1_18' title='bbox 487 379 707 419; x_wconf 87' lang='lat' dir='ltr'>Christum</span> <span class='ocrx_word' id='word_1_19' title='bbox 762 379 818 419; x_wconf 89' lang='lat' dir='ltr'>sic</span> <span class='ocrx_word' id='word_1_20' title='bbox 872 393 1121 420; x_wconf 77' lang='lat' dir='ltr'>concurrere</span> <span class='ocrx_word' id='word_1_21' title='bbox 1174 381 1216 420; x_wconf 89' lang='lat' dir='ltr'>in</span> <span class='ocrx_word' id='word_1_22' title='bbox 1268 381 1535 434; x_wconf 89' lang='lat' dir='ltr'>pretensione</span> <span class='ocrx_word' id='word_1_23' title='bbox 1587 382 1806 422; x_wconf 89' lang='lat' dir='ltr'>ministerii</span> 
     </span>
     <span class='ocr_line' id='line_1_4' title="bbox 248 449 1806 518; baseline 0.003 -30"><span class='ocrx_word' id='word_1_24' title='bbox 248 456 414 518; x_wconf 59' lang='lat' dir='ltr'>¹5²³t{at¹}{,i1¹]¹siJ</span> <span class='ocrx_word' id='word_1_25' title='bbox 483 449 664 503; x_wconf 86' lang='lat' dir='ltr'>laycalis,</span> <span class='ocrx_word' id='word_1_26' title='bbox 699 463 798 489; x_wconf 88' lang='lat' dir='ltr'>nam</span> <span class='ocrx_word' id='word_1_27' title='bbox 831 450 999 490; x_wconf 87' lang='lat' dir='ltr'>nullum</span> <span class='ocrx_word' id='word_1_28' title='bbox 1019 452 1099 491; x_wconf 89' lang='lat' dir='ltr'>tale</span> <span class='ocrx_word' id='word_1_29' title='bbox 1141 452 1191 491; x_wconf 91' lang='lat' dir='ltr'>de</span> <span class='ocrx_word' id='word_1_30' title='bbox 1227 452 1445 491; x_wconf 88' lang='lat' dir='ltr'>communi</span> <span class='ocrx_word' id='word_1_31' title='bbox 1470 466 1592 491; x_wconf 90' lang='lat' dir='ltr'>cursu</span> <span class='ocrx_word' id='word_1_32' title='bbox 1615 453 1806 493; x_wconf 90' lang='lat' dir='ltr'>absolute</span> 
     </span>
     <span class='ocr_line' id='line_1_5' title="bbox 485 520 1807 573; baseline 0.002 -15"><span class='ocrx_word' id='word_1_33' title='bbox 485 521 647 559; x_wconf 89' lang='lat' dir='ltr'>credere</span> <span class='ocrx_word' id='word_1_34' title='bbox 680 520 881 560; x_wconf 83' lang='lat' dir='ltr'><strong>debemus</strong></span> <span class='ocrx_word' id='word_1_35' title='bbox 921 520 1111 573; x_wconf 81' lang='lat' dir='ltr'>explicite</span> <span class='ocrx_word' id='word_1_36' title='bbox 1146 522 1217 560; x_wconf 92' lang='lat' dir='ltr'>sed</span> <span class='ocrx_word' id='word_1_37' title='bbox 1249 521 1385 560; x_wconf 87' lang='lat' dir='ltr'>vivere</span> <span class='ocrx_word' id='word_1_38' title='bbox 1425 521 1467 559; x_wconf 92' lang='lat' dir='ltr'>in</span> <span class='ocrx_word' id='word_1_39' title='bbox 1506 520 1587 560; x_wconf 88' lang='lat' dir='ltr'>fide</span> <span class='ocrx_word' id='word_1_40' title='bbox 1624 521 1698 561; x_wconf 91' lang='lat' dir='ltr'>filii</span> <span class='ocrx_word' id='word_1_41' title='bbox 1732 522 1807 561; x_wconf 89' lang='lat' dir='ltr'>Dei</span> 
     </span>
     <span class='ocr_line' id='line_1_6' title="bbox 484 590 1841 642; baseline 0.001 -14"><span class='ocrx_word' id='word_1_42' title='bbox 484 603 566 642; x_wconf 86' lang='lat' dir='ltr'>que</span> <span class='ocrx_word' id='word_1_43' title='bbox 600 598 660 629; x_wconf 87' lang='lat' dir='ltr'>est</span> <span class='ocrx_word' id='word_1_44' title='bbox 692 590 936 629; x_wconf 85' lang='lat' dir='ltr'>universalis</span> <span class='ocrx_word' id='word_1_45' title='bbox 976 590 1060 629; x_wconf 82' lang='lat' dir='ltr'>sive</span> <span class='ocrx_word' id='word_1_46' title='bbox 1103 591 1320 632; x_wconf 90' lang='lat' dir='ltr'>catholica.</span> <span class='ocrx_word' id='word_1_47' title='bbox 1369 592 1491 631; x_wconf 90' lang='lat' dir='ltr'>Unde</span> <span class='ocrx_word' id='word_1_48' title='bbox 1525 591 1841 635; x_wconf 87' lang='lat' dir='ltr'>Encheridion5</span> 
     </span>
     <span class='ocr_line' id='line_1_7' title="bbox 482 660 1806 714; baseline 0.002 -16"><span class='ocrx_word' id='word_1_49' title='bbox 482 660 591 711; x_wconf 79' lang='lat' dir='ltr'>LXO,</span> <span class='ocrx_word' id='word_1_50' title='bbox 625 660 798 712; x_wconf 73' lang='lat' dir='ltr'>quando</span> <span class='ocrx_word' id='word_1_51' title='bbox 822 660 1040 713; x_wconf 74' lang='lat' dir='ltr'><em>dyabolus</em></span> <span class='ocrx_word' id='word_1_52' title='bbox 1069 662 1263 713; x_wconf 77' lang='lat' dir='ltr'>corporis</span> <span class='ocrx_word' id='word_1_53' title='bbox 1294 661 1595 714; x_wconf 74' lang='lat' dir='ltr'>sensusfallit,</span> <span class='ocrx_word' id='word_1_54' title='bbox 1625 667 1806 701; x_wconf 83' lang='lat' dir='ltr'>mentem</span> 
     </span>
     <span class='ocr_line' id='line_1_8' title="bbox 482 732 1808 784; baseline 0.001 -15"><span class='ocrx_word' id='word_1_55' title='bbox 482 743 583 769; x_wconf 75' lang='lat' dir='ltr'>vero</span> <span class='ocrx_word' id='word_1_56' title='bbox 617 743 701 769; x_wconf 90' lang='lat' dir='ltr'>non</span> <span class='ocrx_word' id='word_1_57' title='bbox 726 738 866 771; x_wconf 82' lang='lat' dir='ltr'>movet</span> <span class='ocrx_word' id='word_1_58' title='bbox 892 744 917 770; x_wconf 83' lang='lat' dir='ltr'><em>a</em></span> <span class='ocrx_word' id='word_1_59' title='bbox 940 744 1043 770; x_wconf 77' lang='lat' dir='ltr'>vera</span> <span class='ocrx_word' id='word_1_60' title='bbox 1069 739 1270 784; x_wconf 82' lang='lat' dir='ltr'>rectaque</span> <span class='ocrx_word' id='word_1_61' title='bbox 1300 732 1482 771; x_wconf 81' lang='lat' dir='ltr'>sciencia</span> <span class='ocrx_word' id='word_1_62' title='bbox 1518 744 1601 784; x_wconf 74' lang='lat' dir='ltr'>qua</span> <span class='ocrx_word' id='word_1_63' title='bbox 1628 732 1808 784; x_wconf 80' lang='lat' dir='ltr'>quisque</span> 
     </span>
     <span class='ocr_line' id='line_1_9' title="bbox 482 800 1806 853; baseline 0.001 -14"><span class='ocrx_word' id='word_1_64' title='bbox 482 802 610 839; x_wconf 78' lang='lat' dir='ltr'><em>vitam</em></span> <span class='ocrx_word' id='word_1_65' title='bbox 630 800 808 853; x_wconf 85' lang='lat' dir='ltr'>fidelem</span> <span class='ocrx_word' id='word_1_66' title='bbox 848 801 976 853; x_wconf 78' lang='lat' dir='ltr'>gerit,</span> <span class='ocrx_word' id='word_1_67' title='bbox 1021 801 1191 840; x_wconf 79' lang='lat' dir='ltr'>nullum</span> <span class='ocrx_word' id='word_1_68' title='bbox 1240 808 1301 840; x_wconf 79' lang='lat' dir='ltr'>est</span> <span class='ocrx_word' id='word_1_69' title='bbox 1350 801 1391 839; x_wconf 87' lang='lat' dir='ltr'>in</span> <span class='ocrx_word' id='word_1_70' title='bbox 1436 801 1650 853; x_wconf 79' lang='lat' dir='ltr'>religione</span> <span class='ocrx_word' id='word_1_71' title='bbox 1686 802 1806 852; x_wconf 78' lang='lat' dir='ltr'>peri-</span> 
     </span>
     <span class='ocr_line' id='line_1_10' title="bbox 483 870 1808 924; baseline 0 -15"><span class='ocrx_word' id='word_1_72' title='bbox 483 871 653 920; x_wconf 76' lang='lat' dir='ltr'>culum;</span> <span class='ocrx_word' id='word_1_73' title='bbox 686 871 752 909; x_wconf 79' lang='lat' dir='ltr'>vel</span> <span class='ocrx_word' id='word_1_74' title='bbox 775 883 871 909; x_wconf 80' lang='lat' dir='ltr'>cum</span> <span class='ocrx_word' id='word_1_75' title='bbox 897 883 942 909; x_wconf 78' lang='lat' dir='ltr'>se</span> <span class='ocrx_word' id='word_1_76' title='bbox 976 871 1131 909; x_wconf 80' lang='lat' dir='ltr'>bonum</span> <span class='ocrx_word' id='word_1_77' title='bbox 1152 870 1335 924; x_wconf 78' lang='lat' dir='ltr'>fingens</span> <span class='ocrx_word' id='word_1_78' title='bbox 1367 884 1417 910; x_wconf 78' lang='lat' dir='ltr'>ea</span> <span class='ocrx_word' id='word_1_79' title='bbox 1435 870 1555 923; x_wconf 80' lang='lat' dir='ltr'>facit</span> <span class='ocrx_word' id='word_1_80' title='bbox 1585 871 1674 909; x_wconf 80' lang='lat' dir='ltr'>sive</span> <span class='ocrx_word' id='word_1_81' title='bbox 1707 870 1808 910; x_wconf 80' lang='lat' dir='ltr'>dicit</span> 
     </span>
     <span class='ocr_line' id='line_1_11' title="bbox 482 939 1865 993; baseline 0.002 -15"><span class='ocrx_word' id='word_1_82' title='bbox 482 953 562 992; x_wconf 79' lang='lat' dir='ltr'>que</span> <span class='ocrx_word' id='word_1_83' title='bbox 587 940 706 979; x_wconf 76' lang='lat' dir='ltr'>honis</span> <span class='ocrx_word' id='word_1_84' title='bbox 735 941 906 993; x_wconf 78' lang='lat' dir='ltr'>angelis</span> <span class='ocrx_word' id='word_1_85' title='bbox 932 947 1194 992; x_wconf 78' lang='lat' dir='ltr'>congruunt,</span> <span class='ocrx_word' id='word_1_86' title='bbox 1219 940 1396 980; x_wconf 76' lang='lat' dir='ltr'>eciamsz&#39;</span> <span class='ocrx_word' id='word_1_87' title='bbox 1422 940 1628 979; x_wconf 80' lang='lat' dir='ltr'>credatur</span> <span class='ocrx_word' id='word_1_88' title='bbox 1657 939 1805 991; x_wconf 75' lang='lat' dir='ltr'>honus,</span> <span class='ocrx_word' id='word_1_89' title='bbox 1826 960 1865 981; x_wconf 90' lang='lat'>10</span> 
     </span>
     <span class='ocr_line' id='line_1_12' title="bbox 483 1009 1804 1063; baseline -0.001 -14"><span class='ocrx_word' id='word_1_90' title='bbox 483 1024 565 1050; x_wconf 86' lang='lat' dir='ltr'>non</span> <span class='ocrx_word' id='word_1_91' title='bbox 587 1018 650 1050; x_wconf 79' lang='lat' dir='ltr'>est</span> <span class='ocrx_word' id='word_1_92' title='bbox 664 1023 791 1050; x_wconf 75' lang='lat' dir='ltr'>error</span> <span class='ocrx_word' id='word_1_93' title='bbox 813 1010 1163 1063; x_wconf 80' lang='lat' dir='ltr'>christianefidei</span> <span class='ocrx_word' id='word_1_94' title='bbox 1178 1011 1453 1062; x_wconf 76' lang='lat' dir='ltr'>periculosus</span> <span class='ocrx_word' id='word_1_95' title='bbox 1476 1016 1552 1049; x_wconf 79' lang='lat' dir='ltr'>aut</span> <span class='ocrx_word' id='word_1_96' title='bbox 1573 1009 1804 1049; x_wconf 79' lang='lat' dir='ltr'>morbidus.</span> 
     </span>
     <span class='ocr_line' id='line_1_13' title="bbox 488 1079 1808 1132; baseline -0.001 -12"><span class='ocrx_word' id='word_1_97' title='bbox 488 1082 593 1121; x_wconf 78' lang='lat' dir='ltr'>Cum</span> <span class='ocrx_word' id='word_1_98' title='bbox 627 1094 726 1120; x_wconf 71' lang='lat' dir='ltr'>vero</span> <span class='ocrx_word' id='word_1_99' title='bbox 743 1093 827 1132; x_wconf 75' lang='lat' dir='ltr'>per</span> <span class='ocrx_word' id='word_1_100' title='bbox 855 1082 931 1120; x_wconf 79' lang='lat' dir='ltr'>lzec</span> <span class='ocrx_word' id='word_1_101' title='bbox 961 1081 1105 1119; x_wconf 80' lang='lat' dir='ltr'>aliena</span> <span class='ocrx_word' id='word_1_102' title='bbox 1138 1079 1195 1119; x_wconf 82' lang='lat' dir='ltr'>ad</span> <span class='ocrx_word' id='word_1_103' title='bbox 1223 1093 1304 1119; x_wconf 79' lang='lat' dir='ltr'>sua</span> <span class='ocrx_word' id='word_1_104' title='bbox 1327 1081 1474 1132; x_wconf 79' lang='lat' dir='ltr'><em>incipit</em></span> <span class='ocrx_word' id='word_1_105' title='bbox 1504 1080 1674 1128; x_wconf 79' lang='lat' dir='ltr'>ducere,</span> <span class='ocrx_word' id='word_1_106' title='bbox 1707 1087 1808 1119; x_wconf 86' lang='lat' dir='ltr'><em>tunc</em></span> 
     </span>
     <span class='ocr_line' id='line_1_14' title="bbox 483 1150 1805 1203; baseline -0.002 -12"><span class='ocrx_word' id='word_1_107' title='bbox 483 1165 580 1191; x_wconf 80' lang='lat' dir='ltr'>euni</span> <span class='ocrx_word' id='word_1_108' title='bbox 614 1150 835 1190; x_wconf 81' lang='lat' dir='ltr'>dinoscere</span> <span class='ocrx_word' id='word_1_109' title='bbox 870 1163 945 1189; x_wconf 88' lang='lat' dir='ltr'>nec</span> <span class='ocrx_word' id='word_1_110' title='bbox 967 1151 1030 1189; x_wconf 77' lang='lat' dir='ltr'>ire</span> <span class='ocrx_word' id='word_1_111' title='bbox 1056 1157 1158 1201; x_wconf 74' lang='lat' dir='ltr'>post</span> <span class='ocrx_word' id='word_1_112' title='bbox 1188 1164 1285 1189; x_wconf 80' lang='lat' dir='ltr'>euni</span> <span class='ocrx_word' id='word_1_113' title='bbox 1316 1163 1478 1203; x_wconf 78' lang='lat' dir='ltr'>magna</span> <span class='ocrx_word' id='word_1_114' title='bbox 1501 1157 1538 1189; x_wconf 87' lang='lat' dir='ltr'>et</span> <span class='ocrx_word' id='word_1_115' title='bbox 1562 1150 1805 1189; x_wconf 81' lang='lat' dir='ltr'>necessaria</span> 
     </span>
     <span class='ocr_line' id='line_1_15' title="bbox 486 1219 1806 1274; baseline -0.002 -13"><span class='ocrx_word' id='word_1_116' title='bbox 486 1221 719 1274; x_wconf 77' lang='lat' dir='ltr'>vigilancia</span> <span class='ocrx_word' id='word_1_117' title='bbox 753 1227 826 1259; x_wconf 79' lang='lat' dir='ltr'>est.</span> <span class='ocrx_word' id='word_1_118' title='bbox 871 1220 972 1260; x_wconf 88' lang='lat' dir='ltr'>Vult</span> <span class='ocrx_word' id='word_1_119' title='bbox 1016 1219 1091 1259; x_wconf 91' lang='lat' dir='ltr'>iste</span> <span class='ocrx_word' id='word_1_120' title='bbox 1135 1228 1303 1258; x_wconf 88' lang='lat' dir='ltr'>sanctus</span> <span class='ocrx_word' id='word_1_121' title='bbox 1343 1219 1477 1259; x_wconf 79' lang='lat' dir='ltr'>dicere</span> <span class='ocrx_word' id='word_1_122' title='bbox 1521 1219 1637 1272; x_wconf 87' lang='lat' dir='ltr'>quod</span> <span class='ocrx_word' id='word_1_123' title='bbox 1671 1220 1806 1258; x_wconf 87' lang='lat' dir='ltr'>multa</span> 
     </span>
     <span class='ocr_line' id='line_1_16' title="bbox 484 1289 1860 1343; baseline 0.001 -14"><span class='ocrx_word' id='word_1_124' title='bbox 484 1300 581 1330; x_wconf 90' lang='lat' dir='ltr'>sunt</span> <span class='ocrx_word' id='word_1_125' title='bbox 625 1303 708 1343; x_wconf 88' lang='lat' dir='ltr'>que</span> <span class='ocrx_word' id='word_1_126' title='bbox 746 1289 879 1328; x_wconf 86' lang='lat' dir='ltr'>fidelis</span> <span class='ocrx_word' id='word_1_127' title='bbox 912 1303 1049 1342; x_wconf 87' lang='lat' dir='ltr'>neque</span> <span class='ocrx_word' id='word_1_128' title='bbox 1080 1298 1245 1329; x_wconf 92' lang='lat' dir='ltr'>tenetur</span> <span class='ocrx_word' id='word_1_129' title='bbox 1278 1290 1400 1342; x_wconf 88' lang='lat' dir='ltr'>plene</span> <span class='ocrx_word' id='word_1_130' title='bbox 1434 1298 1473 1329; x_wconf 91' lang='lat' dir='ltr'>et</span> <span class='ocrx_word' id='word_1_131' title='bbox 1504 1289 1860 1342; x_wconf 86' lang='lat' dir='ltr'>particulariter15</span> 
     </span>
     <span class='ocr_line' id='line_1_17' title="bbox 485 1359 1805 1413; baseline 0 -14"><span class='ocrx_word' id='word_1_132' title='bbox 485 1361 648 1399; x_wconf 87' lang='lat' dir='ltr'>credere</span> <span class='ocrx_word' id='word_1_133' title='bbox 688 1373 826 1413; x_wconf 82' lang='lat' dir='ltr'>neque</span> <span class='ocrx_word' id='word_1_134' title='bbox 871 1360 1114 1411; x_wconf 82' lang='lat' dir='ltr'>discredere,</span> <span class='ocrx_word' id='word_1_135' title='bbox 1160 1361 1230 1399; x_wconf 90' lang='lat' dir='ltr'>sed</span> <span class='ocrx_word' id='word_1_136' title='bbox 1275 1369 1355 1400; x_wconf 87' lang='lat' dir='ltr'>stat</span> <span class='ocrx_word' id='word_1_137' title='bbox 1387 1360 1474 1399; x_wconf 88' lang='lat' dir='ltr'>sine</span> <span class='ocrx_word' id='word_1_138' title='bbox 1507 1359 1674 1399; x_wconf 82' lang='lat' dir='ltr'>mortali</span> <span class='ocrx_word' id='word_1_139' title='bbox 1708 1373 1805 1399; x_wconf 89' lang='lat' dir='ltr'>cum</span> 
     </span>
     <span class='ocr_line' id='line_1_18' title="bbox 483 1429 1805 1483; baseline -0.001 -14"><span class='ocrx_word' id='word_1_140' title='bbox 483 1429 705 1469; x_wconf 82' lang='lat' dir='ltr'>formidine</span> <span class='ocrx_word' id='word_1_141' title='bbox 738 1429 891 1470; x_wconf 87' lang='lat' dir='ltr'>falsum</span> <span class='ocrx_word' id='word_1_142' title='bbox 925 1430 1101 1481; x_wconf 89' lang='lat' dir='ltr'>credere,</span> <span class='ocrx_word' id='word_1_143' title='bbox 1135 1439 1181 1470; x_wconf 88' lang='lat' dir='ltr'>ut</span> <span class='ocrx_word' id='word_1_144' title='bbox 1212 1439 1326 1483; x_wconf 90' lang='lat' dir='ltr'>patet</span> <span class='ocrx_word' id='word_1_145' title='bbox 1358 1430 1407 1469; x_wconf 90' lang='lat' dir='ltr'>de</span> <span class='ocrx_word' id='word_1_146' title='bbox 1438 1430 1711 1482; x_wconf 82' lang='lat' dir='ltr'>opinantibus</span> <span class='ocrx_word' id='word_1_147' title='bbox 1739 1430 1805 1468; x_wconf 89' lang='lat' dir='ltr'>vel</span> 
     </span>
     <span class='ocr_line' id='line_1_19' title="bbox 482 1499 1803 1552; baseline 0 -13"><span class='ocrx_word' id='word_1_148' title='bbox 482 1499 772 1552; x_wconf 88' lang='lat' dir='ltr'>reputantibus</span> <span class='ocrx_word' id='word_1_149' title='bbox 824 1500 958 1539; x_wconf 91' lang='lat' dir='ltr'>multa</span> <span class='ocrx_word' id='word_1_150' title='bbox 1011 1500 1121 1538; x_wconf 90' lang='lat' dir='ltr'>bona</span> <span class='ocrx_word' id='word_1_151' title='bbox 1173 1509 1212 1539; x_wconf 92' lang='lat' dir='ltr'>et</span> <span class='ocrx_word' id='word_1_152' title='bbox 1263 1499 1457 1552; x_wconf 84' lang='lat' dir='ltr'>religiosa</span> <span class='ocrx_word' id='word_1_153' title='bbox 1510 1500 1559 1539; x_wconf 93' lang='lat' dir='ltr'>de</span> <span class='ocrx_word' id='word_1_154' title='bbox 1604 1500 1803 1539; x_wconf 84' lang='lat' dir='ltr'>membris</span> 
     </span>
     <span class='ocr_line' id='line_1_20' title="bbox 484 1569 1803 1623; baseline 0.001 -15"><span class='ocrx_word' id='word_1_155' title='bbox 484 1569 652 1623; x_wconf 80' lang='lat' dir='ltr'>dyaboli</span> <span class='ocrx_word' id='word_1_156' title='bbox 697 1570 792 1609; x_wconf 86' lang='lat' dir='ltr'>licet</span> <span class='ocrx_word' id='word_1_157' title='bbox 837 1570 958 1621; x_wconf 85' lang='lat' dir='ltr'>falsa;</span> <span class='ocrx_word' id='word_1_158' title='bbox 1011 1571 1084 1609; x_wconf 85' lang='lat' dir='ltr'>sed</span> <span class='ocrx_word' id='word_1_159' title='bbox 1134 1578 1303 1622; x_wconf 85' lang='lat' dir='ltr'>oportet</span> <span class='ocrx_word' id='word_1_160' title='bbox 1348 1583 1491 1608; x_wconf 82' lang='lat' dir='ltr'>cavere</span> <span class='ocrx_word' id='word_1_161' title='bbox 1536 1582 1588 1608; x_wconf 90' lang='lat' dir='ltr'>ne</span> <span class='ocrx_word' id='word_1_162' title='bbox 1632 1569 1803 1609; x_wconf 86' lang='lat' dir='ltr'>affectus</span> 
     </span>
     <span class='ocr_line' id='line_1_21' title="bbox 484 1638 1861 1691; baseline 0 -13"><span class='ocrx_word' id='word_1_163' title='bbox 484 1652 556 1691; x_wconf 90' lang='lat' dir='ltr'>per</span> <span class='ocrx_word' id='word_1_164' title='bbox 600 1653 855 1679; x_wconf 88' lang='lat' dir='ltr'>consensum</span> <span class='ocrx_word' id='word_1_165' title='bbox 900 1640 951 1679; x_wconf 93' lang='lat' dir='ltr'>ad</span> <span class='ocrx_word' id='word_1_166' title='bbox 994 1639 1172 1679; x_wconf 82' lang='lat' dir='ltr'>vetitum</span> <span class='ocrx_word' id='word_1_167' title='bbox 1205 1640 1438 1680; x_wconf 87' lang='lat' dir='ltr'>seducatur.</span> <span class='ocrx_word' id='word_1_168' title='bbox 1473 1638 1626 1679; x_wconf 86' lang='lat' dir='ltr'>Omnis</span> <span class='ocrx_word' id='word_1_169' title='bbox 1660 1648 1801 1679; x_wconf 88' lang='lat' dir='ltr'>autem</span> <span class='ocrx_word' id='word_1_170' title='bbox 1819 1658 1861 1681; x_wconf 82' lang='lat'>20</span> 
     </span>
     <span class='ocr_line' id='line_1_22' title="bbox 485 1708 1803 1762; baseline 0 -14"><span class='ocrx_word' id='word_1_171' title='bbox 485 1723 598 1748; x_wconf 87' lang='lat' dir='ltr'>error</span> <span class='ocrx_word' id='word_1_172' title='bbox 641 1709 682 1748; x_wconf 91' lang='lat' dir='ltr'>in</span> <span class='ocrx_word' id='word_1_173' title='bbox 727 1709 897 1748; x_wconf 83' lang='lat' dir='ltr'>veritate</span> <span class='ocrx_word' id='word_1_174' title='bbox 942 1708 1109 1749; x_wconf 85' lang='lat' dir='ltr'>videtur</span> <span class='ocrx_word' id='word_1_175' title='bbox 1153 1709 1256 1748; x_wconf 88' lang='lat' dir='ltr'>mihi</span> <span class='ocrx_word' id='word_1_176' title='bbox 1301 1722 1444 1762; x_wconf 84' lang='lat' dir='ltr'>sapere</span> <span class='ocrx_word' id='word_1_177' title='bbox 1492 1718 1713 1761; x_wconf 88' lang='lat' dir='ltr'>peccatum</span> <span class='ocrx_word' id='word_1_178' title='bbox 1751 1709 1803 1747; x_wconf 86' lang='lat' dir='ltr'>ad</span> 
     </span>
     <span class='ocr_line' id='line_1_23' title="bbox 484 1778 1803 1831; baseline 0 -14"><span class='ocrx_word' id='word_1_179' title='bbox 484 1778 713 1818; x_wconf 88' lang='lat' dir='ltr'>minimum</span> <span class='ocrx_word' id='word_1_180' title='bbox 746 1779 919 1818; x_wconf 87' lang='lat' dir='ltr'>veniale.</span> <span class='ocrx_word' id='word_1_181' title='bbox 960 1779 1041 1819; x_wconf 86' lang='lat' dir='ltr'>Sed</span> <span class='ocrx_word' id='word_1_182' title='bbox 1073 1780 1289 1818; x_wconf 89' lang='lat' dir='ltr'>redeundo</span> <span class='ocrx_word' id='word_1_183' title='bbox 1322 1780 1561 1818; x_wconf 88' lang='lat' dir='ltr'>notandum</span> <span class='ocrx_word' id='word_1_184' title='bbox 1594 1787 1654 1818; x_wconf 89' lang='lat' dir='ltr'>est</span> <span class='ocrx_word' id='word_1_185' title='bbox 1686 1779 1803 1831; x_wconf 87' lang='lat' dir='ltr'>quod</span> 
     </span>
     <span class='ocr_line' id='line_1_24' title="bbox 220 1849 1801 1902; baseline 0.001 -15"><span class='ocrx_word' id='word_1_186' title='bbox 220 1861 442 1888; x_wconf 70' lang='lat' dir='ltr'>Thes-ensible</span> <span class='ocrx_word' id='word_1_187' title='bbox 484 1862 570 1887; x_wconf 89' lang='lat' dir='ltr'>non</span> <span class='ocrx_word' id='word_1_188' title='bbox 616 1849 803 1902; x_wconf 86' lang='lat' dir='ltr'>sequitur</span> <span class='ocrx_word' id='word_1_189' title='bbox 851 1863 898 1888; x_wconf 83' lang='lat' dir='ltr'>ex</span> <span class='ocrx_word' id='word_1_190' title='bbox 942 1849 1021 1888; x_wconf 90' lang='lat' dir='ltr'>isto</span> <span class='ocrx_word' id='word_1_191' title='bbox 1069 1850 1185 1902; x_wconf 88' lang='lat' dir='ltr'>quod</span> <span class='ocrx_word' id='word_1_192' title='bbox 1236 1849 1457 1888; x_wconf 79' lang='lat' dir='ltr'>haberetur</span> <span class='ocrx_word' id='word_1_193' title='bbox 1496 1849 1637 1902; x_wconf 86' lang='lat' dir='ltr'>quoad</span> <span class='ocrx_word' id='word_1_194' title='bbox 1670 1862 1801 1887; x_wconf 88' lang='lat' dir='ltr'>sacra-</span> 
     </span>
     <span class='ocr_line' id='line_1_25' title="bbox 195 1901 1804 1971; baseline 0 -14"><span class='ocrx_word' id='word_1_195' title='bbox 195 1901 677 1969; x_wconf 47' lang='lat' dir='ltr'>pf0⁵131¹12s²f31³1iss¹50mentun1</span> <span class='ocrx_word' id='word_1_196' title='bbox 735 1918 955 1958; x_wconf 84' lang='lat' dir='ltr'>eukaristie</span> <span class='ocrx_word' id='word_1_197' title='bbox 1017 1919 1191 1958; x_wconf 85' lang='lat' dir='ltr'>devocio</span> <span class='ocrx_word' id='word_1_198' title='bbox 1242 1918 1462 1969; x_wconf 90' lang='lat' dir='ltr'>laicorum,</span> <span class='ocrx_word' id='word_1_199' title='bbox 1517 1918 1613 1971; x_wconf 88' lang='lat' dir='ltr'>quia</span> <span class='ocrx_word' id='word_1_200' title='bbox 1665 1927 1804 1970; x_wconf 86' lang='lat' dir='ltr'>potest</span> 
     </span>
     <span class='ocr_line' id='line_1_26' title="bbox 194 1966 1859 2042; baseline 0.002 -16"><span class='ocrx_word' id='word_1_201' title='bbox 194 1970 306 2026; x_wconf 46' lang='lat' dir='ltr'>{garthag</span> <span class='ocrx_word' id='word_1_202' title='bbox 327 1966 468 2035; x_wconf 50' lang='lat' dir='ltr'>{tpir‘iiliil</span> <span class='ocrx_word' id='word_1_203' title='bbox 484 1989 725 2041; x_wconf 83' lang='lat' dir='ltr'>contingere</span> <span class='ocrx_word' id='word_1_204' title='bbox 758 1989 874 2042; x_wconf 86' lang='lat' dir='ltr'>quod</span> <span class='ocrx_word' id='word_1_205' title='bbox 907 1988 1115 2028; x_wconf 83' lang='lat' dir='ltr'>efficacius</span> <span class='ocrx_word' id='word_1_206' title='bbox 1139 1997 1178 2028; x_wconf 85' lang='lat' dir='ltr'>et</span> <span class='ocrx_word' id='word_1_207' title='bbox 1200 1988 1438 2028; x_wconf 88' lang='lat' dir='ltr'>meritorius</span> <span class='ocrx_word' id='word_1_208' title='bbox 1471 1988 1645 2040; x_wconf 87' lang='lat' dir='ltr'>accipiat</span> <span class='ocrx_word' id='word_1_209' title='bbox 1674 1988 1802 2027; x_wconf 87' lang='lat' dir='ltr'>laicus</span> <span class='ocrx_word' id='word_1_210' title='bbox 1820 1997 1859 2029; x_wconf 79' lang='lat'>25</span> 
     </span>
     <span class='ocr_line' id='line_1_27' title="bbox 213 2034 1802 2111; baseline 0 -15"><span class='ocrx_word' id='word_1_211' title='bbox 213 2040 398 2097; x_wconf 46' lang='grc' dir='ltr'>ἃςσῗῖξῗῑῃεῗῗ</span> <span class='ocrx_word' id='word_1_212' title='bbox 420 2034 455 2062; x_wconf 64' lang='lat' dir='ltr'>Of</span> <span class='ocrx_word' id='word_1_213' title='bbox 485 2072 637 2111; x_wconf 86' lang='lat' dir='ltr'>corpus</span> <span class='ocrx_word' id='word_1_214' title='bbox 660 2058 828 2108; x_wconf 83' lang='lat' dir='ltr'>Christi,</span> <span class='ocrx_word' id='word_1_215' title='bbox 858 2059 1065 2097; x_wconf 88' lang='lat' dir='ltr'>credendo</span> <span class='ocrx_word' id='word_1_216' title='bbox 1097 2058 1139 2097; x_wconf 90' lang='lat' dir='ltr'>in</span> <span class='ocrx_word' id='word_1_217' title='bbox 1171 2058 1313 2110; x_wconf 88' lang='lat' dir='ltr'>ipsum</span> <span class='ocrx_word' id='word_1_218' title='bbox 1344 2058 1386 2096; x_wconf 89' lang='lat' dir='ltr'>in</span> <span class='ocrx_word' id='word_1_219' title='bbox 1420 2058 1508 2096; x_wconf 88' lang='lat' dir='ltr'>celo</span> <span class='ocrx_word' id='word_1_220' title='bbox 1533 2067 1572 2097; x_wconf 92' lang='lat' dir='ltr'>et</span> <span class='ocrx_word' id='word_1_221' title='bbox 1594 2058 1802 2097; x_wconf 89' lang='lat' dir='ltr'>credendo</span> 
     </span>
     <span class='ocr_line' id='line_1_28' title="bbox 484 2127 1802 2181; baseline -0.001 -14"><span class='ocrx_word' id='word_1_222' title='bbox 484 2128 728 2181; x_wconf 80' lang='lat' dir='ltr'>generaliter</span> <span class='ocrx_word' id='word_1_223' title='bbox 780 2138 1090 2167; x_wconf 88' lang='lat' dir='ltr'>sacramentum</span> <span class='ocrx_word' id='word_1_224' title='bbox 1142 2127 1385 2167; x_wconf 85' lang='lat' dir='ltr'>universalis</span> <span class='ocrx_word' id='word_1_225' title='bbox 1439 2128 1622 2179; x_wconf 88' lang='lat' dir='ltr'>ecclesie,</span> <span class='ocrx_word' id='word_1_226' title='bbox 1672 2141 1802 2180; x_wconf 89' lang='lat' dir='ltr'>quam</span> 
     </span>
     <span class='ocr_line' id='line_1_29' title="bbox 484 2197 1900 2250; baseline 0.001 -13"><span class='ocrx_word' id='word_1_227' title='bbox 484 2199 605 2237; x_wconf 91' lang='lat' dir='ltr'>datus</span> <span class='ocrx_word' id='word_1_228' title='bbox 637 2197 766 2237; x_wconf 88' lang='lat' dir='ltr'>laicus</span> <span class='ocrx_word' id='word_1_229' title='bbox 798 2198 863 2237; x_wconf 85' lang='lat' dir='ltr'>vel</span> <span class='ocrx_word' id='word_1_230' title='bbox 886 2198 906 2222; x_wconf 59' lang='lat'>³&lt;</span> <span class='ocrx_word' id='word_1_231' title='bbox 929 2198 1120 2237; x_wconf 89' lang='lat' dir='ltr'>sacerdos</span> <span class='ocrx_word' id='word_1_232' title='bbox 1154 2197 1225 2250; x_wconf 86' lang='lat' dir='ltr'>qui</span> <span class='ocrx_word' id='word_1_233' title='bbox 1259 2198 1335 2237; x_wconf 90' lang='lat' dir='ltr'>sub</span> <span class='ocrx_word' id='word_1_234' title='bbox 1369 2198 1527 2237; x_wconf 85' lang='lat' dir='ltr'>actibus</span> <span class='ocrx_word' id='word_1_235' title='bbox 1567 2211 1799 2236; x_wconf 85' lang='lat' dir='ltr'>sacramen-</span> <span class='ocrx_word' id='word_1_236' title='bbox 1822 2211 1900 2250; x_wconf 64' lang='lat'>192²*</span> 
     </span>
     <span class='ocr_line' id='line_1_30' title="bbox 485 2266 1801 2320; baseline -0.002 -13"><span class='ocrx_word' id='word_1_237' title='bbox 485 2268 635 2307; x_wconf 88' lang='lat' dir='ltr'>talibus</span> <span class='ocrx_word' id='word_1_238' title='bbox 669 2268 956 2320; x_wconf 79' lang='lat' dir='ltr'>corporalibus</span> <span class='ocrx_word' id='word_1_239' title='bbox 989 2268 1140 2320; x_wconf 85' lang='lat' dir='ltr'>accipit</span> <span class='ocrx_word' id='word_1_240' title='bbox 1173 2280 1324 2319; x_wconf 90' lang='lat' dir='ltr'>corpus</span> <span class='ocrx_word' id='word_1_241' title='bbox 1357 2266 1524 2307; x_wconf 88' lang='lat' dir='ltr'>Christi.</span> <span class='ocrx_word' id='word_1_242' title='bbox 1558 2268 1668 2306; x_wconf 88' lang='lat' dir='ltr'>Nam</span> <span class='ocrx_word' id='word_1_243' title='bbox 1700 2267 1801 2306; x_wconf 87' lang='lat' dir='ltr'>ritus</span> 
     </span>
     <span class='ocr_line' id='line_1_31' title="bbox 483 2337 1859 2390; baseline 0.001 -14"><span class='ocrx_word' id='word_1_244' title='bbox 483 2338 574 2377; x_wconf 87' lang='lat' dir='ltr'>talis</span> <span class='ocrx_word' id='word_1_245' title='bbox 622 2351 708 2376; x_wconf 90' lang='lat' dir='ltr'>non</span> <span class='ocrx_word' id='word_1_246' title='bbox 753 2337 920 2390; x_wconf 83' lang='lat' dir='ltr'>proficit</span> <span class='ocrx_word' id='word_1_247' title='bbox 963 2337 1040 2376; x_wconf 88' lang='lat' dir='ltr'>nisi</span> <span class='ocrx_word' id='word_1_248' title='bbox 1081 2338 1131 2375; x_wconf 88' lang='lat' dir='ltr'>de</span> <span class='ocrx_word' id='word_1_249' title='bbox 1164 2346 1322 2390; x_wconf 82' lang='lat' dir='ltr'>quanto</span> <span class='ocrx_word' id='word_1_250' title='bbox 1355 2337 1541 2389; x_wconf 88' lang='lat' dir='ltr'>disponit</span> <span class='ocrx_word' id='word_1_251' title='bbox 1572 2338 1624 2376; x_wconf 89' lang='lat' dir='ltr'>ad</span> <span class='ocrx_word' id='word_1_252' title='bbox 1655 2350 1800 2389; x_wconf 85' lang='lat' dir='ltr'>accep·</span> <span class='ocrx_word' id='word_1_253' title='bbox 1819 2346 1859 2378; x_wconf 81' lang='lat'>30</span> 
     </span>
     <span class='ocr_line' id='line_1_32' title="bbox 486 2406 1803 2459; baseline -0.001 -13"><span class='ocrx_word' id='word_1_254' title='bbox 486 2408 650 2446; x_wconf 87' lang='lat' dir='ltr'>cionem</span> <span class='ocrx_word' id='word_1_255' title='bbox 686 2416 723 2446; x_wconf 84' lang='lat' dir='ltr'>et</span> <span class='ocrx_word' id='word_1_256' title='bbox 755 2407 1134 2446; x_wconf 85' lang='lat' dir='ltr'>manducacionem</span> <span class='ocrx_word' id='word_1_257' title='bbox 1168 2406 1353 2459; x_wconf 84' lang='lat' dir='ltr'>corporis</span> <span class='ocrx_word' id='word_1_258' title='bbox 1383 2406 1535 2446; x_wconf 89' lang='lat' dir='ltr'>Christi</span> <span class='ocrx_word' id='word_1_259' title='bbox 1570 2407 1803 2446; x_wconf 88' lang='lat' dir='ltr'>secundum</span> 
     </span>
     <span class='ocr_line' id='line_1_33' title="bbox 486 2475 1803 2530; baseline 0 -15"><span class='ocrx_word' id='word_1_260' title='bbox 486 2477 671 2516; x_wconf 82' lang='lat' dir='ltr'>animam</span> <span class='ocrx_word' id='word_1_261' title='bbox 715 2477 756 2515; x_wconf 89' lang='lat' dir='ltr'>in</span> <span class='ocrx_word' id='word_1_262' title='bbox 801 2477 883 2515; x_wconf 83' lang='lat' dir='ltr'>fide</span> <span class='ocrx_word' id='word_1_263' title='bbox 927 2486 966 2515; x_wconf 90' lang='lat' dir='ltr'>et</span> <span class='ocrx_word' id='word_1_264' title='bbox 1012 2476 1179 2516; x_wconf 85' lang='lat' dir='ltr'>caritate</span> <span class='ocrx_word' id='word_1_265' title='bbox 1225 2475 1293 2530; x_wconf 84' lang='lat' dir='ltr'>(de</span> <span class='ocrx_word' id='word_1_266' title='bbox 1338 2490 1421 2529; x_wconf 88' lang='lat' dir='ltr'>qua</span> <span class='ocrx_word' id='word_1_267' title='bbox 1471 2476 1803 2515; x_wconf 88' lang='lat' dir='ltr'>manducacione</span> 
     </span>
    </p>
   </div>
   <div class='ocr_carea' id='block_1_4' title="bbox 484 2544 1799 2601">
    <p class='ocr_par' dir='ltr' id='par_1_4' title="bbox 484 2544 1799 2601">
     <span class='ocr_line' id='line_1_34' title="bbox 484 2544 1799 2601; baseline 0 -15"><span class='ocrx_word' id='word_1_268' title='bbox 484 2547 574 2588; x_wconf 91' lang='lat' dir='ltr'>Joh.</span> <span class='ocrx_word' id='word_1_269' title='bbox 609 2547 685 2586; x_wconf 90' lang='lat' dir='ltr'>VIO</span> <span class='ocrx_word' id='word_1_270' title='bbox 717 2547 906 2599; x_wconf 86' lang='lat' dir='ltr'>loquitur</span> <span class='ocrx_word' id='word_1_271' title='bbox 937 2547 1053 2586; x_wconf 87' lang='lat' dir='ltr'>Jesus</span> <span class='ocrx_word' id='word_1_272' title='bbox 1086 2544 1259 2601; x_wconf 85' lang='lat' dir='ltr'>noster).</span> <span class='ocrx_word' id='word_1_273' title='bbox 1284 2547 1381 2585; x_wconf 91' lang='lat' dir='ltr'>Non</span> <span class='ocrx_word' id='word_1_274' title='bbox 1414 2545 1527 2585; x_wconf 85' lang='lat' dir='ltr'>enim</span> <span class='ocrx_word' id='word_1_275' title='bbox 1560 2559 1668 2599; x_wconf 83' lang='lat' dir='ltr'>nego</span> <span class='ocrx_word' id='word_1_276' title='bbox 1701 2546 1799 2599; x_wconf 85' lang='lat' dir='ltr'>quin</span> 
     </span>
    </p>
   </div>
   <div class='ocr_carea' id='block_1_5' title="bbox 485 2693 1802 2869">
    <p class='ocr_par' dir='ltr' id='par_1_5' title="bbox 485 2693 1802 2869">
     <span class='ocr_line' id='line_1_35' title="bbox 537 2693 1802 2730; baseline -0.001 -8"><span class='ocrx_word' id='word_1_277' title='bbox 537 2696 560 2723; x_wconf 84' lang='grc'>5.</span> <span class='ocrx_word' id='word_1_278' title='bbox 583 2697 611 2722; x_wconf 88' lang='lat' dir='ltr'><strong>A</strong></span> <span class='ocrx_word' id='word_1_279' title='bbox 640 2696 669 2722; x_wconf 89' lang='lat' dir='ltr'>in</span> <span class='ocrx_word' id='word_1_280' title='bbox 701 2703 814 2730; x_wconf 61' lang='lat' dir='ltr'>marg:</span> <span class='ocrx_word' id='word_1_281' title='bbox 838 2696 1051 2730; x_wconf 74' lang='lat' dir='ltr'>Augustinus:</span> <span class='ocrx_word' id='word_1_282' title='bbox 1083 2695 1114 2722; x_wconf 89' lang='lat' dir='ltr'>in</span> <span class='ocrx_word' id='word_1_283' title='bbox 1135 2696 1225 2723; x_wconf 90' lang='lat' dir='ltr'>codd.</span> <span class='ocrx_word' id='word_1_284' title='bbox 1253 2695 1463 2723; x_wconf 76' lang='lat' dir='ltr'>Enclieridion</span> <span class='ocrx_word' id='word_1_285' title='bbox 1485 2693 1621 2727; x_wconf 85' lang='lat' dir='ltr'>LXVIII,</span> <span class='ocrx_word' id='word_1_286' title='bbox 1651 2698 1731 2721; x_wconf 85' lang='lat' dir='ltr'>recte</span> <span class='ocrx_word' id='word_1_287' title='bbox 1751 2693 1802 2721; x_wconf 88' lang='lat' dir='ltr'>LX</span> 
     </span>
     <span class='ocr_line' id='line_1_36' title="bbox 485 2739 1802 2777; baseline -0.002 -8"><span class='ocrx_word' id='word_1_288' title='bbox 485 2742 544 2769; x_wconf 89' lang='lat' dir='ltr'>vid.</span> <span class='ocrx_word' id='word_1_289' title='bbox 567 2743 650 2776; x_wconf 79' lang='lat' dir='ltr'>Aug.</span> <span class='ocrx_word' id='word_1_290' title='bbox 672 2742 753 2777; x_wconf 87' lang='lat' dir='ltr'>Opp.</span> <span class='ocrx_word' id='word_1_291' title='bbox 778 2746 852 2769; x_wconf 84' lang='lat' dir='ltr'>tom.</span> <span class='ocrx_word' id='word_1_292' title='bbox 876 2742 925 2776; x_wconf 79' lang='lat' dir='ltr'>VI,</span> <span class='ocrx_word' id='word_1_293' title='bbox 948 2750 1016 2777; x_wconf 79' lang='lat' dir='ltr'>pag.</span> <span class='ocrx_word' id='word_1_294' title='bbox 1038 2741 1098 2769; x_wconf 83' lang='lat'>218.</span> <span class='ocrx_word' id='word_1_295' title='bbox 1198 2750 1228 2777; x_wconf 83' lang='lat'>9.</span> <span class='ocrx_word' id='word_1_296' title='bbox 1250 2743 1348 2776; x_wconf 62' lang='lat' dir='ltr'><strong>AA1:</strong></span> <span class='ocrx_word' id='word_1_297' title='bbox 1370 2742 1415 2769; x_wconf 88' lang='lat' dir='ltr'>vel</span> <span class='ocrx_word' id='word_1_298' title='bbox 1436 2742 1473 2768; x_wconf 87' lang='lat' dir='ltr'>si.</span> <span class='ocrx_word' id='word_1_299' title='bbox 1574 2739 1612 2767; x_wconf 85' lang='lat'>13.</span> <span class='ocrx_word' id='word_1_300' title='bbox 1629 2740 1664 2767; x_wconf 88' lang='lat' dir='ltr'>B:</span> <span class='ocrx_word' id='word_1_301' title='bbox 1690 2747 1802 2775; x_wconf 85' lang='lat' dir='ltr'>magna</span> 
     </span>
     <span class='ocr_line' id='line_1_37' title="bbox 487 2786 1800 2823; baseline -0.002 -7"><span class='ocrx_word' id='word_1_302' title='bbox 487 2794 514 2816; x_wconf 86' lang='lat' dir='ltr'>et</span> <span class='ocrx_word' id='word_1_303' title='bbox 547 2790 654 2816; x_wconf 88' lang='lat' dir='ltr'>multa.</span> <span class='ocrx_word' id='word_1_304' title='bbox 764 2796 809 2815; x_wconf 62' lang='grc' dir='ltr'>πο.</span> <span class='ocrx_word' id='word_1_305' title='bbox 840 2790 868 2815; x_wconf 87' lang='grc' dir='ltr'><strong>Α</strong></span> <span class='ocrx_word' id='word_1_306' title='bbox 889 2790 946 2823; x_wconf 59' lang='lat' dir='ltr'>Al:</span> <span class='ocrx_word' id='word_1_307' title='bbox 977 2794 1079 2816; x_wconf 82' lang='lat' dir='ltr'>autem</span> <span class='ocrx_word' id='word_1_308' title='bbox 1101 2789 1198 2823; x_wconf 78' lang='lat' dir='ltr'>dees13</span> <span class='ocrx_word' id='word_1_309' title='bbox 1309 2796 1348 2815; x_wconf 80' lang='lat'>21.</span> <span class='ocrx_word' id='word_1_310' title='bbox 1370 2790 1397 2815; x_wconf 85' lang='lat' dir='ltr'>A</span> <span class='ocrx_word' id='word_1_311' title='bbox 1418 2789 1474 2823; x_wconf 64' lang='lat' dir='ltr'>A1:</span> <span class='ocrx_word' id='word_1_312' title='bbox 1503 2788 1532 2815; x_wconf 89' lang='lat' dir='ltr'>in</span> <span class='ocrx_word' id='word_1_313' title='bbox 1553 2786 1678 2815; x_wconf 84' lang='lat' dir='ltr'>veritate</span> <span class='ocrx_word' id='word_1_314' title='bbox 1705 2787 1800 2814; x_wconf 82' lang='lat' dir='ltr'>deest.</span> 
     </span>
     <span class='ocr_line' id='line_1_38' title="bbox 486 2834 1540 2869; baseline -0.001 -8"><span class='ocrx_word' id='word_1_315' title='bbox 486 2843 527 2861; x_wconf 82' lang='lat'>22.</span> <span class='ocrx_word' id='word_1_316' title='bbox 551 2836 578 2862; x_wconf 88' lang='lat' dir='ltr'><strong>A</strong></span> <span class='ocrx_word' id='word_1_317' title='bbox 599 2837 628 2862; x_wconf 87' lang='lat' dir='ltr'>iu</span> <span class='ocrx_word' id='word_1_318' title='bbox 650 2843 767 2869; x_wconf 59' lang='lat' dir='ltr'>marg:</span> <span class='ocrx_word' id='word_1_319' title='bbox 791 2834 960 2862; x_wconf 84' lang='lat' dir='ltr'>Conclusio</span> <span class='ocrx_word' id='word_1_320' title='bbox 983 2835 1129 2862; x_wconf 85' lang='lat' dir='ltr'>notanda.</span> <span class='ocrx_word' id='word_1_321' title='bbox 1272 2835 1314 2863; x_wconf 76' lang='lat'>23.</span> <span class='ocrx_word' id='word_1_322' title='bbox 1338 2834 1376 2861; x_wconf 87' lang='lat' dir='ltr'>B:</span> <span class='ocrx_word' id='word_1_323' title='bbox 1400 2834 1540 2861; x_wconf 83' lang='lat' dir='ltr'>habetur.</span> 
     </span>
    </p>
   </div>
  </div>
 </body>
</html>
