2051 3273
219 236 308 264 CAP.
331 226 386 284 X]
722 242 781 273 DE
808 242 1040 274 EcciAEsm.

61 351 94 386 E
118 344 443 396 158³scriptura5.
468 344 533 383 Sic
549 345 661 383 enim
676 346 909 398 loquuntur
924 355 1145 386 tractantes
1161 347 1374 386 materiam
1393 348 1442 386 de
1459 348 1519 385 in-

209 413 436 467 dulgenciis
460 414 575 467 quod
590 414 703 453 Deus
727 415 898 454 remittit
921 416 1091 468 culpam
1114 424 1152 455 et
1175 416 1329 468 expetit
1352 430 1518 468 penam.

207 482 305 522 Ideo
337 482 583 535 impetratur
615 484 830 523 absolucio
864 493 949 524 tam
983 499 1004 523 a
1033 499 1142 537 pena
1165 498 1293 538 quam
1325 486 1460 538 culpa.

265 553 326 591 Ex
357 552 442 592 istis
475 561 589 605 patet
611 554 726 606 quod
760 562 837 593 stat
859 554 1078 594 hominem
1101 555 1311 595 meritorie
1336 564 1376 595 et
1396 555 1519 608 plene

174 622 412 662 5remittere
450 621 559 661 fratri
594 623 781 662 debitum
822 632 860 662 et
898 632 1039 662 tamen
1080 638 1177 663 eum
1216 624 1418 677 impetere
1451 638 1518 663 ex-

206 691 518 731 communicare
551 700 590 730 et
619 693 958 746 quandocunque
991 694 1201 733 meritorie
1232 694 1419 733 occidere
1442 708 1518 747 pro

206 761 368 800 eodem.
422 762 531 800 Nam
564 761 683 814 capio
715 762 888 801 Petrum
920 762 991 815 qui
1024 763 1132 802 licite
1171 764 1318 816 repetit
1351 764 1393 802 in
1426 763 1519 802 foro

206 830 476 870 contencioso
529 831 717 870 debitum
766 845 787 869 a
837 845 914 870 suo
966 832 1166 884 debitore,
1221 833 1401 873 Paulum
1444 832 1519 872 rite

206 900 642 939 excommunicantem
661 914 787 940 suum
809 901 1055 954 debitorem,
1080 911 1119 942 et
1136 902 1293 942 Linum
1310 903 1518 942 meritorie

149 988 188 1009 10
206 979 528 1022 persequentem
561 984 684 1010 suum
726 971 958 1011 debitorem
990 985 1125 1025 usque
1156 973 1207 1011 ad
1240 982 1434 1022 mortem,
1475 981 1520 1011 ut

208 1048 322 1091 puta,
348 1039 720 1092 decapitacionem,
754 1041 1075 1093 suspensionem
1097 1039 1161 1080 vel
1184 1041 1308 1080 aliam
1340 1050 1520 1081 mortem

205 1109 488 1161 corporalem:
521 1118 635 1162 patet
658 1109 909 1162 possibilitas
934 1124 1051 1149 casus
1084 1124 1130 1149 ex
1159 1111 1240 1150 hoc
1266 1112 1380 1164 quod
1404 1111 1520 1150 aliter

202 1178 312 1230 leges
356 1178 523 1217 ecclesie
568 1180 618 1218 de
657 1179 945 1231 contencione,
992 1180 1436 1220 excommunicacione
1481 1190 1519 1220 et

203 1247 411 1288 occisione
443 1248 670 1287 hominum
702 1248 839 1288 forent
869 1249 1060 1300 heretice,
1102 1250 1198 1303 quia
1229 1250 1309 1303 legi
1343 1250 1519 1289 caritatis

149 1317 421 1357 fficontrarie.
457 1318 545 1357 Stat
577 1331 674 1370 ergo
707 1318 928 1358 hominem
956 1319 1167 1359 meritorie
1201 1319 1348 1373 exequi
1382 1320 1516 1371 legem

203 1387 329 1426 talem
368 1396 407 1426 et
445 1401 542 1426 cum
581 1388 630 1426 de
664 1388 906 1428 necessitate
945 1389 1088 1438 salutis
1127 1398 1291 1428 tenetur
1322 1389 1517 1428 iniuriam

203 1465 242 1495 et
264 1456 453 1496 debitum
476 1457 689 1509 spirituale
711 1458 932 1510 remittere,
956 1467 1070 1511 patet
1093 1459 1323 1499 conclusio.
1357 1459 1516 1498 Ymmo

202 1539 299 1564 cum
321 1526 417 1565 licet
440 1528 804 1567 excommunicare
827 1528 1066 1579 accessorie‚
1091 1537 1129 1567 et
1151 1543 1224 1581 per
1247 1529 1437 1567 accidens
1461 1529 1517 1567 sic

202 1596 394 1649 persequi
427 1596 648 1636 hominem
680 1611 756 1650 pro
790 1597 930 1637 debito
955 1598 1173 1650 corporali,
1205 1598 1371 1638 videtur
1402 1600 1517 1652 quod

143 1682 186 1703 20
203 1673 281 1704 stat
314 1666 416 1705 illud
447 1666 656 1706 remittere
689 1676 728 1707 et
758 1676 899 1707 tamen
932 1669 983 1707 ad
1017 1668 1196 1707 salutem
1228 1668 1366 1708 anime
1400 1668 1515 1707 debi-

207 1734 307 1773 toris
360 1749 407 1774 ex
460 1736 626 1775 caritate
681 1736 858 1776 fraterna
913 1737 1101 1790 quolibet
1158 1737 1337 1777 istorum
1388 1739 1515 1778 trium

200 1806 429 1845 modorum
453 1819 551 1845 eum
574 1807 766 1860 persequi
791 1816 830 1846 et
852 1816 1060 1860 torquere.
1094 1808 1231 1847 Nemo
1256 1808 1367 1847 enim
1392 1809 1514 1847 meri-

201 1874 304 1913 torie
352 1875 408 1914 sic
454 1876 722 1935 persequitur
770 1877 1053 1930 principaliter
1104 1887 1275 1930 propter
1325 1878 1515 1917 debitum

200 1945 428 1997 corporale,
469 1947 540 1985 sed
572 1955 744 1999 propter
776 1947 989 1999 spirituale
1029 1947 1217 1987 debitum
1250 1956 1289 1987 et
1321 1948 1514 1987 iniuriam

143 2019 182 2051 25
201 2014 352 2054 factam
373 2015 476 2066 Deo,
509 2016 848 2069 remittendoque
888 2030 985 2056 eum
1016 2017 1159 2056 divino
1191 2017 1348 2056 iudicio
1381 2017 1516 2069 diligit

199 2083 338 2136 ipsum
371 2084 412 2123 in
446 2086 634 2125 domino.
669 2085 781 2125 Cum
814 2100 900 2139 quo
924 2095 1003 2125 stat
1025 2088 1143 2139 quod
1177 2100 1223 2125 ex
1257 2087 1514 2126 revelacione

197 2155 262 2193 vel
295 2155 383 2207 lege
417 2155 555 2194 divina
587 2164 806 2195 moveatur
838 2156 945 2195 licite
978 2157 1029 2195 ad
1060 2156 1194 2195 taliter
1227 2156 1513 2205 cruciandum,

198 2224 281 2262 sive
298 2238 343 2263 ex
359 2225 448 2264 sola
463 2226 707 2265 detencione
722 2226 849 2265 debiti
866 2226 1236 2266 committaturl)ei
1253 2225 1413 2276 iniuria,
1431 2226 1514 2264 sive

198 2293 275 2332 alia
298 2295 591 2346 superveniens
615 2295 664 2334 sit
688 2296 934 2347 commixta,
958 2295 1184 2348 utrobique
1208 2295 1321 2334 enim
1344 2308 1511 2334 excom-

142 2364 435 2403 3omunicatur
449 2364 513 2403 vel
529 2364 732 2404 occiditur
754 2365 927 2404 confuse
951 2378 1026 2417 pro
1051 2364 1261 2414 omnibus,
1279 2364 1384 2403 sicut
1400 2365 1511 2403 Deus

199 2434 399 2486 dampnat
431 2434 658 2487 prescitum
682 2448 758 2487 pro
781 2435 959 2487 peccatis
983 2434 1158 2486 singulis
1181 2448 1262 2487 que
1287 2434 1510 2474 commisit.

250 2591 274 2619 3.
296 2595 335 2627 Α1
357 2594 457 2621 addit:
486 2602 501 2620 a
522 2594 622 2629 culpa.
643 2594 670 2620 A
691 2594 720 2621 in
742 2602 858 2629 marga
881 2593 1062 2622 Conclusio.
1093 2593 1172 2621 Nota
1199 2593 1358 2629 quomodo
1383 2594 1454 2620 mali
1476 2601 1511 2620 ex

197 2640 320 2667 caritate
348 2645 418 2668 sunt
438 2640 655 2676 persequendi.
799 2641 827 2668 s).
854 2642 882 2667 A
902 2642 960 2674 Δρ
991 2640 1290 2676 quomodocunque.
1436 2648 1462 2674 7.
1484 2641 1512 2666 A

200 2686 230 2713 in
252 2694 368 2722 marg-2
391 2686 502 2715 Casus.
645 2695 686 2723 17.
707 2688 735 2714 A
756 2688 785 2714 in
807 2695 923 2722 marga
946 2686 1126 2715 Conclusio.

258 2804 288 2835 7.
315 2795 365 2825 De
394 2795 506 2834 Petro,
546 2793 653 2825 Paulo
683 2800 716 2824 et
748 2794 836 2825 Lino
875 2794 918 2826 cf.
947 2793 1089 2836 Wych,
1130 2794 1179 2824 De
1222 2792 1313 2825 civili
1352 2792 1510 2824 dominio

199 2862 278 2895 pag.
307 2852 358 2896 39.

1335 2909 1394 2950 14³e

1731 245 1803 270 211

1569 560 1779 595 Forgiveness

1535 596 1610 622 does
1638 601 1690 623 not
1717 596 1771 622 bar
1795 603 1809 622 a

1576 635 1697 665 request
1719 630 1767 657 lior

1564 666 1779 699 punis-limeum
