2051 3273
196 252 285 279 cm.
305 240 402 297 xvi]
704 256 760 286 DE
787 254 1022 285 Eccrfism.

49 360 396 412 Q1810quoniam
430 373 479 397 ea
514 373 593 411 que
627 359 682 398 ad
719 358 986 411 spiritualem
1024 358 1146 397 vitam
1174 359 1394 410 pertinent
1425 358 1508 396 dis-

191 436 381 483 pensant
414 430 539 481 quasi
583 430 765 468 dextera
803 441 915 481 pars
957 435 1057 468 sunt
1101 429 1295 480 corporis
1338 427 1507 466 Christi.

197 501 249 538 Et
283 507 379 551 post
411 498 722 550 interpretando
758 507 983 550 utrumque
1016 497 1243 537 terminum
1275 497 1330 535 sic
1364 496 1509 536 infert:

201 569 396 607 Clericus
412 568 492 607 nisi
506 569 646 607 Deum
672 574 710 607 et
732 582 781 607 ea
806 581 887 621 que
910 567 966 606 aa'
981 568 1119 606 Deunz
1139 573 1331 619 spectant
1352 567 1510 605 habere

165 650 280 681 finon
314 637 446 685 debet,
481 638 549 676 cui
580 644 785 676 statutum
821 644 882 676 est
921 636 1094 676 decimis
1138 643 1177 675 et
1219 636 1511 676 oblacionibus

197 722 276 760 que
296 708 386 746 Deo
419 707 664 760 (fferuntur
695 708 942 746 sustentari.
978 707 1119 746 Laicis
1144 719 1244 746 vero
1268 706 1512 745 christianis

183 777 394 830 fidelibus
434 784 608 815 terrena
647 778 871 829 possidere
914 777 1175 825 conceditur,
1223 776 1299 816 sed
1345 775 1512 814 clericis

196 847 441 899 spiritualia
475 847 810 897 committuntur,
854 847 965 885 sicut
983 846 1079 899 fuit
1124 846 1165 884 in
1211 846 1343 885 veteri
1384 853 1510 885 testa-

198 922 349 955 mento.
386 917 437 954 Et
469 930 557 968 cap.
594 916 689 954 VIIO
724 916 902 955 declarat
926 916 1150 968 quomodo
1173 915 1354 967 quedam
1379 915 1510 954 eccle-

144 987 254 1030 10sie
283 986 441 1025 Christi
473 986 698 1024 devocione
717 981 921 1038 fidelium
947 985 1244 1025 conceduntur
1265 986 1383 1025 salvo
1417 986 1511 1024 iure

196 1063 364 1095 terrene
391 1056 625 1107 potestatis,
661 1068 712 1093 ne
730 1055 818 1108 fiat
849 1055 1061 1108 confusio,
1095 1069 1190 1094 cum
1215 1055 1320 1094 nilzil
1351 1055 1511 1094 inordi-

197 1133 345 1164 natum
380 1125 620 1177 approbare
639 1131 775 1178 potest
804 1126 935 1164 Deus.
976 1125 1096 1164 Unde
1127 1126 1384 1177 quandoque
1415 1139 1512 1164 con-

198 1195 352 1234 cedunt
394 1195 613 1246 principes
664 1195 827 1233 terreni
875 1195 1035 1234 nudum
1083 1208 1205 1234 usum
1240 1196 1428 1246 ecclesie,
1476 1202 1515 1234 et

199 1264 455 1317 quandoque
499 1277 621 1303 usunz
667 1271 703 1303 et
748 1271 998 1317 potestatem
1049 1266 1291 1304 exercende
1335 1266 1513 1314 iusticie,

146 1346 179 1378 15
200 1335 313 1387 quod
344 1334 528 1373 clericus
555 1348 637 1387 per
670 1335 984 1374 ecclesiasticas
1008 1348 1227 1387 personas
1259 1342 1334 1375 aut
1365 1335 1513 1375 indivi-

198 1405 283 1443 dua
332 1404 551 1442 clericalia
599 1418 804 1444 exercere
849 1419 931 1444 non
980 1411 1127 1457 potest.
1191 1406 1330 1444 Potest
1372 1413 1511 1445 tamen

197 1475 356 1513 habere
380 1486 595 1526 personas
629 1476 782 1528 laycas
816 1475 1032 1514 ministros
1064 1475 1120 1514 aa'
1158 1475 1267 1514 illud
1309 1475 1513 1529 officium,

197 1545 257 1583 sic
289 1552 443 1594 tamen,
468 1545 617 1598 inquit,
652 1552 695 1584 ut
728 1545 770 1584 ia'
802 1546 941 1598 ipsum
975 1545 1090 1598 quod
1105 1552 1356 1598 potestatem
1391 1546 1516 1585 lzabet

106 1624 182 1658 181¹·
197 1628 223 1653 a
264 1616 461 1669 principe
507 1623 678 1655 terreno
729 1629 774 1654 se
818 1615 973 1654 habere
1018 1613 1275 1668 cogizo²³⁴scat
1318 1622 1356 1655 et
1400 1616 1515 1668 ipsas

141 1686 484 1737 mpossessianes
524 1699 742 1739 nunquam
777 1685 834 1724 ita
867 1698 892 1724 a
927 1685 1047 1738 regia
1073 1692 1282 1738 potestate
1316 1685 1517 1739 elongari

189 1768 318 1807 posse
352 1756 576 1808 intelligat,
610 1756 710 1808 quin
743 1756 780 1794 si
811 1756 928 1794 racio
953 1756 1236 1808 postulaverit
1266 1763 1339 1795 aut
1373 1769 1514 1796 neces-

195 1825 313 1876 sitas,
361 1825 424 1864 illi
473 1826 561 1878 ipse
605 1825 893 1878 possessiones
947 1825 1126 1864 debeant
1182 1825 1224 1864 in
1270 1826 1516 1865 necessitate

197 1895 458 1947 obsequium,
475 1895 587 1947 quia,
611 1895 719 1934 sicut
740 1894 863 1948 regia
879 1901 1070 1948 potestas
1085 1896 1373 1947 patrocinium
1403 1896 1517 1948 quod

196 1964 316 2002 debet
358 1965 486 2003 alteri
528 1965 720 2004 alienare
764 1978 846 2004 non
893 1964 1026 2014 debet,
1073 1965 1133 2004 sic
1177 1966 1267 2018 ipsa
1301 1966 1515 2017 possessio

141 2045 181 2077 25
199 2034 330 2072 ecianz
377 2034 429 2073 ab
474 2035 770 2074 ecclesiasticis
807 2035 1008 2087 personis
1056 2035 1224 2074 obtenta
1269 2035 1514 2088 obsequium

197 2102 309 2156 quod
323 2104 442 2157 regie
459 2105 661 2157 potestati
674 2118 758 2157 pro
773 2105 1016 2157 patrocinio
1038 2104 1214 2144 debetur
1235 2105 1330 2144 iure
1353 2117 1515 2158 negare

198 2186 280 2212 non
307 2180 459 2226 potest.

146 2265 184 2298 R
257 2244 334 2283 Iste
367 2243 603 2296 profundus
636 2244 787 2283 doctor
818 2257 905 2283 non
929 2244 1163 2283 admitteret
1196 2245 1312 2297 quod
1346 2244 1516 2284 clericus

198 2312 367 2352 haberet
399 2312 442 2350 in
476 2327 517 2352 se
550 2312 804 2364 civilitatem,
851 2326 925 2352 nec
971 2322 1125 2352 emeret
1170 2313 1235 2351 vel
1281 2322 1443 2366 caperet
1474 2314 1515 2352 in

142 2392 183 2424 30
200 2396 241 2421 se
274 2382 356 2421 sive
396 2396 504 2435 papa
537 2383 618 2421 sive
652 2383 756 2422 alius
789 2397 1006 2423 summum
1040 2383 1281 2422 dominium
1319 2384 1514 2434 seculare,

200 2452 269 2491 sed
303 2465 449 2503 regens
482 2452 625 2505 laycos
664 2461 703 2492 et
747 2452 1067 2492 dominaciones
1110 2466 1204 2491 suas
1250 2452 1517 2505 spiritualiter

199 2521 378 2574 recipere
410 2530 553 2574 posset
584 2521 709 2560 titulo
744 2521 972 2561 elemosine
1018 2522 1202 2561 fructum
1234 2522 1515 2574 possessionis

197 2591 261 2630 vel
300 2590 520 2643 potestatis
560 2599 731 2642 terrene,
777 2591 833 2630 sic
872 2600 1011 2631 tamen
1058 2591 1175 2645 quod
1219 2592 1403 2631 seculare
1438 2592 1512 2630 do-

250 2736 278 2764 8.
299 2737 370 2766 Ain
387 2746 497 2773 marg:
522 2738 637 2766 Contra
658 2738 910 2767 dominacionem
933 2738 1053 2767 civilem
1075 2740 1149 2767 cleri
1176 2739 1364 2774 <sse10W1810
1384 2741 1515 2769 without

198 2783 285 2811 mark
306 2783 340 2811 of
358 2784 535 2819 reference),
680 2785 717 2812 15.
746 2785 784 2811 ss:
816 2793 968 2821 personas
998 2794 1032 2813 ac
1061 2785 1231 2814 individua.
1376 2795 1416 2824 19.
1441 2787 1462 2814 Β
1483 2788 1513 2815 in

199 2837 313 2864 marg:
334 2830 425 2867 Nota,
445 2835 562 2858 tantum
580 2833 763 2866 elongantur
779 2831 962 2866 temporalia
978 2832 1047 2859 data
1064 2832 1182 2859 clericis
1199 2841 1213 2859 a
1229 2833 1356 2861 brachio
1372 2834 1513 2869 seculari,

198 2881 230 2903 ut
251 2881 367 2911 putam.

1720 241 1798 293 379

1589 491 1678 522 Hugh
1700 492 1733 519 os

1572 526 1616 553 St.
1641 526 1749 554 Victor

1558 2233 1696 2260 declares
1716 2233 1780 2260 that

1543 2268 1661 2295 secular
1683 2275 1788 2303 power

1560 2308 1643 2329 must
1664 2307 1724 2330 rest
1744 2311 1774 2329 ln

1543 2338 1662 2364 secular
1683 2337 1793 2364 hands.
