2051 3343
204 232 255 270 82
910 249 1134 280 „IOHANNIS
1160 249 1354 282 WYCLIF.
1630 241 1737 294 [CAP.
1761 247 1813 277 iv.

491 350 613 388 verba
650 364 726 390 nec
764 352 974 392 sentencia
1008 354 1234 406 Augustini
1279 355 1521 395 contradicit
1554 356 1800 408 supradictis
1821 367 1895 411 1390
1916 369 1954 401 Κ

491 419 541 457 de
572 420 689 459 totali
722 421 906 462 ecclesia.
941 422 1064 461 Etita
1087 422 1229 462 civitas
1252 423 1329 462 Dei
1351 432 1541 477 tempore
1569 426 1635 464 vel
1657 434 1803 465 natura

489 490 685 541 precessit
727 490 935 530 civitatem
982 491 1156 543 diaboli,
1211 506 1308 532 cum
1352 494 1487 547 angeli
1531 503 1685 534 stantes
1728 508 1804 548 pro

489 558 626 610 primo
660 559 830 599 instanti
862 561 1012 600 mundi
1044 571 1161 602 erant
1185 562 1325 602 civitas
1348 563 1425 603 Dei
1457 564 1646 617 quodam
1674 565 1805 604 modo

486 627 743 681 imperfecte,
782 630 881 669 mali
920 639 1062 671 autem
1101 632 1237 685 angeli
1275 646 1362 672 non
1400 641 1516 672 erant
1554 634 1604 672 de
1643 633 1838 674 civitate5

487 697 642 737 diaboli
673 707 768 738 ante
800 708 1022 752 peccatum
1054 702 1171 754 quod
1201 711 1298 754 post
1338 701 1427 753 fuit,
1461 711 1500 742 et
1538 702 1652 755 prius
1692 712 1807 743 erant

487 775 797 820 extravagantes
830 769 996 822 presciti
1027 771 1079 810 ad
1103 770 1424 823 dampnandum
1445 785 1490 811 ac
1513 772 1803 812 excommuni-

487 837 669 877 candum
701 851 742 877 se
774 838 890 891 ipsos
921 839 1180 880 instituendo
1219 854 1309 881 sese
1342 840 1553 880 civitatem
1592 841 1804 893 superbie3

485 906 588 947 alios
620 917 763 947 autem
795 923 843 948 ex
874 909 1023 949 humili
1057 910 1323 950 subieccione
1342 910 1559 950 constituit
1590 911 1703 950 Deus
1726 911 1803 950 sibi

483 975 526 1014 in
559 977 768 1017 civitatem
801 978 1029 1031 gloriosam
1062 994 1190 1034 quam
1222 994 1388 1033 semper
1417 980 1633 1020 inhabitat.
1825 991 1863 1012 10

206 1037 388 1100 ᾑτῇξξῑῐοᾛζ
394 1037 450 1099 {1¹¹}
540 1047 607 1085 Ad
623 1049 856 1088 secundum
876 1049 1089 1090 obiectum
1104 1051 1348 1090 conceditur
1362 1050 1478 1104 quod
1493 1058 1684 1102 parentes
1698 1049 1805 1088 Abel
1820 1050 1846 1082 2

195 1107 466 1178 pffifgfgnssitfye’hgo
481 1115 596 1168 prius
629 1126 743 1157 erant
773 1118 1015 1171 imperfecte
1047 1120 1098 1158 de
1133 1120 1315 1171 ecclesia,
1349 1121 1421 1159 sed
1452 1119 1519 1158 ille
1544 1119 1621 1159 fuit
1642 1118 1804 1172 primus

230 1177 438 1246 hasptllglgelirst
483 1185 710 1227 hominum
731 1188 804 1241 qui
828 1189 1093 1229 consumavit
1106 1189 1340 1229 viacionem
1357 1190 1583 1243 perfectam
1605 1189 1797 1241 incorpo-

482 1264 595 1295 ratus
639 1258 780 1309 quoad
821 1258 1128 1310 perfeccionem
1167 1260 1447 1311 beatitudinis,
1488 1269 1527 1299 et
1565 1259 1622 1298 sic
1655 1258 1804 1298 dicitur

484 1327 627 1378 quoad
659 1327 905 1380 dignitatem
929 1337 1068 1368 totum
1102 1342 1236 1381 genus
1270 1343 1397 1369 suum
1432 1329 1665 1382 precedere,
1690 1328 1801 1367 unde
1823 1328 1859 1360 15

483 1396 624 1448 quoad
641 1405 793 1436 etatem
809 1411 855 1437 ac
878 1398 1082 1439 unitatem
1105 1399 1274 1439 ecclesie
1296 1400 1470 1452 ponitur
1491 1399 1569 1438 ista
1591 1397 1802 1438 sentencia

482 1463 524 1503 in
541 1466 715 1506 decretis
729 1467 903 1507 XXXlla
927 1483 965 1521 q.
990 1468 1060 1520 IV,
1079 1469 1307 1520 Recurrat,
1325 1469 1401 1508 sub
1425 1468 1672 1508 auctoritate
1694 1466 1802 1505 beati

482 1536 711 1588 Augustini
734 1538 971 1578 notabiliter
987 1538 1029 1577 in
1051 1538 1131 1578 hiis
1146 1538 1299 1579 verbis:
1323 1538 1520 1578 Ecclesia
1544 1537 1804 1591 quepeperit

482 1601 600 1653 Abel,
633 1606 796 1658 Enoch,
830 1607 922 1647 Noe
943 1607 969 1635 ἧς
991 1615 1029 1647 et
1056 1608 1289 1658 Abraham,
1315 1609 1409 1660 ipsa
1425 1608 1595 1660 peperit
1614 1608 1799 1659 Moysen
1822 1604 1900 1650 139⁴1

481 1677 766 1728 etproplzetas
779 1679 1245 1730 temporeposteriores
1260 1684 1359 1717 ante
1376 1677 1538 1717 domini
1558 1676 1802 1726 adventum,
1820 1687 1861 1709 20

481 1751 521 1784 et
550 1758 630 1798 que
661 1747 778 1795 istos,
813 1749 907 1799 ipsa
940 1755 980 1787 et
1011 1748 1229 1800 apostolos
1261 1754 1301 1787 et
1332 1748 1537 1787 martires
1571 1753 1741 1786 nostros
1764 1752 1801 1785 et

481 1827 625 1854 omnes
663 1815 791 1855 bonos
835 1817 1109 1857 christianos.
1162 1817 1319 1857 Omnes
1367 1818 1477 1856 enim
1515 1817 1687 1869 peperit
1731 1816 1803 1869 qui

480 1885 662 1925 diversis
704 1887 971 1938 temporibus
1014 1888 1104 1927 nati
1134 1894 1449 1940 apparuerunt,
1491 1887 1567 1926 sed
1603 1887 1802 1926 societate

479 1956 608 1994 unius
621 1956 778 2008 populi
805 1958 1090 1997 continentur.
1134 1959 1370 2010 Tamquam
1401 1956 1590 1996 eiusdem
1615 1956 1799 1995 civitatis

478 2025 588 2064 cives
633 2026 805 2066 labores
844 2028 1228 2080 peregrinacionis
1271 2027 1440 2078 experti
1472 2033 1583 2074 sunt,
1625 2025 1799 2078 quidam
1817 2025 1857 2057 25

478 2101 621 2133 autem
656 2108 770 2135 nunc
794 2099 1081 2149 experiuntur
1102 2104 1142 2137 et
1173 2111 1305 2150 usque
1336 2097 1381 2136 in
1400 2096 1540 2149 finem
1564 2096 1694 2135 ceteri
1727 2107 1800 2134 ex-

471 2165 711 2215 perientur.

535 2235 589 2274 Et
603 2236 977 2288 correspondentes
990 2236 1179 2289 loquitur
1194 2236 1244 2275 de
1260 2235 1432 2275 ecclesia
1447 2235 1799 2288 malignancium:
1813 2234 1845 2266 L

483 2304 591 2354 Que,
624 2305 773 2358 inquit,
791 2306 964 2358 peperit
984 2306 1137 2358 Cotym,
1175 2306 1320 2354 Clzam,
1361 2306 1557 2345 Ysmalzel
1596 2311 1635 2344 et
1665 2305 1800 2355 Esau,

534 2426 569 2445 11.
590 2419 618 2445 A
641 2417 671 2445 in
693 2418 871 2452 marg.:Ad
893 2418 1076 2446 secundum.
1117 2425 1155 2445 12.
1177 2419 1205 2446 A
1225 2419 1255 2446 in
1277 2426 1392 2454 marg:
1413 2417 1495 2446 Nota
1515 2417 1647 2454 qualiter
1666 2417 1797 2445 ecclesia

476 2464 607 2499 sumpsit
629 2464 790 2491 exordium
806 2465 843 2491 ab
858 2465 949 2500 Abel,
971 2473 1041 2492 cum
1061 2469 1163 2493 tamen
1186 2465 1288 2500 angeli
1308 2466 1412 2492 Adam
1441 2469 1470 2492 et
1490 2464 1553 2492 Eva
1580 2463 1797 2499 precesserint,

475 2510 527 2544 qui
555 2515 625 2537 sunt
653 2510 770 2545 priores
791 2516 893 2546 partes
914 2511 1044 2539 ecclesie
1065 2520 1157 2547 quam
1180 2512 1270 2539 Abel.
1289 2512 1406 2544 (Below
1426 2510 1490 2547 139c
1510 2511 1640 2538 without
1660 2511 1747 2537 mark
1768 2509 1803 2537 of

474 2555 657 2591 reference.)
678 2557 698 2583 B
719 2557 749 2584 in
772 2565 867 2592 marg.
900 2566 983 2585 man.
1006 2566 1085 2585 rec,:
1125 2558 1265 2585 Ecclesia
1285 2562 1331 2585 est
1350 2558 1440 2585 unica
1461 2557 1646 2585 eternaliter.
1708 2555 1748 2583 18.
1769 2557 1798 2583 A

473 2602 504 2629 in
522 2611 637 2637 marg:
658 2603 797 2630 Ecclesia
818 2603 891 2639 quid
913 2609 969 2631 est.
1079 2612 1110 2640 19
1145 2605 1185 2639 A¹
1201 2604 1231 2631 in
1252 2612 1365 2639 marga
1387 2603 1467 2631 Nota
1480 2603 1674 2638 Augustinus
1689 2602 1719 2630 in
1739 2602 1799 2629 hoc

474 2649 609 2683 capitulo
625 2650 740 2677 nullam
756 2649 830 2677 facit
844 2650 1045 2677 mencionem
1067 2651 1105 2677 de
1126 2651 1396 2686 predestinacione
1417 2659 1474 2678 nec
1494 2650 1532 2677 de
1552 2649 1705 2685 prescitis,
1722 2656 1796 2683 ergo

474 2694 631 2722 racionem
654 2704 715 2723 non
739 2697 830 2724 habet
851 2697 887 2724 ad
910 2696 1118 2732 propositum.
1157 2705 1203 2730 24.
1227 2697 1260 2724 In
1282 2698 1414 2725 decret.:
1435 2697 1473 2724 Et
1492 2696 1642 2724 eiusdem.
1700 2694 1747 2724 28.
1768 2696 1797 2722 A

474 2741 503 2767 in
524 2750 639 2776 marg:
660 2743 743 2771 Nota
763 2743 910 2771 continue
930 2743 1010 2771 infra
1026 2744 1063 2771 de
1085 2744 1227 2780 ecclesia,
1248 2744 1286 2770 de
1307 2744 1450 2779 prescitis
1471 2743 1545 2770 etde
1565 2742 1797 2778 predestinatis.

474 2788 595 2820 (Above
624 2787 690 2824 ι39(1
709 2789 840 2817 without
859 2791 946 2817 mark
967 2790 1003 2817 of
1019 2790 1201 2824 reference.)
1232 2790 1293 2817 1b.2
1313 2790 1452 2817 Ecclesia
1472 2789 1726 2824 malignancium.

539 2883 584 2914 ¹7-
614 2873 748 2905 Decreti
776 2884 843 2905 sec.
872 2885 960 2917 pars,
989 2884 1092 2907 causa
1119 2876 1255 2914 XXXII,
1282 2885 1315 2916 q.
1343 2875 1400 2915 IV,
1432 2885 1504 2917 cap.
1533 2872 1570 2906 It.
