2051 3343
195 233 371 291 CAP.111.]
704 248 761 278 DE
790 248 1022 280 EcoLEslA.
1742 241 1790 281 53

36 364 66 397 Ε
99 364 172 397 135⁶
187 353 378 391 amittere
417 364 486 391 res
522 365 616 391 cum
658 352 811 391 mundo
849 359 1123 392 transeuntes
1157 356 1281 406 quasi
1312 354 1505 395 districto

184 420 313 460 iudici
340 421 532 472 posituri
574 422 789 461 racionem
830 422 996 471 timent,·
1039 436 1090 462 ac
1122 424 1158 462 si
1183 423 1406 476 placatum
1442 426 1505 464 in-

183 491 367 540 veniant,
400 491 469 529 cui
500 490 760 530 desideratis
792 491 933 539 rebus,
967 491 1013 530 id
1043 498 1118 539 est,
1166 494 1504 534 racionabilibus

179 559 362 611 perditis
384 559 648 598 insensibilia
672 566 711 598 et
733 573 816 599 non
840 561 1005 612 quesita
1029 569 1290 601 conservent.
1327 563 1503 603 Certum

151 641 167 674 5
185 637 245 668 est
267 630 382 682 quod
413 642 512 669 non.
546 629 787 681 Possidere,
811 629 960 683 inquit,
984 631 1024 669 in
1056 631 1134 670 lzoc
1158 632 1317 670 mundo
1341 633 1504 684 aliquid

186 698 381 737 volumus
425 705 462 737 et
503 710 597 737 ecce
641 699 800 737 veritas
846 698 1026 738 clamat:
1074 697 1174 739 Nisi
1210 702 1304 752 quis
1343 714 1502 740 renun-

184 768 359 806 ciaverit
391 766 586 806 omnibus
618 780 698 818 que
722 767 928 818 possidet,
975 781 1060 807 non
1087 775 1228 820 potest
1259 783 1378 809 meus
1411 783 1503 810 esse

185 836 436 888 discipulus.
472 836 695 889 Perfectus
728 849 834 889 ergo
870 837 1132 877 christianus
1155 840 1364 891 quomodo
1386 839 1507 879 debet

183 918 255 945 res
292 912 488 945 terrenas
519 906 738 959 iurgando
772 906 1005 959 defendere
1037 920 1145 959 quas
1160 909 1405 960 precipitur
1423 922 1504 948 non

132 975 435 1027 10possidere?
480 975 630 1027 Itaque
675 988 770 1014 cum
819 988 890 1014 res
922 977 1133 1028 proprias
1180 977 1426 1026 amittimus,
1471 980 1508 1017 si

175 1045 368 1099 perfecte
392 1045 532 1084 Deum
555 1046 788 1099 sequimur,
813 1046 853 1083 in
878 1046 1006 1085 liuius
1028 1047 1109 1085 vite
1131 1048 1278 1086 itinere
1302 1061 1327 1085 a
1352 1060 1506 1101 magno

184 1127 312 1154 onere
348 1115 606 1167 levigamur.
654 1116 752 1154 Non
796 1128 892 1167 ergo
936 1115 1151 1166 debemus,
1195 1116 1382 1169 periculo
1428 1131 1506 1157 nos

183 1184 447 1236 exponendo,
485 1182 781 1235 perfecciorem
813 1192 970 1223 statum
1001 1185 1234 1237 relinquere
1275 1196 1314 1225 et
1346 1196 1504 1226 statum

183 1253 276 1306 plus
320 1252 616 1305 periculosum,
659 1253 753 1304 plus
786 1266 809 1292 a
842 1252 1011 1292 Christo
1056 1255 1301 1306 elongatum
1339 1265 1379 1296 et
1409 1256 1503 1308 plus

130 1322 438 1365 15tardativum
471 1321 633 1374 eligere.

87 1403 118 1435 F
144 1403 169 1435 3
242 1393 326 1431 Nec
368 1392 478 1431 valet
522 1391 646 1431 tercia
689 1392 909 1444 responsio
956 1393 1146 1445 ypocrite
1190 1408 1272 1447 qua
1317 1395 1415 1434 dicit
1459 1410 1501 1434 se
1517 1403 1620 1452 ⁰:¹⁴0
1654 1404 1794 1442 declares

183 1470 354 1515 propter
386 1475 575 1500 amorem
597 1461 749 1501 iniuste
772 1462 1017 1514 occupantis
1041 1465 1306 1516 contendere,
1340 1478 1390 1504 ne
1414 1464 1500 1517 ipse
1514 1438 1728 1507 iiisstgiigdaccii‘
1745 1440 1795 1523 iiii

182 1540 323 1584 peccet
364 1531 518 1571 iniusta
558 1531 817 1582 detencione,
861 1533 932 1571 sed
965 1541 1011 1571 ut
1042 1532 1131 1584 ipse
1166 1534 1314 1573 habeat
1346 1534 1498 1573 instru-
1544 1516 1653 1542 wrong
1676 1508 1766 1535 doer.

182 1610 324 1640 menta
362 1601 566 1640 virtutum
610 1600 761 1653 quibus
805 1601 940 1653 possit
973 1602 1024 1640 ad
1058 1601 1267 1641 honorem
1299 1603 1374 1642 Dei
1408 1604 1501 1655 plus

125 1691 167 1712 20
182 1671 303 1710 matri
336 1684 408 1710 sue
440 1669 654 1723 proficere.
690 1670 810 1709 Unde
840 1684 917 1722 pro
940 1670 1074 1723 prima
1097 1681 1212 1724 parte
1236 1672 1334 1712 dicit
1358 1673 1502 1712 beatus

183 1740 408 1792 Gregorius
446 1737 536 1794 (ubi
569 1738 732 1794 supra):
779 1740 966 1788 Quidam
1002 1753 1096 1780 cum
1132 1749 1280 1787 nostra
1313 1743 1501 1793 rapiunt,

181 1810 449 1849 solummodo
482 1810 697 1849 tolerandi
718 1817 840 1858 sunt,·
873 1810 1045 1862 quidam
1070 1823 1170 1849 vero
1195 1819 1366 1851 servata
1391 1814 1502 1851 cari-

181 1886 265 1919 tate
291 1879 575 1932 prolzibendi;
606 1892 689 1918 non
722 1886 862 1918 tamen
896 1880 989 1919 sola
1022 1893 1129 1919 cura
1162 1893 1214 1919 ne
1236 1888 1382 1920 nostra
1405 1882 1502 1921 sub-

183 1949 370 1999 trahant,
403 1948 479 1988 sea'
512 1961 562 1987 ne
591 1950 808 2000 rapientes
831 1962 913 1988 non
938 1962 1017 1989 sua
1039 1951 1287 2002 semetipsos
1300 1951 1502 2002 perdant.

129 2027 167 2059 25
184 2019 263 2058 Iste
296 2017 416 2058 fucus
449 2027 510 2058 est
541 2019 674 2071 magis
709 2018 903 2070 palliatus
927 2033 1055 2072 quam
1080 2019 1220 2059 ceteri:
1255 2034 1353 2059 nam
1377 2019 1503 2075 (sicut
1517 2039 1593 2067 This
1616 2042 1639 2068 15
1660 2051 1676 2069 a
1698 2043 1794 2070 better

1516 2083 1627 2104 excuse
1653 2078 1705 2104 but
1725 2078 1745 2104 it
1766 2079 1791 2105 is

1551 2110 1757 2147 dangerously

1552 2153 1624 2173 near
1644 2151 1675 2173 to
1696 2148 1764 2174 evil.

182 2088 281 2128 alias
314 2086 495 2141 ostendi)
528 2088 623 2127 licet
655 2087 919 2128 inferioribus
952 2089 1120 2128 ecclesie
1153 2102 1228 2141 pro
1262 2089 1383 2129 bonis
1416 2089 1497 2129 for-

182 2168 282 2197 tune
321 2158 585 2209 contendere,
626 2166 784 2197 servata
824 2158 991 2198 caritate
1030 2159 1244 2212 utrimque
1283 2169 1322 2199 et
1360 2170 1501 2199 sancta

182 2227 421 2266 intencione
454 2240 551 2267 cum
583 2226 717 2266 forma
744 2228 999 2280 procedendi
1022 2229 1221 2281 legitima,
1256 2230 1354 2268 Ideo
1378 2230 1501 2269 debet

184 2297 314 2335 homo
346 2296 456 2336 illius
488 2297 776 2349 responsionis
822 2311 977 2349 cavere,
1024 2312 1075 2337 ne
1120 2299 1409 2352 propinquitas
1450 2300 1500 2338 ad

129 2376 169 2408 30
183 2365 428 2417 voraginem
460 2366 630 2418 periculi
664 2376 856 2418 preparet
888 2368 939 2405 ad
972 2366 1148 2406 ruinam.
1184 2369 1292 2407 Nam
1325 2377 1370 2407 ut
1403 2368 1501 2408 dicit

184 2435 328 2474 beatus
361 2435 585 2487 Gregorius
617 2435 793 2475 ibidem:
828 2436 928 2475 Plus
961 2437 1062 2487 ipsis
1097 2438 1344 2488 raptoribus
1377 2438 1499 2477 debe·
1549 2445 1593 2474 St.
1615 2446 1756 2482 Gregory

185 2517 277 2543 mus
300 2511 485 2544 metuere
508 2517 634 2556 quam
658 2504 826 2544 inhiare
847 2506 951 2557 ipsis
971 2506 1097 2546 rebus
1120 2507 1499 2547 irracionabilibus
1592 2481 1714 2508 reaches

241 2635 265 2654 2.
288 2626 312 2654 3.
333 2627 366 2654 In
387 2627 493 2655 codd:
517 2628 683 2655 invenient.
740 2636 780 2655 21.
801 2629 862 2656 AB
878 2630 907 2656 in
929 2638 1042 2664 marga
1065 2629 1248 2666 Gregorius.
1323 2631 1365 2658 25.
1387 2631 1448 2658 ΑΒ
1470 2630 1499 2658 in

184 2683 296 2710 marga
324 2674 505 2702 Conclusio.
527 2674 547 2700 B
568 2674 598 2701 in
619 2683 733 2710 marg:
756 2675 841 2702 Licet
860 2676 1057 2704 inferioribus
1084 2678 1212 2705 ecclesie
1238 2678 1422 2705 contendere
1444 2685 1500 2712 pro

184 2720 272 2748 bonis
293 2721 429 2748 ecclesie.
503 2728 547 2755 27.
570 2721 606 2747 B:
629 2725 803 2757 utrumque.
881 2723 919 2750 31.
941 2724 969 2750 A
989 2723 1018 2751 in
1040 2732 1152 2759 marg:
1176 2724 1290 2758 Raptor
1311 2729 1356 2751 cst
1376 2733 1391 2751 a
1412 2723 1501 2751 nobis

186 2767 254 2802 plus
275 2768 424 2795 amandus
446 2776 538 2803 quam
559 2776 607 2795 res
628 2773 748 2804 arrepta
768 2778 822 2805 per
842 2775 1009 2805 raptorem.

242 2860 273 2893 ὁ.
302 2862 385 2893 Luc.
411 2863 501 2902 XIV,
534 2863 585 2895 33.
