2051 3343
205 235 257 274 62
935 241 1160 273 JOHANNIS
1187 240 1382 273 WYCLIF.
1632 224 1737 284 [CAP.
1754 236 1805 264 111.

497 360 608 400 aqua
640 347 700 385 sic
731 346 874 385 calida
908 347 1039 385 cicius
1061 345 1316 398 congelatur
1330 349 1513 397 propter
1536 344 1808 383 exalaciones
1830 352 1906 388 135³
1923 354 1955 388 ο

483 415 685 469 frigidas
724 428 832 468 quas
856 416 960 467 pori
991 415 1150 454 caloris
1182 415 1412 466 recipiunt:
1441 413 1496 452 sic
1518 413 1808 465 pretendentes

496 485 756 524 sanctitatem
813 484 1057 523 huiusmodi
1114 492 1211 522 sunt
1263 482 1602 535 periculosissimi
1666 482 1808 521 hostes

204 576 288 604 since
309 577 380 612 they
398 581 480 602 want
495 554 676 604 ecclesie,
725 567 797 606 per
847 567 953 606 quos
1010 561 1056 592 ut
1108 552 1337 605 proditorie
1384 552 1614 604 aperientes
1666 560 1807 604 portas

215 610 663 681 111ecuhrssrl1i1ssbt‘1ofecclesie
702 622 936 662 subintrant
975 621 1110 674 frigidi
1144 621 1224 661 fide
1258 630 1296 661 et
1330 621 1570 673 virtutibus,
1610 620 1682 674 qui
1714 620 1842 673 plus5

494 707 623 746 quam
645 692 750 731 inter
772 691 912 732 fideles
936 691 1185 744 extinguunt
1218 691 1430 731 caritatem
1461 699 1606 730 vocate
1640 690 1807 729 ecclesie

495 772 534 802 et
566 761 800 815 congelant.
861 761 1006 813 Debet,
1053 761 1241 814 inquam,
1293 760 1462 800 ecclesia
1507 759 1662 799 fervere
1706 773 1811 812 pura

495 832 660 871 caritate
693 845 741 870 ex
774 831 951 883 simplici
975 830 1297 883 participacione
1321 830 1475 870 Christi
1508 829 1578 882 qui
1617 838 1676 868 est
1704 829 1810 882 ignis

494 915 567 954 per
606 914 647 939 se
681 900 837 940 calidus
879 900 1059 951 caritate,
1096 909 1133 939 et
1166 909 1344 939 matrem
1376 899 1571 938 omnium
1602 898 1814 938 malorum

495 971 767 1024 cupiditatem
800 979 1067 1022 postponere,
1102 978 1140 1009 et
1171 983 1244 1022 per
1275 982 1550 1022 consequens,
1583 981 1670 1008 non
1693 968 1869 1012 adin-10

495 1041 716 1080 venciones
762 1040 981 1079 lucrativas
1026 1040 1120 1092 plus
1165 1054 1293 1093 quam
1335 1040 1472 1092 legem
1511 1039 1585 1078 Dei
1630 1037 1809 1091 diligere.

496 1111 603 1150 Sunt
634 1119 774 1150 autem
806 1109 913 1149 intra
946 1109 1164 1149 ecclesiam
1195 1109 1263 1148 alii
1295 1109 1459 1162 presciti
1482 1108 1614 1161 magis
1635 1108 1810 1147 abscon-

497 1180 583 1230 diti,
624 1180 844 1219 evadentes
887 1179 1195 1218 evomicionem
1232 1179 1492 1229 huiusmodi,
1536 1187 1581 1217 ut
1613 1178 1670 1217 hii
1704 1186 1809 1217 tam-

497 1263 625 1302 quam
665 1248 926 1301 superfluitas
966 1249 1072 1287 sicca
1117 1248 1359 1300 digestionis
1404 1248 1551 1300 prime,
1601 1247 1658 1285 hii
1704 1256 1809 1286 tam-

498 1333 625 1372 quam
659 1318 920 1371 superfluitas
945 1318 1117 1358 humida
1140 1318 1383 1371 digestionis
1409 1318 1601 1371 secunde,
1627 1326 1664 1355 et
1686 1316 1743 1355 hii
1766 1325 1813 1356 ut
1834 1329 1868 1360 15

498 1397 759 1441 apostemata
803 1389 866 1427 vel
914 1402 1074 1427 vermes
1123 1388 1367 1441 digestionis
1414 1387 1549 1427 tercie.
1604 1387 1657 1427 Et
1700 1394 1813 1439 patet

498 1459 615 1511 quod
659 1471 745 1497 non
793 1457 999 1510 sequitur:
1053 1457 1094 1496 Si
1140 1457 1381 1510 quicunque
1428 1456 1586 1495 viantes
1632 1465 1728 1495 sunt
1771 1456 1813 1495 in

499 1527 681 1578 ecclesia,
705 1537 804 1567 tunc
827 1536 923 1566 sunt
947 1528 996 1566 de
1020 1527 1202 1578 ecclesia,
1228 1527 1298 1566 sed
1321 1534 1501 1567 econtra.
1522 1527 1632 1565 Nam
1654 1525 1811 1564 scimus

498 1597 656 1637 zizania
679 1611 858 1636 crescere
880 1597 986 1636 inter
1009 1596 1230 1647 frumenta,
1265 1610 1439 1635 corvum
1470 1596 1580 1648 pasci
1604 1595 1645 1633 in
1669 1595 1814 1634 eadem

499 1681 592 1706 area
630 1681 727 1706 cum
767 1667 962 1706 columba
1001 1675 1040 1706 et
1078 1666 1243 1718 paleam
1286 1665 1483 1704 inorreari
1515 1678 1592 1718 pro
1623 1672 1813 1717 tempore
1830 1688 1872 1710 20

499 1737 605 1776 inter
644 1750 781 1789 grana,
821 1745 859 1776 et
896 1745 1037 1776 tamen
1086 1745 1145 1775 est
1187 1735 1553 1775 incommunicans
1597 1734 1812 1774 distinccio

499 1807 605 1846 inter
642 1806 732 1858 ista,
772 1806 877 1846 sicut
915 1806 1199 1859 exemplatum
1243 1815 1303 1845 est
1334 1805 1376 1844 in
1409 1818 1582 1857 corpore
1614 1804 1814 1845 humano.

501 1877 559 1916 Ita
591 1876 823 1930 ymaginari
862 1876 1063 1915 debemus
1109 1877 1157 1915 de
1196 1885 1338 1915 sancta
1377 1884 1507 1915 matre
1554 1874 1739 1925 ecclesia,
1777 1883 1817 1914 et

500 1946 557 1986 sic
589 1946 885 1999 intelligendus
918 1955 977 1985 est
1000 1954 1135 1985 textus
1160 1946 1188 1985 I.
1211 1945 1301 1986 Joh.
1327 1946 1396 1996 110,
1434 1945 1494 1995 18,
1529 1958 1626 1984 cum
1649 1943 1815 1983 dicitur:

501 2017 627 2055 Nunc
642 2014 897 2055 Anticlzristz'
922 2015 1172 2069 multifactz‘
1188 2022 1310 2064 sunt‚·
1332 2028 1385 2055 ex
1409 2015 1816 2067 nobisprodierunt,
1834 2025 1873 2058 25

500 2086 576 2126 sed
613 2099 695 2125 non
737 2092 863 2125 erant
900 2099 954 2125 ex
993 2085 1127 2134 nobis,
1168 2099 1267 2124 nam
1306 2086 1342 2124 si
1360 2084 1556 2139 fuissent
1595 2097 1649 2124 ex
1682 2083 1817 2131 nobi&

495 2157 845 2209 permansissent
867 2156 1010 2208 utique
1033 2155 1264 2196 nobiscum.
1289 2155 1403 2194 Sicut
1426 2154 1538 2194 enim
1555 2153 1818 2207 superfluitas

504 2226 690 2279 procedit
723 2240 770 2265 ex
804 2226 896 2265 cibo
930 2234 968 2265 et
999 2225 1197 2264 membris
1230 2225 1385 2276 solidis,
1420 2226 1523 2264 dum
1555 2233 1697 2264 tamen
1729 2236 1817 2262 non

503 2296 555 2335 sit
595 2310 642 2335 ex
682 2295 750 2347 eis,
791 2295 847 2334 sic
890 2304 1167 2348 purgamenta
1206 2294 1373 2334 ecclesie
1412 2295 1646 2347 procedunt
1678 2306 1725 2332 ex
1759 2306 1817 2344 ea,

504 2379 589 2405 non
622 2374 762 2405 tamen
797 2373 911 2404 erant
943 2379 991 2404 ex
1023 2378 1069 2403 ea
1101 2373 1146 2404 ut
1168 2373 1316 2416 partes,
1352 2378 1449 2403 cum
1478 2364 1592 2404 nulla
1614 2377 1706 2416 pars
1729 2362 1817 2401 eius
1834 2374 1874 2406 30

503 2443 643 2487 potest
675 2435 725 2473 ab
759 2448 805 2473 ea
837 2434 1033 2474 excidere.
1068 2434 1190 2474 Unde
1222 2435 1273 2473 ad
1305 2433 1626 2473 discernendum
1648 2432 1816 2472 distinc-

503 2504 668 2543 cionem
708 2503 799 2555 puri
840 2512 878 2543 et
918 2503 1229 2556 superfluorum
1262 2503 1508 2543 huiusmodi
1542 2502 1640 2542 dicit
1673 2502 1817 2541 beatus

502 2573 710 2612 Johannes
743 2572 919 2625 epistola
958 2573 1140 2612 secunda
1179 2572 1399 2612 canonica:
1452 2572 1617 2622 Omnis,
1669 2571 1818 2624 inquit,

501 2644 573 2695 qui
606 2642 763 2682 recedit
793 2649 831 2681 et
854 2656 935 2682 non
950 2649 1180 2694 permanet
1201 2643 1242 2682 in
1266 2642 1462 2682 doctrina
1489 2642 1656 2693 Christi,
1680 2641 1818 2680 Deum

564 2745 600 2771 15.
615 2744 675 2771 AB
697 2744 725 2771 in
748 2752 862 2779 marg:
883 2744 989 2777 Avari,
1010 2744 1130 2781 lubrici,
1151 2743 1494 2779 cupidi.C0rrelarium.
1555 2742 1635 2771 18.A
1656 2742 1685 2770 in
1707 2750 1819 2777 marga

503 2788 593 2817 Nota.
652 2789 912 2817 23‚1nc0dd.:1ra
927 2791 1023 2817 deest.
1038 2790 1076 2817 cf.
1088 2790 1181 2817 Hussi
1192 2790 1274 2825 Opp.
1286 2790 1307 2825 Ι,
1323 2791 1408 2825 1991).
1466 2790 1547 2823 ’.πμΑ
1560 2790 1588 2816 in
1603 2797 1698 2823 marg.
1711 2798 1716 2815 :
1728 2788 1819 2815 Nota.

568 2862 620 2893 33.
648 2863 671 2893 ΙΙ
701 2862 777 2893 Joh.
804 2876 835 2905 ι).
