2051 3273
233 190 312 244 378
942 199 1164 231 „IOHANNIS
1191 198 1385 230 wrcmr.
1625 182 1730 239 [cim.
1752 192 1834 220 xvi.

522 306 631 343 dicta
666 312 727 344 est
758 318 783 342 α
806 304 990 343 Daniele
1015 303 1227 356 propheta
1260 309 1437 341 stamem
1472 303 1512 341 in
1549 302 1637 340 loco
1670 307 1832 348 sancto,
1853 310 1985 344 1810?

519 376 633 414 velut
667 375 817 413 dicitur
845 374 971 412 Marci
1004 373 1113 423 XIII,
1157 385 1215 423 14,
1249 378 1428 412 stantem
1465 372 1536 411 ubi
1579 385 1660 410 non
1696 371 1835 411 debet:

522 444 595 496 qm·
652 445 767 497 legit,
820 443 970 496 inquit,
1023 443 1247 496 intelligat.
1282 442 1360 481 Sed
1401 442 1523 480 credo
1578 442 1693 495 quod
1746 454 1834 479 non

521 514 659 553 veniet
692 513 904 553 desolacio
939 514 989 551 ad
1023 512 1134 551 hunc
1168 512 1357 564 gradum.

275 592 457 627 offic-cnon:
579 583 770 635 Septimo
804 583 1086 636 principaliter
1119 582 1174 620 sic
1207 581 1411 634 arguitur:
1461 580 1633 619 Domini
1667 588 1884 633 tempo—Q

250 630 481 703 iifinhsifeei-iiiizii·
501 652 624 710 ⁴rales
656 652 783 691 libere
816 652 1070 691 transferunt
1103 652 1163 691 ius
1199 652 1316 704 quod
1339 651 1493 690 habent
1524 651 1575 690 ad
1598 663 1675 689 sua·
1695 651 1831 689 domi-

231 700 675 773 },¹,{¹1¹,¹.⁸fosswmsssslnabflffa
719 736 830 761 nuuc
875 722 914 760 in
965 730 1116 761 certam
1165 720 1512 760 communitatem
1561 729 1600 760 et
1644 734 1755 760 nunc
1793 721 1835 760 in

255 775 285 796 10
308 778 323 796 a
344 770 481 804 socxety?
523 804 648 830 unam
686 805 924 844 personam,
958 792 1056 845 quia
1088 791 1309 830 translacio
1356 791 1454 830 iuris
1500 791 1744 843 temporalis
1777 799 1837 829 est

520 862 721 901 libertatis
756 871 953 912 creature,
987 861 1171 901 nolentis
1203 861 1262 900 uti
1287 862 1351 900 vel
1381 875 1468 900 esse
1498 861 1703 914 particeps
1736 861 1835 900 altea

521 931 604 970 rius
650 932 739 971 talis
784 932 897 983 iuris,
944 933 1015 971 sed
1054 932 1094 970 in
1142 940 1292 971 certam
1328 945 1550 984 personam
1585 930 1895 970 transferuntm

522 1002 680 1054 absque
713 1010 884 1054 peccato
918 1016 992 1041 sua
1029 1001 1230 1053 dominia,
1264 1015 1362 1053 ergo
1396 1014 1469 1053 per
1507 1001 1617 1040 idem
1657 1008 1838 1053 possunt

520 1071 677 1124 absque
710 1080 883 1124 peccato
917 1071 959 1110 in
984 1071 1287 1111 communitate
1322 1071 1539 1111 transferre
1571 1071 1660 1110 iura
1691 1070 1835 1110 huius-

521 1141 651 1180 modi.
686 1141 765 1181 Sed
798 1142 998 1181 translato
1032 1142 1119 1181 iure
1151 1142 1192 1180 in
1239 1141 1589 1180 communitatem
1634 1154 1712 1193 pro
1758 1154 1836 1179 suo

520 1219 724 1270 perpetuo
753 1211 1026 1265 consequitur
1047 1221 1132 1251 tam
1159 1224 1425 1263 perseverans
1449 1210 1706 1262 dominacio,
1738 1224 1835 1263 ergo

520 1290 600 1320 stat
638 1282 992 1320 communitatem
1030 1281 1179 1320 habere
1222 1292 1427 1334 perpetuo
1467 1282 1546 1320 tale
1579 1280 1834 1320 dominium.
1857 1284 1894 1317 15

294 1372 440 1398 Answer:
580 1350 658 1389 Hic
692 1350 798 1402 dico,
829 1351 968 1403 primo
1002 1352 1117 1404 quod
1143 1351 1359 1390 conclusio
1384 1351 1561 1390 deducta
1594 1359 1653 1389 est
1686 1364 1835 1389 conce-

230 1405 654 1477 2i¹v¹i⁶ffl<¹335¹eyffy¹ffldenda
702 1421 1104 1460 descommunitate
1150 1421 1257 1460 civili
1304 1435 1385 1474 que
1429 1430 1490 1460 est
1534 1434 1661 1472 capax
1707 1420 1836 1459 civilis

232 1477 286 1502 lias
307 1476 355 1503 the
377 1478 456 1511 right
476 1483 505 1504 to
629 1490 636 1496 ·
675 1490 696 1497 ··
1181 1490 1187 1496 .
1268 1504 1279 1510 ἢ
1470 1490 1477 1497 .
1548 1490 1554 1496 .
1627 1505 1635 1511 Ἴ
1707 1490 1714 1496 .
1749 1490 1756 1496 .

244 1511 314 1537 hold
337 1517 492 1549 property,
521 1491 713 1536 dominu,
748 1499 794 1530 ut
825 1500 938 1543 patet
972 1491 1021 1529 de
1069 1491 1212 1530 multis
1260 1491 1637 1530 communitatlbus
1683 1504 1833 1531 c1V1um

256 1546 487 1610 Ξὲᾗῑὲζῆῖὲξῃξ
522 1574 602 1613 que
634 1560 743 1599 licite
777 1560 948 1599 civiliter
980 1560 1265 1601 dominantur.
1301 1561 1378 1599 Sed
1404 1561 1553 1613 procul
1577 1560 1658 1600 hoc
1691 1562 1741 1599 ad
1774 1560 1835 1599 in-

304 1622 434 1655 munity.
522 1630 737 1669 ferendum
775 1631 891 1684 quod
924 1630 1072 1669 clerico
1108 1630 1166 1684 (in
1203 1639 1405 1683 quantum
1447 1628 1712 1685 huiusmodi)
1745 1631 1839 1671 licet
1855 1644 1897 1667 20

522 1700 729 1738 dominari
762 1700 946 1752 civiliter,
980 1710 1019 1740 et
1063 1701 1198 1740 multo
1246 1700 1522 1753 periculosius
1567 1699 1675 1740 foret
1719 1715 1836 1740 com-

522 1770 771 1810 munitatem
809 1771 902 1810 cleri
936 1771 1145 1810 dominari
1179 1771 1363 1823 civiliter,
1397 1785 1491 1811 cum
1528 1784 1641 1810 error
1673 1770 1740 1809 ille
1773 1770 1839 1810 vix

522 1839 629 1879 foret
688 1840 982 1893 extinguibilis,
1039 1842 1110 1880 sed
1166 1849 1381 1894 tamquam
1452 1854 1596 1880 cancer
1659 1849 1839 1893 serperet

519 1910 850 1964 ampliandoque
882 1912 1141 1964 procederet,
1183 1924 1407 1964 quousque
1443 1924 1637 1964 magnam
1674 1918 1835 1963 partem

519 1994 744 2032 regnorum
780 1980 977 2020 inficeret.
1011 1981 1117 2022 Satis
1150 1994 1248 2033 ergo
1283 1990 1344 2020 est
1375 1980 1498 2019 nobis
1530 1980 1680 2019 habere
1713 1993 1835 2019 usum
1856 1984 1894 2016 25

520 2051 787 2090 moderatum.
819 2051 1119 2104 temporalium
1151 2065 1228 2104 pro
1262 2051 1417 2090 nostris
1452 2050 1632 2103 propriis
1661 2050 1838 2089 necessi-

521 2119 675 2160 tatibus
710 2130 748 2160 et
780 2121 962 2160 aliorum
993 2135 1230 2174 pauperum
1272 2120 1502 2160 relevandis
1546 2121 1611 2159 vel
1657 2119 1837 2159 extincta

522 2203 671 2229 eorum
716 2190 1015 2230 dominacione
1068 2191 1175 2230 civili
1227 2191 1292 2229 vel
1343 2190 1383 2228 in
1442 2203 1592 2229 manus
1654 2189 1838 2243 capitalis

520 2259 685 2298 domini
731 2260 935 2310 derelicta,
975 2269 1021 2300 ut
1068 2269 1187 2300 notat
1232 2261 1360 2313 Hugo
1405 2260 1512 2298 libro
1558 2260 1744 2299 secundo
1777 2260 1838 2298 De

522 2329 815 2381 Sacramentis,
856 2339 971 2382 parte
1004 2331 1199 2381 secunda,
1233 2344 1321 2382 cap.
1356 2330 1430 2368 ΙΙΙΟ
1464 2338 1502 2368 et
1534 2329 1639 2370 Vll0.
1686 2329 1895 2381 Layci‚3o

519 2398 668 2451 inquit,
703 2400 803 2452 quia
837 2406 1013 2440 terrena
1047 2407 1084 2439 et
1114 2407 1286 2439 terrene
1321 2400 1400 2439 vite
1447 2399 1692 2442 necessaria
1725 2406 1836 2438 trac-

518 2475 623 2517 tant,
641 2482 753 2521 pars
785 2470 979 2522 corporis
1007 2469 1164 2509 Christi
1194 2470 1368 2509 sinistra
1391 2475 1503 2509 sunt.
1532 2469 1689 2508 Clerici
1721 2481 1835 2516 vero,

572 2581 596 2608 5.
617 2583 645 2608 A
664 2582 693 2609 in
716 2590 830 2618 marga
851 2582 990 2617 Septima
1011 2582 1106 2610 racio.
1251 2580 1288 2609 13.
1312 2582 1349 2608 ss:
1372 2581 1550 2609 translacio.
1696 2581 1731 2608 15.
1757 2582 1785 2608 A
1805 2580 1835 2608 in

521 2635 634 2662 marg:
654 2627 841 2664 Responsio,
985 2629 1031 2656 28.
1051 2629 1080 2656 A
1100 2628 1130 2655 in
1152 2636 1238 2662 marg
1259 2637 1265 2654 z
1288 2627 1390 2662 Hugo.
1413 2629 1445 2655 In
1466 2627 1610 2662 Hugonis
1632 2627 1676 2655 De
1696 2626 1834 2655 Sacram.

519 2673 538 2700 1.
560 2682 585 2702 c.
607 2674 705 2709 leges:
730 2674 814 2702 Laici
835 2675 898 2711 qui.

579 2767 630 2800 29.
673 2757 835 2799 Hugonis
876 2759 916 2789 de
956 2759 989 2790 S.
1028 2758 1170 2790 Victore
1197 2758 1289 2801 Opp.
1318 2769 1396 2800 pars
1430 2759 1469 2799 II,
1502 2758 1553 2789 De
1587 2757 1834 2798 Sacramenfis,

519 2815 575 2847 lib.
604 2816 641 2856 ll,
668 2826 745 2858 pars
773 2817 798 2848 ll
829 2814 898 2860 (ed.
920 2816 1058 2860 Migne),
1078 2827 1134 2860 pp.
1153 2828 1219 2859 417
1241 2822 1272 2848 et
1288 2826 1356 2857 420
1379 2816 1516 2848 mutatis
1548 2815 1680 2859 aliquot
1708 2815 1822 2847 verbis
