2051 3273
210 180 287 219 566
914 183 1136 216 JOHANNIS
1162 183 1357 215 WYCLIF.
1568 169 1674 228 [CAP.
1694 180 1800 208 xxm

495 301 705 330 mereatur
766 291 1004 341 cuicunque
1067 287 1216 327 affecto
1283 301 1360 326 suo
1423 296 1802 341 quantumcunque
1819 298 1900 332 2051)
1934 301 1953 333 1

492 361 687 410 voluerit,
722 359 817 412 quia
842 367 981 412 potest
1014 358 1114 396 dare
1137 356 1216 396 sibi
1240 358 1440 396 meritum
1464 358 1651 408 alterius,
1686 358 1801 411 quod

493 439 555 469 est
587 430 712 468 idem.
749 429 818 468 Ille
852 428 964 466 enim
999 427 1071 479 qui
1106 426 1233 465 habet
1265 434 1518 478 potestatem
1554 440 1680 479 super
1717 437 1801 466 tam

494 508 702 539 secretum
744 498 991 537 thesaurum
1031 496 1169 534 anime
1217 496 1342 534 habet
1381 504 1635 547 potestatem
1679 510 1804 549 super

494 581 717 621 personam
751 567 891 620 quoad
926 565 1097 604 inferius
1132 565 1373 617 corporale;
1406 566 1446 604 in
1485 565 1602 605 cuius
1636 567 1838 619 signum5

497 639 610 677 Deus
645 637 760 676 dedit
785 637 969 689 dyabolo
1001 644 1254 688 potestatem
1288 635 1428 687 primo
1452 649 1577 688 super
1611 636 1802 674 substan-

497 707 603 746 ciam
629 707 738 745 beati
762 706 855 756 Job,
890 705 1078 744 secundo
1102 718 1229 756 super
1253 717 1419 756 corpus.
1460 703 1805 756 Verumptamen,

496 777 649 830 inquit,
683 776 872 815 animam
906 774 998 814 eius
1032 787 1170 821 serva,
1209 773 1284 812 Job
1317 773 1386 824 110,
1412 773 1451 813 6.
1477 775 1530 813 Et
1563 775 1698 813 multo
1723 775 1805 812 evi-

497 846 672 885 dencius
733 854 980 897 sequeretur
1039 843 1155 896 quod
1216 856 1321 895 papa
1376 853 1516 894 preest
1569 844 1805 897 cuicunque

220 928 310 955 much
332 935 419 954 more
440 927 469 954 in
497 915 662 967 spiritui
696 915 737 954 in
771 914 1020 967 purgatorio
1062 914 1126 952 vel
1159 913 1405 965 dampnato,
1447 922 1486 952 et
1526 913 1605 952 hoc
1640 914 1807 952 videtur
1828 935 1864 957 10

313 964 382 991 κη’
499 987 718 1025 doctorem
742 984 976 1034 intendere,
1010 996 1107 1022 cum
1141 982 1243 1021 dicit
1267 983 1382 1035 quod
1418 983 1527 1021 bona
1563 984 1806 1022 communia

498 1054 784 1094 multitudinis
809 1053 1126 1092 distribuuntur
1149 1052 1325 1104 singulis
1360 1052 1411 1090 de
1434 1052 1501 1091 illa
1534 1052 1807 1091 multitudine

500 1125 732 1164 secundum
775 1123 999 1162 arbitrium
1033 1122 1122 1161 eius
1156 1122 1227 1174 qui
1260 1122 1318 1160 illi
1353 1121 1616 1160 multitudini
1648 1131 1805 1174 preest,

499 1203 539 1234 et
562 1194 698 1233 multo
723 1192 966 1232 evidencius
991 1191 1183 1244 sequitur
1216 1191 1330 1243 quod
1364 1204 1474 1243 papa
1500 1199 1638 1243 preest
1662 1191 1806 1244 damp-

499 1266 621 1315 natis,
658 1276 754 1302 cum
788 1270 927 1315 preest
950 1261 1142 1314 personis
1176 1260 1455 1313 dignioribus,
1489 1269 1536 1300 ut
1559 1269 1674 1313 puta,
1708 1274 1806 1313 pur·
1830 1272 1865 1304 15

499 1333 647 1386 gandis
670 1331 888 1385 spiritibus
923 1341 962 1370 et
995 1331 1147 1382 beatis,
1172 1330 1244 1383 qui
1268 1330 1379 1369 enim
1405 1330 1531 1369 habet
1554 1339 1808 1383 potestatem

501 1403 691 1443 cassandi
715 1415 821 1455 opus
846 1402 1012 1455 dyaboli
1039 1410 1078 1439 et
1102 1400 1276 1439 tollendi
1310 1401 1361 1439 ab
1386 1413 1434 1439 eo
1467 1400 1640 1452 predam
1681 1414 1806 1453 quarn

500 1483 668 1513 tantum
704 1472 879 1524 appetit,
917 1471 1043 1510 habet
1077 1479 1333 1522 potestatem
1366 1469 1406 1508 in
1443 1483 1554 1517 eum,
1596 1470 1667 1508 sed
1700 1483 1808 1522 papa

502 1543 630 1582 habet
677 1549 930 1594 potestatem
977 1540 1028 1578 ad
1075 1539 1261 1578 dandum
1312 1539 1621 1591 quantamlibet
1670 1539 1807 1578 indul-

501 1613 691 1665 genciam
726 1612 896 1663 captivo
932 1609 1119 1663 dyaboli,
1155 1622 1205 1648 ne
1239 1607 1423 1647 sufficiat
1457 1608 1638 1660 amplius
1672 1608 1809 1647 valere
1827 1631 1868 1652 20

501 1683 542 1721 in
567 1695 677 1732 eum,
708 1689 754 1719 ut
777 1679 943 1719 dicitur.
979 1678 1143 1717 Dicitur
1162 1687 1201 1716 et
1225 1679 1338 1716 Luce
1376 1677 1452 1716 IX0
1475 1678 1590 1730 quod
1615 1677 1810 1718 Christus

502 1752 617 1790 dedit
661 1750 877 1802 discipulis
923 1756 1177 1801 potestatem
1228 1761 1354 1800 super
1410 1748 1553 1786 omnia
1598 1748 1810 1800 demonia,

502 1821 572 1860 sed
619 1820 742 1858 nimis
786 1819 926 1871 ampla
966 1817 1075 1856 foret
1114 1830 1221 1869 pape
1261 1817 1516 1865 iurisdiccio,
1563 1818 1634 1870 qui
1680 1818 1811 1857 instar

503 1889 662 1930 Christi
678 1889 806 1928 habet
822 1896 1078 1940 potestatem
1096 1900 1222 1939 super
1239 1886 1558 1926 multitudinem
1576 1887 1810 1939 celestium,

502 1960 767 2000 terrestrium
800 1967 839 1997 et
872 1957 1150 1996 infernorum.
1829 1967 1868 1999 25

562 2031 621 2069 Ex
638 2029 726 2069 istis
744 2027 969 2079 colligitur,
994 2039 1089 2066 cum
1114 2035 1175 2065 tot
1206 2026 1551 2065 inconveniencia
1576 2035 1853 2078 sequuntur4

504 2113 551 2138 ex
596 2100 705 2138 dicta
750 2097 1000 2150 palliacione
1046 2095 1269 2148 potestatis
1314 2095 1491 2147 papalis,
1535 2096 1652 2147 quod
1698 2095 1813 2134 radix

503 2171 681 2209 istorum
722 2166 1120 2207 inconveniencium
1162 2164 1270 2204 foret
1304 2164 1501 2204 fidelibus
1535 2178 1810 2204 venenosum.

504 2239 631 2288 Quod
680 2247 822 2277 autem
862 2237 941 2276 ista
980 2236 1063 2274 sint
1108 2234 1466 2283 inconveniencia,
1522 2244 1637 2286 patet
1674 2235 1853 2286 primoa

214 2317 262 2344 All
286 2324 405 2351 powers
436 2324 486 2343 are
503 2322 550 2347 ex
583 2309 661 2347 hoc
695 2307 810 2360 quod
850 2305 1084 2345 secundum
1125 2304 1367 2356 apostolum
1408 2304 1587 2344 Roman.
1621 2304 1754 2355 X1110‚
1794 2314 1871 2346 130

241 2350 463 2413 Οἷιεξῗῖῗῑνιζὶὲο
503 2391 586 2417 non
620 2383 682 2416 est
705 2383 898 2429 potestas
932 2375 1013 2414 nisi
1034 2387 1059 2413 a
1083 2375 1187 2413 Deo.
1224 2374 1316 2426 Ipse
1351 2384 1491 2413 autem
1526 2387 1609 2413 non
1645 2375 1812 2427 reliquit

243 2421 458 2490 tzussliiepggvpeer-
504 2448 544 2486 in
584 2448 673 2498 lege
719 2460 793 2485 sua
827 2445 946 2498 papis
979 2443 1227 2484 huiusmodi
1264 2453 1534 2496 potestatem,
1582 2457 1682 2496 ergo
1728 2457 1811 2482 non

506 2526 566 2556 est
599 2515 810 2567 fingenda,
837 2527 931 2553 nam
956 2527 1029 2565 per
1053 2513 1165 2552 idem
1190 2513 1298 2552 foret
1320 2511 1531 2553 infinitum
1559 2513 1811 2565 amplianda.

566 2586 763 2626 Secundo
796 2598 871 2637 per
903 2584 982 2622 hoc
1016 2584 1131 2636 quod
1154 2597 1262 2636 pape
1286 2584 1439 2635 singuli
1464 2584 1568 2623 citra
1591 2582 1810 2622 Christum
1828 2593 1852 2624 b

508 2666 606 2696 sunt
644 2655 753 2708 paris
796 2653 1037 2707 potestatis;
1089 2666 1185 2692 cum
1224 2666 1323 2705 ergo
1363 2667 1439 2705 par
1477 2653 1517 2692 in
1552 2666 1693 2705 parem
1730 2666 1812 2691 non
1830 2661 1869 2695 35

557 2767 585 2795 8.
616 2768 648 2795 In
677 2767 784 2794 codd.=
803 2765 861 2793 Job
882 2766 993 2801 primo.
1015 2764 1151 2793 Correxi.
1328 2772 1368 2794 21.
1394 2764 1433 2792 B:
1454 2764 1492 2793 Et
1511 2764 1593 2792 Luce
1612 2764 1669 2792 1X⁰
1689 2764 1810 2792 dicitur.

505 2814 547 2842 32.
569 2815 662 2842 huius
683 2814 714 2841 in
735 2813 827 2841 codd.
