2051 3273
209 224 302 253 CAP.
322 214 421 273 xvi]
707 229 767 261 DE
793 228 1029 262 ECCLESIA.
1742 215 1791 270 37
1807 231 1815 255 ¹

62 344 101 377 K
124 342 201 375 180⁰
216 334 423 386 exemplo.
456 335 566 373 Nam
598 334 797 374 dominus
821 335 985 388 Symon
1008 334 1167 388 Hyslep
1191 333 1529 386 archiepiscopus
1543 339 1726 402 Afcffilnffie
1749 340 1799 401 ἵξῃ

216 404 525 444 Cantuariensis
579 404 768 444 fundavit
820 418 955 444 unum
1006 404 1235 457 collegium
1277 403 1319 442 in
1364 383 1822 444 Oxoniaandhischiidgg

214 475 307 526 plus
354 474 423 527 pia
466 473 720 525 intencione,
754 484 800 514 ut
833 474 1070 514 evidencius
1110 474 1288 513 creditur
1319 487 1448 526 quam
1483 473 1533 511 de

216 544 470 584 fundacione
509 544 798 598 cuiuscunque
838 544 1030 583 abbathie
1067 544 1108 582 in
1143 543 1306 596 Anglia,
1341 552 1380 582 et
1422 542 1532 580 ordi-

181 613 327 653 §navit
371 615 487 666 quod
530 614 572 653 in
617 628 663 654 ea
709 614 784 653 sub
833 613 969 653 forma
1011 613 1209 653 laudabili
1254 614 1447 653 studeant
1483 612 1535 651 ad

215 683 442 724 utilitatem
472 684 643 723 ecclesie
677 697 779 736 pure
812 683 946 723 clerici
980 684 1198 735 seculares,
1232 683 1347 736 quod
1380 691 1419 721 et
1451 681 1533 721 fac-

213 762 306 792 tum
338 763 409 794 est.
456 754 509 793 Et
542 767 640 793 cum
670 753 763 805 ipso
795 762 966 793 mortuo
1014 753 1254 807 symoniace
1287 766 1385 792 cum
1418 765 1534 791 com-

214 823 365 862 mentis
432 823 638 862 mendacii
706 836 900 862 eversum
970 832 1030 863 est
1091 832 1178 862 tam
1240 822 1298 875 pii
1364 821 1533 874 patroni

214 892 483 945 propositum
528 902 566 932 et
608 892 688 931 illis
733 893 912 946 expulsis
957 892 1079 945 pauci
1122 892 1189 932 alii
1230 905 1318 931 non
1368 900 1534 945 egentes

162 964 286 1002 1osed
330 963 488 1002 diviciis
533 962 750 1002 affluentes
793 963 1072 1015 irregulariter
1117 961 1345 1002 introducti
1390 970 1535 1000 contra

215 1033 430 1072 decretum
476 1042 647 1085 captum
692 1046 739 1071 ex
784 1032 902 1072 dictis
948 1032 1055 1072 beati
1099 1031 1312 1083 Jeronimi,
1347 1031 1535 1084 positum

214 1102 307 1141 XIIa
359 1116 396 1155 q.
442 1102 494 1141 II:
553 1101 703 1141 Gloria
754 1102 943 1155 episcopi·
989 1109 1051 1142 est
1094 1114 1341 1155 paupera-172
1385 1101 1534 1154 opibus

207 1172 455 1223 providere,
502 1172 738 1225 ignominia
776 1172 1010 1211 sacerdotis
1048 1179 1107 1212 est
1131 1171 1324 1224 propriis
1361 1170 1534 1210 studere

215 1240 388 1281 diviciis.
413 1242 466 1281 Et
489 1255 588 1281 cum
610 1250 800 1294 pretextu
823 1241 935 1281 illius
959 1241 1043 1281 fuci
1066 1241 1283 1294 sophistici
1308 1241 1531 1294 episcopus

162 1314 198 1347 15
216 1319 255 1349 et
286 1324 412 1350 suum
435 1311 667 1363 capitulum
700 1321 797 1351 sunt
829 1325 912 1351 una
944 1325 1123 1364 persona
1155 1325 1177 1350 a
1210 1325 1291 1364 qua
1328 1324 1415 1349 non
1438 1310 1533 1349 licet

215 1380 391 1419 alienare
444 1381 555 1420 bona
606 1380 717 1421 illius
770 1381 952 1432 ecclesie,
997 1381 1073 1420 ista
1118 1394 1300 1433 persona
1342 1379 1534 1419 vendicat

216 1451 328 1489 bona
364 1450 474 1490 illius
508 1450 673 1504 collegii
705 1450 976 1503 proprietarie
1009 1450 1233 1503 possidere.
1268 1450 1390 1490 Unde
1430 1463 1531 1489 con-

216 1520 441 1559 sulendum
492 1521 653 1560 videtur
704 1521 880 1560 domino
938 1519 1240 1573 Wyntoniensi
1293 1529 1338 1559 ut
1394 1529 1535 1559 caveat

215 1581 322 1629 hanc
367 1591 586 1631 cautelam.
639 1591 777 1631 Credo
831 1600 972 1630 autem
1025 1591 1141 1644 quod
1190 1591 1323 1629 dictus
1369 1590 1533 1643 Symon
1577 1601 1731 1640 dissolvpd
1755 1601 1794 1637 by

159 1672 200 1694 20
217 1660 402 1711 peccavit
434 1660 651 1700 fundando
676 1660 836 1701 dictum
869 1660 1110 1713 collegium,
1144 1661 1215 1699 sed
1247 1673 1335 1698 non
1367 1667 1534 1699 tantum
1584 1636 1785 1706 ‘Airzfiigiiissiiilp

215 1739 423 1781 quantum
467 1730 724 1784 Antisymon
769 1730 840 1783 qui
885 1730 1027 1783 ipsum
1071 1729 1328 1781 dissolverat,
1372 1729 1443 1768 sed
1487 1737 1533 1768 ut

216 1799 339 1837 credo
385 1813 605 1852 nunquam
649 1799 726 1839 fuit
771 1799 941 1839 ecclesia
984 1799 1254 1852 appropriata
1297 1798 1339 1836 in
1378 1798 1533 1850 Anglia

214 1868 279 1906 vel
323 1869 536 1921 possessio
581 1869 624 1907 in
669 1878 917 1921 perpetuam
965 1868 1241 1907 elemosinam
1280 1867 1531 1907 mortificata

214 1937 316 1989 quin
349 1938 644 1990 appropriacio
678 1939 816 1991 sapuit
849 1947 1069 1990 peccatum
1099 1938 1354 1977 altrinsecus.

166 2009 198 2041 L
272 2007 453 2047 Ulterius
491 2022 567 2060 pro
601 2008 772 2048 materia
804 2007 1038 2061 argumenti
1070 2006 1317 2058 affectarem,
1351 2006 1382 2045 si
1416 2007 1679 2046 Deuslshould
1700 2017 1736 2044 be
1751 2017 1820 2051 glad

213 2077 436 2117 decreverit
487 2078 604 2130 quod
656 2091 743 2116 non
799 2077 907 2116 foret
956 2077 999 2115 in
1050 2090 1180 2129 regno
1233 2084 1380 2115 nostro
1433 2076 1524 2115 talis
1541 2052 1818 2121 tiarsi‘iiissiisassffiio‘

214 2145 483 2186 ecclesiarum
514 2147 807 2199 appropriacio
841 2147 905 2185 vel
947 2146 1188 2186 reddituum
1228 2145 1525 2198 temporalium
1540 2121 1820 2184 ccissflcigviiifffid.

212 2214 502 2267 mortificacio,
535 2217 605 2255 sed
644 2217 759 2269 quod
799 2225 912 2256 totus
945 2215 1076 2255 clerus
1107 2215 1287 2255 vivendo
1320 2229 1422 2268 pure
1455 2229 1522 2254 ex-

213 2284 484 2336 proprietaric
523 2285 573 2323 de
613 2285 798 2336 decimis,
838 2285 1132 2325 oblacionibus
1177 2294 1216 2324 et
1248 2285 1416 2338 privatis
1450 2286 1532 2324 ele-

156 2354 198 2386 30
214 2353 389 2391 mosinis
414 2353 463 2393 sit
486 2363 730 2406 contentus;
754 2355 945 2407 quamvis
970 2355 1083 2394 enim
1108 2355 1212 2395 illud
1240 2368 1329 2394 non
1358 2354 1528 2394 dixerim

214 2436 285 2474 per
318 2424 498 2462 modum
531 2424 829 2476 conclusionis,
863 2426 934 2464 sed
966 2439 1038 2477 per
1069 2425 1181 2465 viam
1205 2425 1469 2465 condicionis
1493 2434 1533 2464 et

266 2601 306 2620 10.
328 2594 367 2621 B:
390 2593 550 2627 irregulari
572 2595 752 2622 introducti.
896 2594 938 2623 25.
960 2597 988 2623 A
1009 2596 1038 2623 in
1060 2604 1175 2630 marga
1205 2595 1386 2623 Conclusio.
1415 2594 1530 2622 Contra

213 2640 409 2668 dotacionem
432 2642 547 2672 (sselow
569 2640 634 2668 1800
652 2641 782 2668 without
803 2643 890 2669 mark
910 2642 945 2670 of
963 2642 1144 2676 reference).

278 2792 302 2812 1.
331 2782 455 2824 Comp.
487 2782 647 2823 Lechler,
685 2782 822 2814 Johann
845 2793 915 2814 von
934 2782 1058 2815 Wiclif
1080 2791 1163 2814 tom.
1192 2784 1214 2821 Ι,
1254 2794 1311 2825 pp.
1341 2793 1416 2825 204,
1452 2783 1531 2815 303.

218 2849 267 2870 12.
295 2839 429 2870 Det-reti
458 2841 482 2870 H
513 2851 602 2882 ptus,
631 2850 732 2871 causa
760 2841 829 2879 XM,
856 2851 889 2882 q.
918 2842 957 2882 Il,
985 2851 1058 2883 cap.
1086 2841 1207 2872 LXXI.

1372 2897 1435 2937 24ae
