2051 3273
221 258 310 288 CAP.
329 250 382 305 X.]
714 262 774 294 DE
800 262 1035 295 ECCLESIA.
1734 268 1755 294 2
1768 270 1778 295 ¹
1792 269 1813 304 9

70 383 102 416 L
126 381 204 426 159¹³
219 370 320 424 quin
354 382 427 422 per
448 367 561 406 idem
593 377 632 407 et
655 366 798 420 patrie,
834 375 873 406 et
905 367 961 407 sic
994 366 1099 407 alius
1133 381 1200 406 rex
1225 367 1291 407 alii
1314 368 1458 421 patrie,
1493 378 1533 408 et

218 439 275 478 sic
319 450 544 492 quousque
588 445 676 476 tota
719 436 873 489 Anglia
920 436 1041 476 fuerit
1084 436 1286 476 libertata.
1315 437 1374 481 ‚Si
1419 437 1531 476 enim

218 507 356 548 totalis
389 505 605 559 exempcio
638 505 898 558 extingueret
929 514 1063 545 totam
1085 506 1241 559 regiam
1264 516 1530 560 potestatem,

218 576 476 631 particularis
521 575 737 627 exempcio
783 575 1042 628 extingueret
1086 585 1248 628 partem
1292 576 1393 627 eius,
1435 591 1532 617 cum

184 661 199 692 5
218 649 267 686 de
290 654 407 686 tanto
440 659 526 685 non
559 645 728 684 haberet
759 658 827 683 rex
861 654 1113 698 potestatem
1144 646 1224 685 loci
1256 646 1321 685 vel
1353 659 1531 699 persone

217 716 437 756 incolentis
481 715 531 754 ad
572 714 861 767 castigandum
894 715 1042 767 ipsam,
1077 725 1457 770 quantumcunque
1490 717 1531 755 in

216 800 357 839 regem
399 785 464 824 vel
506 798 683 837 regnum
729 784 963 837 deliquerit,
1010 793 1049 824 et
1093 785 1149 825 sic
1195 799 1281 825 non
1322 786 1427 825 foret
1463 801 1532 826 rex

218 855 353 896 tocius
389 854 551 907 Anglie,
596 867 694 893 cum
725 854 845 893 locus
882 863 1100 907 exemptus
1146 855 1252 896 foret
1299 857 1347 895 in
1386 870 1531 910 regno,

217 926 289 965 sed
335 938 422 965 non
467 925 523 963 de
565 937 708 977 regno.
766 925 863 963 Non
909 924 1022 964 enim
1064 924 1233 965 haberet
1271 939 1339 965 rex
1372 935 1530 966 tantam

163 1004 468 1048 lopotestatem
513 995 565 1033 ad
612 993 926 1047 subiugandum
970 994 1128 1035 incolas
1172 995 1264 1035 talis
1307 996 1388 1036 loci
1427 997 1532 1037 sicut

218 1065 342 1104 habet
374 1073 627 1117 potestatem
659 1064 711 1102 ad
743 1063 1008 1116 puniendum
1033 1074 1203 1117 gentem
1225 1066 1410 1117 Francie,
1434 1081 1532 1106 cum

216 1144 381 1174 tantum
434 1133 673 1173 eximuntur
717 1147 739 1171 a
785 1133 1034 1173 cohercione
1078 1135 1188 1188 regia
1243 1136 1348 1175 sicut
1396 1136 1532 1176 incole

215 1204 411 1244 Almanie
442 1203 507 1243 vel
539 1203 717 1242 omnino
750 1203 882 1242 aliene
914 1204 1139 1257 provincie.

162 1286 201 1318 M
274 1275 326 1313 Et
349 1282 558 1327 quantum
590 1274 641 1312 ad
672 1273 868 1312 iniuriam
902 1274 1065 1326 populi,
1088 1284 1202 1327 patet
1235 1277 1351 1329 quod
1382 1276 1527 1315 vendi-
1561 1293 1621 1332 ³¹&
1646 1302 1739 1332 cause
1759 1294 1801 1321 in-

161 1353 330 1388 15catur
373 1344 551 1394 libertas,
597 1351 643 1382 ut
676 1352 1054 1397 quantumcunque
1087 1345 1256 1384 sceleste
1289 1346 1381 1399 quis
1419 1345 1526 1384 iniu-
1587 1334 1785 1391 ῑῖἶὲῖῗῗῖιῷῗε,

214 1414 341 1453 riatus
375 1412 496 1453 fuerit
527 1412 736 1466 proximo,
783 1413 1028 1464 homicidio,
1064 1413 1187 1466 furto,
1220 1415 1396 1466 mechia,
1436 1429 1528 1468 pre-

214 1483 438 1522 varicando
482 1483 524 1521 in
569 1496 743 1522 omnem
775 1483 958 1536 speciem
990 1484 1289 1524 mandatorum
1328 1486 1529 1538 decalogi,

215 1553 345 1605 fugiat
376 1553 428 1592 ad
459 1552 580 1592 illum
602 1552 745 1592 locum
779 1562 817 1592 et
849 1553 1107 1606 precluditur
1138 1554 1335 1594 iniuriato
1368 1555 1529 1594 iusticie

214 1622 591 1675 complementum,
626 1636 723 1662 cum
754 1636 829 1662 nec
862 1633 1026 1663 tenetur
1059 1638 1131 1676 per
1160 1638 1201 1663 se
1233 1625 1297 1663 vel
1330 1638 1528 1677 procura-

159 1714 198 1736 20
214 1703 350 1732 torem
392 1692 447 1731 ibi
493 1692 558 1731 vel
601 1692 696 1732 alibi
742 1702 848 1732 stare
880 1692 971 1743 iuri,
1019 1703 1057 1733 et
1096 1703 1236 1733 tamen
1276 1708 1345 1733 rex
1377 1695 1530 1747 Anglie

213 1762 255 1801 in
289 1761 565 1802 coronacione
589 1776 662 1802 sua
691 1762 849 1802 iuratus
880 1772 939 1802 est
961 1763 1159 1816 religione
1192 1764 1391 1803 laudabili
1414 1766 1530 1818 quod

214 1845 301 1871 non
334 1832 502 1884 negabit
534 1832 604 1871 sed
638 1832 838 1872 concedet
870 1832 1077 1872 iusticiam
1111 1833 1360 1887 cuicunque.

271 1901 309 1941 O
345 1902 378 1941 si
417 1910 556 1941 totum
588 1915 766 1954 regnum
806 1910 913 1941 esset
950 1902 1007 1941 sic
1040 1903 1350 1956 privilegiatum
1387 1906 1531 1957 quoad

213 1984 340 2011 omne
392 1970 548 2010 facturn
607 1971 829 2010 scelestum
881 1980 920 2011 et
972 1971 1158 2025 undique
1221 1974 1530 2025 proclamatum

156 2041 375 2084 25licitum
419 2040 702 2091 mendacium,
750 2041 919 2093 qualem
952 2041 1102 2081 nidum
1135 2041 1306 2082 haberet
1337 2043 1528 2083 diabolus

214 2111 255 2149 in
288 2110 442 2162 Anglia
473 2110 525 2149 ad
557 2111 866 2163 protegendum
898 2110 940 2149 in
974 2111 1134 2150 delictis
1167 2112 1280 2151 verbi
1319 2121 1358 2152 et
1392 2113 1529 2165 operis

215 2180 427 2233 populum
469 2177 759 2219 tenebrarum?
808 2181 966 2220 Revera
999 2181 1041 2220 in
1085 2182 1247 2221 baratro
1287 2196 1373 2221 non
1406 2183 1531 2223 habet

214 2250 294 2289 tale
326 2249 607 2302 privilegium.

272 2319 395 2359 Unde
428 2319 589 2372 quesivi
623 2320 672 2358 ab
705 2320 949 2359 adversariis
983 2320 1090 2360 duos
1124 2332 1261 2362 casus:
1307 2322 1462 2374 Primo,
1497 2324 1529 2363 si
1570 2336 1704 2364 Difficult
1724 2345 1796 2364 case

158 2389 406 2442 30predans,
456 2388 594 2428 furans
633 2390 698 2428 vel
737 2398 936 2429 mutuans
976 2392 1286 2444 quantumlibet
1323 2370 1820 2445 magnumforetlissegpqffirt-

215 2458 460 2498 thesaurum
505 2459 555 2497 ab
587 2458 666 2498 alia
698 2459 869 2499 ecclesia
901 2469 940 2500 et
970 2460 1069 2500 illuc
1104 2460 1266 2514 fugiens
1300 2474 1399 2501 cum
1437 2463 1527 2502 the·
1603 2443 1763 2476 pmvnege.

216 2541 339 2567 sauro
390 2527 560 2567 habebit
611 2530 663 2568 ad
718 2542 890 2569 sensum
940 2531 1181 2583 expositum
1231 2531 1529 2571 omnimodam

213 2597 458 2637 libertatem.
523 2598 575 2637 Et
608 2598 767 2638 dictum
806 2609 866 2639 est
898 2599 1002 2639 mihi
1035 2601 1151 2653 quod
1183 2600 1262 2651 sic,
1308 2609 1400 2640 tum
1433 2602 1531 2655 quia

213 2667 337 2705 verba
368 2666 571 2720 privilegii
596 2681 618 2706 a
641 2667 794 2720 quibus
826 2681 913 2708 non
946 2669 1041 2709 licet
1071 2670 1263 2709 recedere
1284 2671 1531 2723 generaliter

266 2835 309 2864 23.
347 2839 374 2864 A
411 2838 441 2864 in
476 2845 589 2872 marga
632 2837 742 2865 Casus.
885 2847 933 2875 29.
973 2840 1001 2866 A
1033 2839 1062 2867 in
1102 2847 1215 2875 marg:
1255 2840 1358 2868 Prima
1396 2842 1527 2876 questio.

212 2889 260 2917 29.
280 2883 326 2911 30.
348 2883 389 2910 B:
412 2883 436 2911 si
458 2883 634 2918 predicans.
775 2884 818 2912 32.
839 2883 882 2913 33.
904 2885 942 2913 B:
966 2885 1150 2913 omnimoda
1172 2885 1320 2914 libertate.
