2051 3273
246 1164 351 1191 Three
372 1164 457 1191 sutile

218 1208 345 1227 reasons
366 1203 414 1237 lor
442 1205 493 1226 not

276 1242 432 1269 warnuig:

956 216 1178 249 JOHANNIS
1204 216 1400 248 WYCLlF.
1613 201 1719 259 [calu
1755 210 1823 239 xv.

506 323 629 376 phete
676 321 904 360 Ezechielis
936 320 1146 371 XXXIIIO,
1181 336 1218 374 7,
1254 320 1297 359 8:
1331 320 1385 358 Et
1435 327 1480 359 tu
1518 319 1594 372 fili
1637 320 1821 359 hominis

504 393 821 444 speculatorem
856 390 952 430 dedi
985 396 1022 430 te
1052 389 1199 429 domui
1221 389 1374 436 Israel,
1411 390 1594 428 audiens
1628 401 1735 442 ergo
1769 401 1823 428 ex

505 475 579 500 ore
625 473 714 499 meo
747 472 990 499 sermonem
1027 459 1309 498 annunciabis
1350 459 1409 498 eis
1447 472 1502 498 ex
1545 472 1624 499 me.
1671 458 1715 498 Si
1759 472 1824 498 me

505 532 666 570 dicente
689 529 745 568 ad
767 530 969 581 impiam:
997 526 1148 580 Impie,
1175 536 1310 568 morte
1335 528 1547 577 morieris,
1582 541 1665 567 non
1677 528 1824 582 fueris

507 601 686 645 locutus,
721 606 764 637 ut
796 598 1009 638 custodiat
1034 611 1077 637 se
1101 599 1258 650 impius
1292 611 1316 636 a
1342 599 1409 638 via
1433 611 1530 647 sua,
1555 598 1644 650 ipse
1666 598 1824 649 impius

508 671 547 709 in
582 670 803 722 iniquitate
836 682 915 708 sua
941 669 1166 719 morietur,
1200 669 1458 721 sanguinem
1483 674 1625 707 autem
1660 668 1751 707 eius
1773 667 1823 706 a'e

507 753 636 778 manu
687 746 761 778 tua
808 739 1042 791 requiram.
1089 739 1141 776 Et
1188 738 1323 777 multo
1371 737 1504 790 magis
1549 737 1590 775 in
1634 745 1825 789 tempore

505 809 606 862 legis
639 809 786 862 gracie,
820 809 989 862 quando
1024 808 1225 847 debemus
1272 821 1319 846 ex
1358 808 1448 860 lege
1482 806 1635 846 Christi
1674 806 1824 845 habere

506 879 756 932 ampliorem
789 878 987 918 noticiam
1023 887 1061 917 et
1094 891 1285 916 amorem
1335 886 1373 916 ct
1417 877 1587 929 insuper
1618 876 1823 915 habemus

506 963 528 987 a
560 963 654 1001 rege
677 948 951 1001 temporalem
975 947 1297 987 retribucionem
1323 946 1504 999 amplius
1527 959 1655 999 quam
1679 946 1824 986 habuit

508 1018 702 1058 Ezechiel
735 1019 799 1057 vel
843 1031 973 1071 quam
1006 1017 1212 1070 propheta
1254 1016 1359 1056 alius
1393 1016 1538 1056 veteris
1572 1016 1821 1057 testamenti.

507 1087 796 1141 Dampnabilis
829 1101 928 1139 ergo
962 1086 1067 1126 foret
1100 1096 1241 1126 nostra
1274 1086 1486 1139 segnicies.

1844 330 1972 372 175“A

1840 607 1856 639 5

1843 964 1882 986 10

567 1159 652 1197 Nec
687 1158 794 1197 valet
826 1157 903 1196 ista
934 1157 1083 1209 triplex
1118 1156 1283 1196 infamis
1316 1156 1531 1208 instancia,
1577 1155 1712 1209 prima
1744 1163 1855 1209 qual
1881 1163 1914 1195 B

509 1228 660 1268 dicitur
692 1228 808 1280 quod
852 1241 920 1266 rex
965 1236 1004 1266 et
1036 1241 1215 1279 regnum
1247 1226 1384 1265 forent
1417 1226 1563 1266 exhinc
1596 1227 1823 1279 exasperati

253 1302 457 1337 ¹·T110ki11a
509 1300 560 1337 ad
593 1297 869 1337 auferendum
908 1296 1156 1349 temporalia
1200 1310 1282 1349 que
1326 1296 1541 1337 habemus.
1588 1297 1667 1336 Ista
1711 1296 1879 1335 enim15

259 1339 362 1364 would
382 1341 452 1364 take

226 1381 312 1409 away
332 1381 388 1399 our
408 1378 485 1400 teni-

277 1408 433 1442 por-illim.

236 1660 260 1678 2.
283 1651 350 1678 Thc¹
372 1657 481 1679 mant-r

217 1687 270 1713 lias
287 1688 362 1713 been
386 1687 490 1713 decid-

273 1722 308 1748 ed
330 1721 359 1748 in
382 1722 431 1749 [lie

246 1756 337 1790 l‘apal
360 1757 469 1784 Court.

509 1381 707 1407 accusans
748 1367 934 1406 obieccio
967 1366 1121 1405 indicat
1153 1367 1270 1419 quod
1303 1367 1397 1419 plus
1439 1366 1651 1419 diligimus
1684 1375 1824 1405 nostra

508 1437 755 1490 temporalia
789 1451 918 1490 quam
951 1437 1154 1487 datorem,
1188 1450 1285 1475 cum
1318 1436 1544 1489 irreligiose
1577 1436 1671 1488 plus
1703 1436 1822 1475 time-

508 1521 603 1546 mus
637 1508 909 1546 amissionem
948 1515 1194 1546 nostrorum
1217 1506 1515 1559 temporalium
1537 1520 1666 1559 quam
1698 1505 1822 1545 amis-

509 1577 673 1616 sionem
717 1586 965 1630 perpetuam
1009 1576 1196 1629 corporis
1257 1585 1296 1615 et
1340 1576 1478 1615 anime
1528 1575 1632 1628 regis
1679 1576 1821 1615 nostri.

508 1649 699 1687 Secunda
731 1645 933 1686 instancia
965 1645 1064 1685 dicit
1109 1646 1225 1699 quod
1268 1645 1344 1685 ista
1388 1645 1562 1685 materia
1583 1648 1606 1671 ἃ
1628 1645 1823 1684 ventilata

508 1728 568 1757 est
601 1727 640 1757 et
672 1716 807 1756 decisa
846 1716 887 1755 in
921 1716 1114 1755 Romana
1161 1715 1273 1754 curia
1317 1729 1457 1754 coram
1502 1729 1622 1768 papa.
1666 1716 1824 1755 Revera

508 1801 592 1825 non
627 1787 750 1825 credo
783 1787 868 1836 sed,
907 1785 1127 1838 supposito
1161 1786 1277 1838 quod
1322 1785 1390 1835 sic,
1435 1785 1492 1823 illi
1526 1784 1676 1838 quibus
1720 1786 1823 1824 illud

508 1867 568 1897 cst
612 1857 830 1910 cognitum
885 1865 981 1896 sunt
1031 1856 1283 1895 accusabiles
1327 1865 1547 1909 tamquam
1591 1856 1823 1908 proditores

508 1927 579 1980 qui
620 1927 678 1966 sic
717 1927 851 1966 celant
888 1926 999 1965 istud
1043 1925 1291 1978 periculum.
1344 1927 1454 1965 Nam
1486 1924 1699 1965 infinitum
1730 1925 1823 1978 plus

508 2006 567 2036 est
599 1996 770 2049 periculi
810 2009 939 2049 quam
983 1996 1016 2034 si
1059 1996 1267 2049 quotlibet
1306 1996 1542 2048 corporales
1589 1995 1729 2035 hostes
1776 2010 1854 2035 exv

507 2066 611 2105 scitu
636 2066 806 2106 celantis
829 2066 1074 2105 invaderent
1097 2075 1135 2105 et
1154 2066 1413 2105 destruerent
1435 2065 1623 2105 funditus
1646 2079 1824 2118 regnum

507 2146 714 2188 nostrum,
768 2146 806 2176 et
856 2137 1026 2189 insuper
1078 2150 1174 2176 cum
1229 2137 1329 2175 tales
1374 2137 1649 2188 dampnantes
1701 2136 1824 2174 istam

507 2207 726 2246 materiam
770 2215 866 2246 sunt
905 2206 1060 2246 mortui
1108 2205 1173 2244 vel
1206 2205 1339 2257 divisi,
1380 2206 1558 2245 stultum
1604 2205 1709 2245 foret
1753 2219 1823 2245 ex-

508 2285 671 2329 pectare
723 2276 1062 2329 publicacionem
1114 2275 1336 2314 decisionis
1403 2289 1550 2314 eorum
1611 2275 1653 2314 in
1705 2283 1822 2314 tanto

1842 1651 1919 1695 175¹³
1948 1654 1973 1685 2

239 2363 263 2388 3.
285 2362 351 2388 'snc-
373 2362 466 2389 stalli]
508 2347 707 2399 periculo.
743 2346 891 2385 Tereia
923 2344 1125 2384 instancia
1171 2344 1269 2384 dicit
1301 2345 1417 2398 quod
1463 2353 1549 2383 tam
1592 2358 1661 2383 rex
1694 2350 1864 2397 quamss

245 2405 318 2423 ωορδ
340 2405 378 2422 ωιι
402 2397 467 2423 well

224 2432 311 2458 xx'lulc·
329 2432 376 2458 ilnt-
392 2431 492 2467 clcrgy

283 2467 306 2492 is
328 2466 426 2493 sileni.

507 2430 685 2469 regnum
724 2415 926 2468 processit
957 2429 1172 2467 prospere,
1220 2416 1392 2467 quando
1436 2415 1568 2454 clerus
1614 2424 1755 2454 noster
1801 2429 1822 2454 a

507 2494 683 2525 tractatu
716 2485 807 2524 talis
841 2485 1011 2524 materie
1045 2484 1288 2537 supersedit.
1324 2485 1402 2524 Ista
1433 2484 1582 2524 ficticia
1615 2485 1823 2524 destructa

559 2641 578 2659 1.
601 2634 627 2659 A
647 2633 676 2659 in
700 2641 814 2667 marg:
833 2633 911 2659 Male
932 2632 1073 2666 (verbum
1090 2632 1302 2666 Boliemicum)
1327 2632 1356 2659 id
1378 2637 1440 2659 cst:
1465 2632 1581 2659 habetis
1598 2634 1673 2665 (sive
1690 2633 1824 2667 habete).

506 2689 534 2711 A..
557 2680 584 2705 A
604 2680 659 2713 A,:
682 2679 779 2713 impie
801 2679 895 2705 deest.
989 2685 1025 2704 12.
1048 2680 1075 2705 A
1097 2678 1153 2712 A,:
1176 2678 1331 2712 signicics.
1356 2679 1392 2705 15:
1416 2679 1592 2712 sinuulcics.
1685 2678 1722 2706 133.
1744 2681 1769 2706 Α
1793 2680 1821 2706 in

508 2733 619 2759 marga
641 2724 771 2759 Triplcx
793 2724 954 2752 instancia.
1040 2733 1084 2752 20.
1110 2725 1147 2751 15:
1171 2724 1332 2752 venlulala.

568 2831 618 2861 [32.
649 2831 735 2862 Vide
763 2842 865 2873 supra
892 2842 968 2873 pag.
999 2830 1073 2863 265.
