2051 3273
213 217 290 268 392
935 225 1157 257 JOHANNis
1189 224 1384 256 WYCLIF.
1595 212 1699 270 [CAP.
1720 223 1815 251 xvn.

212 339 506 405 “gffirxgssmeugefd-
500 330 723 383 scripturas
757 339 842 369 tam
874 329 916 367 in
949 328 1062 368 libris
1095 329 1299 382 legalibus
1321 342 1451 382 quam
1483 329 1813 382 prophetalibus,
1836 343 1911 378 183¹⁷
1936 346 1966 380 ο

217 410 408 471 ιηποιέξὴρΓυτ
427 408 476 436 the
496 398 539 438 in
570 399 684 438 libris
716 398 999 439 historialibus
1030 408 1068 438 et
1101 396 1433 452 sapiencialibus.
1467 399 1588 438 Unde
1620 399 1814 453 frequen-

388 464 394 470 ’
500 468 587 508 cius
622 467 671 522 (si
705 482 791 508 non
825 466 964 521 fallor)
998 467 1044 508 fit
1077 469 1246 508 mencio
1279 468 1321 507 in
1342 468 1432 521 lege
1455 468 1581 508 veteri
1606 469 1656 508 de
1684 478 1815 508 matre

497 546 637 576 nostra
682 538 757 577 sub
809 537 980 576 nomine
1028 537 1197 577 ecclesie
1241 551 1367 591 quarn
1423 537 1466 576 in
1510 551 1634 579 nova.
1694 538 1816 578 Unde

501 606 598 660 quia
642 606 745 646 liber
786 607 1052 646 psalmorum
1098 616 1157 647 est
1200 608 1318 647 valde
1362 607 1610 658 autenticus,
1656 607 1755 660 quia
1793 621 1848 655 a5

503 676 678 715 domino
723 676 922 730 allegatus
969 686 1007 716 et
1058 677 1327 716 communius
1372 676 1414 715 in
1465 690 1536 716 ore
1588 676 1814 730 presbyteri

503 746 771 797 exclamatus,
809 755 1051 785 notaremus
1083 746 1186 785 illud
1218 745 1372 785 Psalmi
1404 745 1532 797 XXI³,
1577 746 1641 785 26.
1699 747 1813 799 Aput

499 823 537 855 te
573 816 671 855 laus
702 828 796 855 mea
829 816 869 854 in
905 815 1083 855 ecclesia
1122 829 1297 869 magna,
1331 824 1370 855 et
1401 815 1570 855 Psalmo
1602 816 1814 868 XXX1V0,

509 885 569 937 18,
603 884 772 924 dicitur:
830 885 1074 938 Confitebor
1119 885 1193 925 tibi
1236 885 1277 925 in
1329 885 1507 925 ecclesia
1558 899 1731 939 magna,
1777 894 1816 925 et

500 954 668 994 Psalmo
715 954 921 1006 CXL1X0,
973 965 1012 994 1:
1077 955 1195 995 Laus
1239 956 1329 995 eius
1375 955 1416 994 in
1469 955 1647 995 ecclesia
1690 968 1874 1002 sanc-,0

500 1030 656 1064 torum.
714 1025 768 1064 Et
812 1024 868 1064 sic
914 1024 1086 1076 exponit
1117 1024 1380 1077 Augustinus
1413 1024 1617 1064 maiorem
1654 1033 1816 1077 partem

501 1093 785 1145 Psalmorum,
819 1093 974 1133 dictam
1008 1095 1057 1133 de
1090 1093 1261 1133 ecclesia
1291 1094 1356 1133 vel
1388 1094 1430 1133 in
1462 1107 1643 1147 persona
1687 1094 1814 1133 eccle-

500 1163 570 1214 sie,
604 1162 710 1203 sicut
740 1163 976 1216 loquuntur
1007 1163 1098 1202 libri
1131 1163 1198 1202 alii
1220 1163 1368 1203 veteris
1399 1163 1651 1204 testamenti.
1692 1164 1815 1204 Unde

499 1232 644 1272 beatus
669 1231 909 1285 Gregorius,
932 1231 1098 1272 Omelia
1119 1232 1248 1284 XIXa,
1281 1246 1493 1285 exponens
1516 1232 1620 1272 illud
1642 1232 1815 1272 Matthei

210 1301 587 1371 llgggzhbrleersoifntgleeXX,
628 1311 665 1341 1:
700 1301 844 1341 Simile
875 1309 938 1342 est
958 1315 1143 1356 regnum
1175 1303 1363 1342 celorum
1386 1303 1547 1342 homini
1573 1301 1812 1356 patrifam-
1833 1315 1869 1348 15

271 1378 430 1414 vineyffld
500 1371 597 1411 ilias
639 1372 711 1424 qui
753 1372 856 1411 exiit
883 1372 1028 1424 primo
1067 1385 1192 1411 mane
1236 1372 1476 1412 conducere
1507 1372 1728 1425 operarios
1766 1373 1807 1412 in

499 1441 665 1480 vineam
711 1454 850 1493 suam,
896 1441 1073 1481 declarat
1128 1442 1341 1495 quomode
1382 1442 1708 1496 paterfamilias
1752 1449 1815 1482 est

500 1510 692 1551 conditor
725 1518 869 1550 noster
899 1511 973 1564 qui
993 1511 1035 1549 in
1063 1524 1216 1562 magna
1237 1512 1367 1551 domo
1390 1524 1464 1550 sua
1487 1511 1599 1564 regit
1620 1511 1811 1565 singula,

498 1581 569 1619 sed
597 1579 827 1633 specialiter
857 1593 978 1619 suam
1001 1579 1230 1621 ecclesiam.
1284 1580 1395 1634 Ipse,
1427 1580 1577 1634 inquit,
1609 1580 1733 1620 habet
1753 1581 1811 1620 vi-

500 1662 639 1701 neam,
666 1650 826 1690 scil-icet
849 1650 1094 1690 universam
1119 1650 1343 1690 ecclesiam
1366 1663 1444 1703 que
1467 1650 1519 1689 ab
1541 1646 1812 1690 Abelssiusto
1834 1662 1909 1696 1830

501 1732 634 1773 usque
667 1719 725 1759 ad
758 1720 953 1759 ultimum
987 1719 1165 1760 electum
1209 1721 1282 1774 qui
1313 1721 1354 1759 in
1374 1720 1471 1773 fine
1503 1719 1652 1759 mundi
1673 1721 1811 1760 nasci-

500 1797 627 1829 turus
660 1795 719 1829 est
750 1797 848 1843 quot
882 1796 1052 1830 sanctos
1077 1791 1259 1842 protulit
1290 1797 1348 1830 tot
1371 1790 1573 1843 palmites
1604 1790 1727 1829 misit.
1761 1790 1814 1830 Et

499 1869 599 1912 post
632 1859 904 1912 prosequitur
935 1860 1156 1912 quomodo
1190 1859 1299 1899 dicta
1332 1860 1502 1899 ecclesia
1542 1873 1665 1899 mane
1708 1859 1811 1899 hora

501 1929 638 1980 tercia,
671 1938 796 1980 sexta,
830 1942 945 1968 nona
978 1937 1016 1968 et
1048 1929 1271 1969 undecima
1302 1929 1449 1969 habuit
1482 1929 1661 1968 cultores
1693 1928 1812 1968 vinee

502 1998 672 2038 ecclesie
703 2012 811 2052 quos
843 1998 1007 2038 vocavit
1040 2007 1079 2038 et
1112 1998 1302 2038 excitavit
1333 1999 1385 2038 ad
1424 1998 1651 2038 colendum
1682 1998 1809 2038 eccle·
1828 2010 1868 2043 25

500 2068 604 2107 siam
636 2077 676 2108 et
706 2067 811 2107 vicia
843 2068 1147 2121 extirpandum.
1182 2069 1273 2107 Illas
1307 2077 1448 2107 autem
1469 2068 1657 2121 quinque
1687 2068 1811 2107 horas

500 2137 652 2177 limitat
683 2137 760 2177 iste
792 2147 960 2177 sanctus
992 2152 1100 2191 papa
1133 2151 1205 2190 per
1243 2137 1430 2190 quinque
1478 2146 1604 2176 etates
1650 2137 1809 2177 mundi.

501 2208 631 2247 Modo
677 2221 761 2247 non
806 2207 984 2247 dubium
1027 2208 1091 2246 vel
1136 2221 1233 2246 ceco
1275 2207 1428 2260 logico,
1474 2207 1506 2245 si
1550 2207 1670 2245 vinea
1713 2206 1810 2246 dicti

499 2277 805 2330 patrisfamilias
840 2277 890 2317 sit
931 2278 982 2316 ad
1020 2290 1191 2316 sensum
1223 2276 1437 2316 misticum
1469 2286 1608 2316 sancta
1641 2275 1811 2315 eccleSIa

550 2410 579 2434 4.
601 2403 628 2428 A
649 2402 677 2428 in
701 2409 814 2435 marg.:
836 2400 972 2428 Ecclesia
999 2405 1107 2428 vocata
1134 2405 1178 2428 est
1205 2402 1262 2428 sub
1284 2402 1410 2428 nomine
1436 2402 1563 2428 ecclesie
1590 2409 1646 2436 pro
1666 2406 1806 2437 ternpore

498 2448 607 2475 veteris
640 2446 816 2474 testamenti
844 2446 958 2480 (Below
979 2446 1044 2474 1831>
1064 2447 1193 2475 without
1220 2448 1307 2475 mark
1331 2448 1366 2475 of
1383 2448 1561 2483 reference).
1705 2448 1733 2475 6.
1755 2448 1806 2475 ss.:

499 2494 716 2521 communiens
739 2493 767 2520 in
790 2501 852 2520 ore.
892 2493 935 2520 B
929 2502 958 2521 in
975 2502 1088 2528 marga
1111 2494 1297 2530 Frequenter
1317 2494 1346 2521 in
1368 2494 1433 2529 lege
1453 2502 1487 2521 v
1480 2494 1549 2521 teri
1570 2494 1601 2521 fit
1624 2501 1710 2521 rnen
1702 2494 1743 2521 io
1765 2493 1802 2521 de

499 2540 626 2567 ecclesia
654 2540 711 2566 sub
738 2540 863 2567 nomine
886 2541 1025 2569 ecclesie
1166 2539 1325 2568 12.13.1n
1353 2540 1460 2568 codd:
1495 2540 1633 2567 ecclesia.
1663 2539 1801 2567 Correxi.

500 2595 541 2619 ¹4-
562 2587 589 2614 A
611 2587 639 2613 in
671 2594 786 2621 marga
820 2585 1001 2620 Gregorius.
1144 2594 1189 2614 20.
1212 2587 1249 2613 13:
1280 2595 1339 2622 que
1359 2587 1435 2614 Abel
1457 2588 1549 2614 iusto.
1578 2588 1605 2614 A
1626 2588 1658 2613 in
1690 2594 1805 2621 marg:

497 2631 634 2659 Ecclesia
655 2637 724 2659 sunt
745 2640 854 2660 omnes
875 2634 958 2661 electi
979 2633 1032 2668 qui
1053 2637 1124 2660 sunt
1145 2637 1172 2660 et
1198 2633 1337 2668 palmites
1370 2633 1398 2660 in
1421 2631 1545 2660 Christo
1575 2632 1627 2668 qui
1648 2638 1692 2660 est
1722 2633 1801 2660 vitis.

499 2677 541 2705 23.
558 2677 596 2706 B:
740 2679 899 2714 quomodo
920 2679 1020 2707 dunca
1042 2678 1109 2714 (sic)
1131 2679 1269 2706 ecclesia.

562 2783 611 2814 14.
641 2773 756 2804 Sancti
785 2773 945 2814 Gregorii
974 2774 1034 2806 XL
1063 2775 1194 2806 Homil.
1228 2774 1260 2805 in
1294 2783 1414 2815 evang.
1452 2773 1510 2805 lib.
1538 2774 1562 2813 I,
1594 2772 1688 2805 hom.
1718 2773 1808 2805 XIX.

497 2830 587 2873 Opp.
616 2838 699 2863 tom.
727 2831 749 2872 Ι,
782 2831 875 2864 1510.
