2051 3273
212 227 299 257 CAP.
315 217 428 275 XXIL]
718 231 775 263 DE
801 231 1034 264 EchEsm.
1717 221 1792 271 545

43 347 73 379 Τ
98 344 179 378 202d
252 337 313 374 Ex
345 336 433 375 istis
467 335 618 388 colligo
652 336 970 375 conclusionem
1005 335 1215 388 triplicem
1248 335 1353 373 mihi
1388 345 1507 374 nota-

196 404 341 444 bilem:
376 405 516 443 Prima
540 405 760 457 quomodo
794 406 872 445 ista
905 404 1118 444 sentencia
1150 412 1211 443 est
1233 417 1255 443 a
1279 404 1506 457 prepositis
1540 420 1560 439 1.
1586 411 1653 438 The
1673 412 1778 447 clergy

193 474 353 527 populo
387 474 659 526 predicanda,
695 487 743 513 eo
777 474 893 527 quod
918 473 1090 514 instruit
1115 487 1212 513 eum
1235 474 1275 513 in
1301 474 1506 525 moribus,
1554 446 1761 508 {ffliidagbffist

196 552 374 583 evacuat
415 557 600 583 errorem
634 543 731 583 fidei
765 554 806 584 et
838 544 1071 596 precipitur
1111 545 1162 583 ab
1196 543 1368 583 ecclesia
1402 542 1506 582 fieri.
1547 514 1667 543 funeral
1689 519 1771 543 ntes.

161 612 323 661 5Qu0d
367 613 399 652 si
445 612 779 665 multiplicamus
823 614 933 663 leges
980 614 1031 652 de
1076 612 1306 666 sepulturis
1354 621 1395 652 et
1440 626 1507 651 eas

193 682 551 734 solempnizamus
592 690 719 736 atque
752 696 829 735 pro
871 683 1146 735 porcionibus
1181 691 1221 722 et
1265 682 1509 721 substancia

194 751 381 791 defuncti
431 752 731 791 contendimus
779 761 818 791 et
864 752 968 791 illud
1016 765 1111 791 cum
1160 752 1248 791 aliis
1298 751 1507 803 suffragiis

194 820 495 861 defunctorum
528 822 782 872 omittimus,
808 822 904 874 quis
928 821 1094 861 dubitat
1117 821 1219 874 quin
1245 822 1359 861 Deus
1382 821 1508 860 huius

193 890 321 929 seculi
368 903 500 943 usque
546 891 598 929 ad
645 890 940 930 infidelitatem
976 891 1135 930 cecavit
1168 891 1315 930 oculos
1355 891 1508 930 mentis

138 978 177 1000 10
193 956 361 998 nostre?
400 960 453 999 Et
494 973 589 999 cum
623 960 664 999 in
698 960 838 1013 vigilia
874 961 1144 1000 pentecostes
1178 969 1276 1014 post
1315 974 1506 1000 commu·

193 1028 365 1068 nionem
419 1029 682 1069 concinimus
738 1030 852 1082 quod
908 1030 1021 1070 Deus
1074 1044 1148 1083 per
1208 1044 1255 1070 os
1314 1030 1506 1070 omnium

192 1098 501 1151 prophetarum
547 1099 693 1138 docuit
738 1112 813 1138 nos
860 1100 1109 1152 temporalia
1162 1100 1414 1153 relinquere,
1468 1109 1508 1140 et

190 1168 289 1207 alibi
335 1177 551 1208 cantantes
592 1182 764 1208 oramus
805 1178 851 1208 ut
890 1169 1004 1209 Deus
1038 1169 1189 1209 doceat
1223 1183 1298 1209 nos
1339 1178 1504 1210 terrena

192 1238 420 1290 despicere,
473 1239 571 1291 quia
625 1248 786 1279 certum
833 1248 895 1278 est
941 1240 1057 1292 quod
1110 1239 1283 1292 spiritus
1331 1249 1505 1280 sanctus

138 1306 340 1359 15effugit
373 1308 618 1348 cohabitare
652 1321 748 1347 cum
783 1308 934 1361 spiritu
971 1309 1156 1349 hominis
1189 1309 1246 1348 sic
1279 1309 1505 1351 affeccione

193 1377 494 1429 temporalium
546 1378 787 1431 deturpato.
831 1379 896 1417 Ad
950 1379 1222 1431 probandum
1276 1388 1418 1419 autem
1472 1380 1506 1419 si

192 1460 340 1486 sumus
373 1447 634 1499 huiusmodi,
673 1448 979 1488 sollicitudines
1021 1459 1163 1488 nostre
1203 1462 1299 1488 cum
1340 1449 1505 1489 actibus

192 1516 469 1569 sequentibus
520 1517 784 1558 iudicabunt.
834 1518 942 1557 Nam
993 1527 1113 1570 pater
1157 1519 1388 1571 spiritualis
1432 1519 1587 1572 quiThe
1635 1538 1718 1561 must
1745 1539 1797 1561 not

94 1586 334 1625 203³animo
368 1587 653 1640 preponderat
676 1587 884 1627 oracionis
909 1587 1107 1641 suffragia
1143 1597 1183 1628 et
1216 1587 1505 1628 elemosinas*
1521 1568 1799 1639 {iiitnoeoflixisigigiif

133 1656 391 1708 2oprovidas
444 1656 655 1696 faciendas
714 1671 790 1710 pro
849 1658 1028 1697 mortuis
1076 1659 1169 1708 plus
1221 1671 1349 1711 quam
1399 1659 1504 1697 lucri
1545 1640 1772 1701 {Zie‘fflffuiss

192 1727 437 1779 temporalis
491 1727 731 1778 commoda,
792 1726 1013 1767 manifeste
1072 1728 1335 1767 demonstrat
1387 1729 1503 1781 quod

191 1796 285 1848 plus
338 1805 451 1835 amat
503 1797 755 1849 temporalia
803 1797 991 1836 defuncti
1050 1810 1180 1850 quam
1236 1797 1374 1836 anime
1431 1811 1504 1837 sue

191 1866 409 1917 spirituale
468 1865 730 1918 suffragium.
804 1867 998 1906 Secunda
1049 1866 1283 1906 conclusio:
1351 1867 1503 1907 Nullus
1559 1870 1751 1897 2.A11rites

192 1935 296 1974 ritus
331 1935 501 1975 ecclesie
534 1937 585 1974 ab
625 1936 713 1975 eius
749 1936 883 1988 capite
916 1936 1177 1989 approbatus
1212 1936 1263 1975 de
1295 1936 1504 1988 suffragiis
1519 1905 1795 1973 affirlorxgldpgrgge

134 2007 173 2040 25
190 2004 255 2043 vel
299 2005 516 2044 memoriis
562 2004 762 2044 faciendis
813 2019 891 2058 pro
937 2005 1116 2045 mortuis
1162 2015 1368 2058 repugnat
1411 2021 1505 2047 sen·
1532 1974 1684 2002 Wlththls
1705 1975 1781 2002 rule.

193 2074 325 2113 tencie
359 2075 612 2127 supradicte.
658 2075 779 2115 Patet
813 2089 860 2114 ex
906 2075 986 2114 hoc
1032 2075 1147 2128 quod
1193 2076 1307 2115 nulla
1351 2076 1505 2116 veritas

194 2154 401 2196 repugnat
453 2145 632 2185 veritati.
693 2145 899 2184 Procuret
953 2158 1052 2197 ergo
1106 2144 1252 2196 homo,
1298 2154 1505 2198 quantum

191 2214 423 2265 prudenter
460 2213 631 2264 sufficit,
680 2228 753 2266 per
785 2228 828 2254 se
863 2215 928 2254 vel
961 2215 1104 2265 alium,
1146 2215 1382 2254 remedium
1422 2216 1506 2256 ani-

192 2296 357 2322 marum
410 2284 449 2322 in
512 2284 758 2337 purgatorio
816 2284 1109 2323 oblacionibus
1163 2285 1227 2323 vel
1286 2285 1506 2337 stipendiis

135 2353 177 2385 30
195 2353 416 2392 annalibus
457 2354 726 2393 sacerdotum
772 2362 844 2393 aut
889 2353 1082 2406 precibus
1128 2363 1388 2404 sanctorum,
1434 2364 1507 2394 aut

193 2435 387 2461 carorum
434 2423 674 2462 elemosinis
720 2432 792 2462 aut
826 2423 985 2462 ieiunio
1033 2432 1313 2476 cognatorum
1359 2433 1399 2464 et
1443 2436 1504 2462 se-

193 2491 379 2532 cundum
440 2493 727 2545 supradictam
780 2492 857 2531 Dei
916 2492 1173 2532 sentenciam
1227 2494 1503 2546 approbatur.

244 2648 264 2667 1.
286 2641 314 2667 A
334 2641 364 2668 in
385 2649 501 2675 marg.:
524 2641 638 2669 Contra
659 2640 824 2668 avariciam
845 2640 928 2668 cleri.
958 2640 1058 2668 Prima
1080 2641 1250 2668 conclusio.
1361 2640 1405 2669 23.
1426 2643 1455 2669 A
1474 2642 1504 2669 in

192 2693 306 2721 marg.:
335 2685 481 2714 Secunda
510 2687 681 2714 conclusio
714 2686 758 2714 De
783 2686 875 2714 variis
903 2686 1012 2714 ritibus
1035 2687 1217 2722 approbatis
1245 2687 1274 2713 in
1303 2686 1457 2723 suffragiis
1478 2692 1505 2714 et

192 2733 350 2760 memoriis
371 2738 577 2761 mortuorum.

250 2838 280 2870 6.
305 2839 425 2881 porcio
453 2838 472 2871 i.
500 2849 528 2871 e.
557 2838 680 2881 pensio
708 2850 832 2872 annua.
