2051 3273
236 256 322 285 CAP.
344 246 456 304 xva]
735 261 794 292 DE
822 261 1054 293 neocastri.
1760 254 1840 309 397

85 375 116 408 F
147 375 223 417 184⁸
237 358 333 404 sunt
377 365 426 403 de
471 377 547 403 suo
588 364 779 404 exercitu.
815 365 879 404 Sic
915 379 1012 418 ergo
1044 379 1199 418 panem
1232 376 1270 404 et
1302 366 1548 406 vestimenta
1608 377 1675 404 The
1696 377 1735 405 o.
1756 378 1793 406 T.

234 433 472 473 habuerunt
509 442 644 486 patres
676 434 823 473 veteris
855 434 1106 486 testamenti,
1147 436 1220 474 sed
1252 435 1357 476 sicut
1389 449 1472 475 non
1507 437 1548 476 in
1564 411 1723 486 faiffiiuarggi
1741 413 1840 483 iigge:

234 505 323 543 solo
368 517 484 557 pane
535 505 630 544 vivit
680 505 803 544 homo
843 503 907 558 (ut
951 504 1100 544 dicitur
1143 505 1317 545 Matthei
1352 506 1444 558 1V0,
1489 481 1833 558 4),Chr2iiai³iiss.ught

235 573 290 612 sic
334 587 426 626 spes
474 573 748 614 confunderet
790 574 1174 628 relinquereturque
1218 585 1304 615 tota
1350 576 1433 615 vita
1478 576 1550 615 ob-

203 643 451 696 sprobriosa
483 652 523 683 et
556 644 703 683 sterilis
736 643 813 682 nisi
847 644 991 683 caritas
1021 658 1322 684 consummans
1355 654 1402 685 ut
1423 654 1551 698 potus

235 721 274 751 et
306 713 494 752 edulium
526 715 619 753 data
652 713 773 753 fuerit
800 728 873 767 per
903 714 1129 753 dominum
1150 715 1291 754 Jesum
1315 714 1551 767 Christum3

234 782 350 822 aliter
393 783 505 822 enim
549 797 636 823 non
677 784 882 823 deleretur
915 794 1137 837 peccatum
1168 784 1343 824 humani
1376 784 1550 838 generis,

234 866 309 891 nec
353 863 641 905 procrearetur
686 853 881 906 operacio
929 854 1064 894 vitalis
1109 854 1234 907 digna
1278 853 1549 907 beatitudine,

235 924 307 961 sed
359 933 591 963 remaneret
642 923 684 962 in
737 923 908 976 singulis
960 923 1192 964 viatoribus
1245 923 1550 976 sempiternum

182 1012 221 1033 10
236 993 515 1045 obprobrium
536 1003 582 1033 ut
599 993 849 1046 dampnatis.
875 992 1019 1045 Aufer,
1042 993 1254 1047 inquiunt,
1273 994 1551 1046 obprobrium

235 1071 441 1113 nostrum,
475 1063 572 1116 quia
603 1063 914 1102 remanebimus
946 1073 1152 1116 perpetuo
1175 1072 1396 1116 tamquam
1428 1064 1550 1103 abor-

236 1131 306 1171 tivi
356 1134 419 1171 vel
463 1133 661 1183 colobon,
706 1133 783 1171 nisi
827 1142 873 1172 tu
905 1134 1007 1172 dans
1039 1142 1201 1173 vestem
1234 1133 1475 1186 nupcialem
1513 1142 1552 1173 et

236 1202 499 1242 domicilium
538 1202 662 1242 fueris
701 1202 952 1244 incarnatus
994 1203 1104 1242 Nam
1137 1203 1271 1243 victus
1305 1213 1344 1243 et
1376 1203 1550 1243 vestitus

236 1285 321 1310 non
367 1271 580 1312 sufficiunt
624 1272 787 1312 homini
820 1272 907 1312 sine
940 1272 1094 1312 ultimo
1128 1272 1262 1312 stabili
1304 1281 1550 1325 tegumento

182 1342 352 1393 15quod
384 1350 444 1380 est
477 1341 623 1382 caritas
656 1341 785 1395 patrie
819 1356 905 1381 non
939 1342 1146 1393 excidens,
1182 1343 1276 1381 data
1308 1355 1381 1394 per
1413 1342 1550 1381 domi-

237 1425 340 1450 num
389 1412 531 1451 Jesum
583 1412 810 1452 Christum.
865 1413 1088 1452 Invocetur
1141 1426 1238 1466 ergo
1291 1426 1417 1465 super
1474 1425 1551 1451 nos

235 1494 392 1520 nomen
426 1481 593 1532 Christi,
628 1492 673 1521 ut
706 1482 893 1521 dicamur
924 1481 1138 1521 actualiter
1171 1481 1393 1521 christiani.
1431 1482 1551 1521 Unde

235 1549 359 1589 istam
400 1551 745 1604 deprecacionem
784 1551 883 1591 dicit
928 1551 1191 1604 Augustinus
1238 1552 1470 1591 redundare
1508 1551 1549 1591 in

235 1620 450 1659 ecclesiam
472 1621 821 1674 triumphantem,
845 1634 1120 1674 quamquam,
1143 1621 1294 1674 inquit,
1309 1622 1551 1674 spirituales

179 1711 219 1732 20
234 1691 319 1729 sint
362 1697 399 1729 et
441 1691 612 1730 celestes
643 1691 850 1743 potencie,
884 1691 1110 1743 obprobrio
1142 1698 1285 1730 tamen
1318 1692 1549 1742 subiacent,

233 1760 271 1799 si
321 1774 347 1799 a
400 1767 590 1800 creatore
643 1773 721 1800 suo
761 1760 939 1814 fuerint
988 1761 1128 1800 aliene
1171 1768 1209 1800 et
1253 1775 1328 1800 nec
1360 1762 1550 1801 membra

234 1837 360 1869 erunt
414 1831 606 1883 corporis
649 1844 728 1883 que
771 1837 899 1883 caput
940 1843 1068 1870 suurn
1115 1844 1197 1870 non
1251 1840 1551 1884 cognoscentes

234 1901 449 1940 oberrant.
499 1901 598 1940 Vult
650 1900 783 1940 dicere
830 1902 945 1954 quod
990 1900 1065 1940 toti
1122 1901 1291 1941 ecclesie
1336 1902 1550 1941 beatitudo

235 1969 426 2009 deficeret
469 1970 546 2009 nisi
594 1970 785 2010 Christus
829 1970 979 2009 merito
1013 1984 1087 2009 sue
1120 1970 1326 2023 passionis
1358 1972 1550 2024 redemp-

180 2048 219 2080 25
236 2040 401 2079 cionem
433 2040 616 2080 hominis
649 2049 998 2081 consummasset.

186 2118 223 2151 G
294 2110 373 2149 Sed
397 2110 461 2149 hic
484 2110 648 2149 videtur
670 2110 871 2149 dubium:
896 2109 937 2149 Si
970 2119 1106 2162 patres
1134 2110 1282 2149 veteris
1311 2109 1551 2150 testamenti
1591 2119 1660 2147 Men
1683 2127 1754 2159 may
1774 2120 1811 2159 pe

237 2179 401 2219 fuerant
453 2180 678 2230 christiani,
732 2190 771 2219 et
820 2179 984 2219 videtur
1036 2179 1325 2232 Augustinum
1375 2179 1418 2217 in
1476 2153 1839 2227 istaff‘ii'ssffr‘ss‘ffiff?

204 2249 449 2289 lsentencia
493 2249 774 2289 contradicere
819 2249 893 2288 sibi
926 2249 1019 2302 ipsi.
1054 2250 1134 2289 Sed
1166 2250 1404 2288 notandum
1435 2249 1552 2302 quod

180 2328 222 2359 30
240 2318 431 2358 homines
476 2328 655 2372 possunt
699 2319 778 2358 dici
811 2309 1024 2371 tripliciter
1058 2318 1282 2369 christiani,
1315 2318 1469 2357 scilicet
1508 2317 1550 2356 in

237 2387 382 2442 figura,
426 2389 468 2428 in
517 2388 662 2428 effectu
701 2399 740 2428 et
784 2389 824 2427 in
865 2388 1014 2429 fructu.
1064 2389 1109 2427 In
1154 2387 1287 2441 figura
1317 2401 1415 2427 vero
1454 2388 1551 2427 dicti

237 2468 335 2497 sunt
379 2472 527 2497 omnes
574 2458 702 2497 sancti
748 2458 848 2511 legis
891 2457 1040 2497 veteris
1088 2457 1311 2498 christiani.
1356 2457 1398 2497 Si
1437 2457 1552 2497 enim

238 2527 347 2566 dieta
390 2527 539 2567 dicitur
582 2541 680 2566 sana
727 2536 896 2579 propter
940 2527 1159 2567 sanitatem
1203 2526 1389 2567 futuram
1434 2527 1551 2566 cuius

291 2648 325 2667 11.
346 2641 372 2668 A
394 2641 424 2667 in
446 2647 562 2674 marga
592 2640 697 2667 Passio
723 2639 840 2667 Christi
867 2640 993 2674 perfecit
1018 2648 1074 2667 nos
1096 2645 1124 2667 et
1149 2640 1264 2667 omnia.
1409 2638 1449 2667 18.
1471 2641 1500 2667 A
1520 2640 1550 2667 in

239 2695 354 2721 marg.:
382 2688 587 2722 Augustinus.
729 2687 775 2715 26.
810 2688 837 2713 A
858 2686 879 2713 Β
905 2686 935 2713 in
963 2694 1078 2721 marg.:
1111 2686 1259 2714 Dubium.
1405 2694 1451 2722 29.
1473 2688 1500 2713 A
1520 2687 1549 2714 in

239 2741 354 2767 marga
387 2733 465 2761 Nota
485 2733 569 2769 quod
598 2734 739 2760 homines
767 2734 912 2761 dicuntur
939 2734 1102 2769 tripliciter
1130 2734 1301 2761 christiani.
1340 2734 1360 2761 Β
1382 2734 1412 2760 in
1433 2741 1549 2768 marg-z

239 2779 390 2807 Homines
410 2780 555 2807 dicuntur
576 2779 738 2807 christiani
760 2780 931 2813 tripliciter.

297 2885 329 2916 7.
356 2876 572 2915 Augustinus
601 2876 759 2918 quaestio
788 2876 910 2908 XLVII
939 2876 959 2907 l.
987 2885 1014 2908 c.
