2051 3273
213 256 301 285 cAp.
321 245 421 304 xus-J
699 257 759 289 DE
786 256 1020 289 ECCLESIA.
1728 248 1805 289 303

64 375 94 407 Ο
124 362 495 417 1710declaracione
528 374 724 414 suppono
756 360 916 400 dictum
945 360 1052 399 beati
1093 359 1293 412 Gregorii,
1326 359 1520 399 ΧΧΧΙΙΙΟ
1537 375 1716 433 mnaotlasgo
1736 372 1783 411 ms

1590 414 1672 433 nloo
1699 428 1705 440 ,
1724 415 1809 434 since

213 432 451 483 Moralium,
486 436 581 484 cap0
613 430 765 483 primo,
803 443 928 483 super
958 429 1030 468 illo
1052 428 1128 468 Job
1151 428 1281 479 X1X0‚
1313 429 1384 468 25:
1427 428 1521 468 Scio
1537 441 1581 502 lire
1602 441 1626 467 is
1650 448 1709 467 one
1728 442 1800 503 wilm

1559 483 1584 502 1s
1605 483 1732 510 sponse,
1752 482 1802 503 tie

214 502 329 554 quod
377 501 627 553 redemptor
666 513 781 539 meus
825 500 941 540 vivit.
996 498 1240 548 Sciendum,
1279 497 1428 551 inquit,
1463 504 1525 537 est
1556 510 1689 541 Church,
1720 511 1792 538 with

214 570 327 623 quod
358 570 603 623 redemptor
626 583 754 609 unam
784 582 1018 623 personam
1042 581 1087 608 se
1121 581 1215 607 cum
1240 580 1320 607 sua
1343 568 1522 607 ecclesia
1536 545 1812 607 whggnsfflrxggfud

184 652 342 692 5quam
376 641 609 692 assumpsit
640 639 820 688 exibuit;
856 639 907 678 de
938 640 1029 691 ipso
1062 638 1175 678 enim
1207 638 1386 678 dicitur:
1443 637 1525 685 Qui

216 717 279 750 est
329 717 456 762 caput
502 709 708 751 Christus.
771 709 1047 761 Rursumque
1100 708 1152 746 de
1204 708 1294 747 eius
1346 707 1524 746 ecclesia

214 781 424 832 scriptum
471 786 553 819 est:
595 779 650 819 Et
696 791 855 830 corpus
893 778 1053 818 Christi
1085 776 1199 830 quod
1230 783 1291 816 est
1330 777 1524 817 ecclesia.

217 850 268 888 Et
311 849 497 902 sequitur
540 849 655 902 quod
689 848 905 888 Christum
938 856 977 886 et
1010 846 1226 886 ecclesiam
1271 859 1400 886 unam
1432 859 1523 898 per-

215 932 363 958 sonam
409 918 629 969 credimus,
675 918 754 957 hoc
800 917 932 957 eciam
978 917 1102 956 unius
1147 930 1325 969 persone
1367 915 1527 955 actibus

161 1009 200 1030 10
215 987 365 1041 signari
398 987 632 1028 videamus.
668 987 748 1027 Ista
779 986 860 1026 fide
893 986 1112 1040 supposita
1144 999 1273 1038 arguo
1306 985 1380 1024 sic:
1430 986 1526 1024 Non

216 1066 276 1097 est
308 1057 506 1110 possibile
539 1058 652 1111 quod
675 1056 880 1108 Christus,
905 1070 1085 1109 sponsus
1109 1055 1290 1107 ecclesie,
1316 1054 1436 1095 faciat
1461 1054 1527 1093 vel

215 1126 366 1166 habeat
398 1126 629 1180 quicquam
662 1126 907 1166 humanitus
930 1126 1009 1165 nisi
1032 1126 1266 1165 secundum
1287 1124 1525 1164 communi-

216 1196 430 1237 cacionem
462 1197 596 1237 tocius
626 1211 698 1236 sue
731 1197 912 1244 ecclesie,
944 1196 1041 1250 quia
1069 1195 1185 1235 aliter
1213 1204 1319 1235 esset
1347 1208 1527 1247 sponsus

215 1266 402 1319 ingratus
435 1280 588 1320 sponse
621 1280 709 1318 sue,
743 1280 841 1305 cum
874 1266 923 1305 sit
955 1264 1230 1318 personaliter
1252 1264 1328 1303 sibi
1353 1265 1526 1318 ydemp-

163 1336 409 1390 15tificatus,
454 1338 524 1377 sed
569 1336 751 1391 quelibet
793 1344 907 1375 tanta
951 1334 1286 1375 communicacio
1339 1333 1528 1373 excludet

215 1407 517 1460 proprietatem
561 1406 744 1458 civilem;
791 1419 889 1458 ergo
934 1418 1020 1445 non
1067 1413 1127 1444 est
1170 1403 1368 1457 possibile
1412 1403 1528 1456 quod

217 1475 408 1516 Christus
432 1490 613 1529 sponsus
637 1475 807 1515 ecclesie
829 1475 940 1514 vivat
973 1475 1207 1514 secundum
1229 1472 1527 1526 proprietatem

217 1545 395 1585 civilem.
420 1547 473 1586 Et
505 1546 580 1585 hec
613 1554 674 1585 est
705 1545 816 1585 racio
850 1558 977 1598 quare
1009 1543 1198 1583 Christus
1230 1542 1386 1582 amavit
1418 1542 1528 1581 bona

217 1616 463 1655 communia
510 1623 550 1655 et
591 1615 822 1668 Apostolus
873 1623 1040 1654 tantum
1092 1613 1287 1666 reprobat
1338 1625 1408 1651 eos
1455 1611 1528 1664 qui

161 1706 201 1727 20
216 1692 400 1738 querunt
430 1699 510 1739 que
540 1699 620 1725 sua
649 1692 761 1725 sunt.
787 1685 911 1724 Unde
934 1683 1125 1723 Christus
1148 1695 1369 1736 nunquam
1392 1695 1527 1721 come-

216 1754 287 1805 dit,
333 1755 533 1795 dormivit
563 1755 629 1794 vel
661 1754 985 1808 quomodolibet
1017 1767 1057 1792 se
1090 1752 1236 1792 habuit
1266 1751 1526 1802 humanitus,

215 1823 293 1862 nisi
326 1824 440 1877 prius
478 1824 736 1864 intendendo
769 1823 1007 1877 profectum
1040 1823 1177 1863 tocius
1211 1821 1379 1861 ecclesie
1417 1821 1526 1860 mili-

214 1892 351 1945 tantis,
391 1894 635 1933 dormientis
676 1903 714 1933 et
752 1890 1065 1946 triumphantis,
1100 1892 1231 1931 eciam
1264 1891 1358 1944 plus
1398 1905 1527 1944 quam

214 1962 455 2014 profectum
486 1963 707 2017 proprium
739 1977 811 2003 sue
844 1962 1130 2002 humanitatis.
1153 1961 1233 2001 Sed
1257 1961 1349 2014 quis
1373 1961 1527 2000 diceret

160 2045 199 2078 25
216 2046 440 2084 personam
472 2033 657 2073 hominis
691 2042 737 2073 ut
770 2033 826 2073 sic
858 2032 1186 2086 proprietarium
1224 2028 1413 2071 civilem?
1475 2031 1528 2069 Et

214 2102 343 2141 istum
394 2103 618 2143 articulum
670 2102 767 2142 fidei
824 2102 1070 2156 ignorarunt
1130 2102 1269 2155 primo
1331 2100 1526 2153 apostoli,

215 2173 384 2226 quando
433 2173 642 2212 dixerunt:
689 2173 907 2226 Magister
951 2172 1183 2223 manduca,
1223 2180 1262 2210 et
1293 2171 1380 2210 ille:
1430 2170 1526 2223 Ego

214 2243 353 2283 cibum
387 2242 517 2282 habeo
550 2242 817 2281 manducare
848 2255 970 2294 quem
1008 2254 1082 2281 vos
1114 2242 1300 2288 nescitis,
1325 2239 1525 2279 Johannis

215 2313 304 2365 IV0,
342 2315 407 2364 31,
445 2312 507 2352 32.
543 2312 595 2350 Et
616 2325 740 2364 super
768 2311 846 2351 ista
868 2311 1034 2351 racione
1063 2310 1236 2349 fundata
1259 2318 1318 2348 est
1340 2308 1526 2362 primeva

156 2391 198 2424 30
213 2382 507 2435 apostolorum
567 2381 726 2434 religio,
783 2381 964 2420 vivendo
1018 2379 1353 2433 exproprietarie,
1408 2387 1523 2431 post-

213 2451 349 2503 posita
379 2451 463 2491 vita
496 2460 535 2490 et
567 2449 853 2502 occupacione
886 2450 1058 2490 seculari
1091 2450 1156 2489 vel
1188 2448 1308 2488 civili.

174 2530 198 2563 6
270 2521 386 2571 Item,
420 2520 639 2574 supposita
662 2519 834 2559 veritate
866 2519 1078 2572 opinionis
1112 2518 1308 2571 predicte,
1339 2517 1526 2571 sequitur
1556 2526 1584 2554 1f
1601 2527 1651 2554 the
1671 2527 1802 2561 prelatos

1540 2570 1592 2589 are
1613 2561 1700 2595 right,
1731 2560 1798 2588 Con

213 2602 311 2629 cum
342 2590 448 2630 veris
478 2590 595 2643 quod
618 2588 922 2629 Constantinus
946 2597 1042 2641 post
1064 2588 1334 2627 dotacionem
1357 2588 1525 2627 ecclesie
1540 2591 1673 2658 slrantiiie
1695 2596 1755 2623 and
1777 2595 1813 2622 an

213 2660 412 2699 remansit
445 2659 649 2699 hereticus
682 2658 788 2698 sicut
819 2666 858 2697 et
890 2671 1039 2697 omnes
1062 2658 1332 2698 succedentes
1363 2657 1524 2696 domini
1556 2636 1805 2698 ῗνϊὲἶεθιῗέῗὲἶῑὲζῗ

156 2738 195 2770 35
213 2729 436 2781 seculare33
483 2729 599 2782 quod
644 2736 848 2781 repugnat
891 2727 1192 2780 approbacioni
1225 2727 1407 2767 ecclesie.
1472 2727 1525 2766 Et

264 2884 289 2902 2.
311 2877 338 2903 A
359 2877 387 2904 in
412 2885 527 2911 marga
550 2876 694 2904 Christus
716 2880 743 2903 et
764 2884 818 2903 sua
840 2876 968 2904 ecclesia
990 2881 1058 2903 sunt
1079 2884 1137 2903 una
1160 2884 1303 2911 persona.
