2051 3273
221 238 308 267 CAP.
328 227 441 285 Xvn.]
709 243 767 274 DE
794 241 1026 273 ECCLESIA.
1720 244 1802 284 407

70 354 204 390 M185b
225 345 455 403 &Ulterius
506 345 698 384 asseritur
747 344 898 384 falsum
941 359 1027 385 esse
1071 346 1187 399 quod
1230 345 1429 386 defective
1481 355 1520 386 et
1551 354 1692 391 Further,
1714 362 1770 382 our

219 406 409 467 corrupte
440 414 564 454 habet
595 414 821 454 multitudo
855 415 1175 455 christianorum
1205 415 1331 455 fidem
1354 415 1520 469 Christi,
1546 398 1564 451 ‘t'
1580 394 1794 486 ἕῑέἷέῑῖςῗέἔέ

219 497 268 523 eo
300 485 414 537 quod
446 482 673 523 multitudo
707 484 1026 524 christianorum
1056 485 1181 525 habet
1211 486 1253 524 in
1285 485 1365 524 fide
1398 485 1519 538 quid-
1533 466 1805 564 ?a{t}rligte{1}}tl¹i{}li1ye

219 554 318 607 quid
350 562 410 593 est
441 552 476 592 ei
508 553 785 593 necessarium
817 554 869 593 ad
900 554 1077 593 salutem
1110 555 1284 594 credere.
1308 555 1388 594 Sed
1419 568 1519 594 con-

187 631 297 666 5stat
329 623 444 676 quod
475 622 762 675 imprudenter
793 637 840 662 ex
864 637 986 662 causa
1007 624 1242 676 particulari
1275 623 1427 663 falsum
1457 624 1519 663 in-

220 692 396 743 ducitur,
438 706 535 731 nam
571 692 684 732 iuxta
724 692 780 732 sic
812 701 1062 732 asserentem
1095 693 1294 746 prescitus
1327 694 1430 733 dum
1463 702 1521 733 est

218 761 259 800 in
292 761 457 800 mortali
490 761 612 801 habet
643 761 832 801 habitum
860 761 954 802 fidei
987 762 1092 802 sicut
1122 772 1160 802 et
1194 763 1366 816 quilibet
1394 762 1520 803 falsus

220 830 475 871 christianus

170 911 206 944 N
276 901 329 940 Et
365 901 486 939 credo
536 901 650 954 quod
693 901 833 941 nullus
877 901 1038 942 dubitat
1082 902 1183 955 quin
1231 902 1430 942 defective
1483 911 1522 942 et
1561 955 1566 960 ⁸
1599 921 1774 958 Answerffi

167 991 206 1013 10
221 978 413 1022 corrupte
451 969 623 1023 quilibet
665 970 756 1009 talis
796 972 921 1011 habet
958 970 1085 1011 fidem
1119 972 1272 1012 Christi
1309 972 1520 1025 defective,
1536 954 1810 1018 3¹¹¹d¹30¹f³sslssiisveff¹¹th

221 1040 317 1093 quia
338 1038 611 1093 peccabiliter,
644 1039 749 1079 sicut
773 1048 811 1079 et
831 1040 1068 1081 habuerunt
1099 1042 1275 1094 apostoli
1308 1042 1379 1095 qui
1401 1056 1520 1095 roga-

219 1117 367 1148 verunt
398 1117 443 1148 ut
469 1109 657 1149 Christus
685 1108 902 1162 adaugeat
928 1110 987 1150 eis
1002 1110 1140 1163 fidem
1175 1112 1287 1151 Luce
1309 1112 1456 1163 XV110‚
1482 1112 1520 1152 5.

221 1179 263 1219 Si
296 1178 403 1217 enim
437 1179 559 1218 Petro
592 1191 676 1218 non
700 1178 889 1218 deficeret
919 1180 1070 1232 gradus
1101 1180 1210 1233 fidei,
1234 1180 1423 1221 Christus
1455 1195 1521 1220 ex-

220 1247 456 1301 probrando
488 1261 573 1287 non
605 1248 640 1288 ei
673 1248 824 1289 diceret
855 1250 1026 1289 Matthei
1068 1250 1198 1302 XIVo,
1241 1251 1309 1290 31:
1356 1250 1524 1290 Modice

169 1327 205 1360 15
207 1317 318 1371 fidei
347 1331 482 1371 quare
510 1317 742 1358 dubitasti?
792 1319 845 1358 Et
877 1327 1069 1372 corrupte
1100 1319 1253 1360 habent
1293 1319 1420 1360 fidem
1453 1320 1523 1373 qui

221 1387 365 1426 irretiti
402 1386 579 1439 peccatis
617 1387 863 1428 mortalibus
908 1398 1184 1442 corrumpunt
1222 1389 1355 1429 bonos
1387 1404 1524 1430 mores
1539 1407 1617 1447 How
1631 1416 1676 1434 we
1693 1406 1810 1446 believe

223 1465 262 1496 et
305 1470 353 1496 ex
396 1456 648 1496 informitate
690 1456 785 1496 fidei
829 1457 1005 1498 finaliter
1045 1468 1382 1512 corrumpuntur,
1427 1452 1565 1500 namIS
1586 1443 1808 1478 111equesuon3

223 1527 455 1566 secundum
477 1527 733 1578 Apostolum
755 1527 801 1568 Ia.
826 1526 921 1567 Cor.
945 1529 1015 1580 VO,
1036 1529 1073 1580 6,
1096 1528 1305 1569 modicum
1324 1529 1523 1583 fermen-

223 1603 312 1635 tum
346 1601 473 1636 totam
507 1609 692 1635 massam
725 1598 971 1649 corrumpit.
1007 1598 1102 1638 Ideo
1125 1608 1289 1651 oportet
1310 1601 1526 1640 doctorem

168 1684 210 1706 20
224 1674 525 1718 consequenter
556 1665 688 1705 dicere
721 1667 835 1719 quod
866 1666 1003 1719 aliqua
1032 1668 1258 1708 multitudo
1282 1669 1524 1710 christiano-

222 1749 319 1776 rum
366 1735 489 1775 habet
527 1734 655 1774 fidem
703 1735 822 1775 valde
865 1736 1062 1776 defective
1102 1746 1140 1777 et
1187 1747 1378 1792 corrupte
1422 1739 1528 1780 sicut

223 1805 415 1845 homines
437 1804 645 1857 opinionis
668 1819 752 1845 sue.
779 1806 863 1845 Nec
895 1815 1063 1847 moveat
1084 1807 1295 1848 evidencia
1326 1809 1526 1850 doctoris:

227 1875 260 1916 si
292 1875 469 1914 eandem
500 1873 628 1913 fidem
648 1874 802 1914 habent
825 1875 922 1914 boni
946 1875 1156 1917 christiani
1179 1886 1218 1917 et
1240 1878 1338 1918 mali
1362 1879 1527 1932 singuli,

226 1944 412 1998 sequitur
454 1944 568 1997 quod
611 1943 708 1983 mali
755 1944 963 1984 christiani
997 1959 1102 1999 eque
1134 1946 1362 1999 perfectam
1394 1957 1432 1988 et
1464 1948 1526 1987 in-

171 2020 382 2067 25tegram
421 2012 549 2053 fidem
597 2012 776 2053 habeant
824 2022 870 2053 ut
920 2015 1030 2054 boni.
1076 2017 1185 2056 Nam
1229 2017 1437 2070 pertinens
1470 2026 1529 2058 est
1561 2041 1594 2060 as
1614 2037 1645 2059 to
1666 2032 1748 2059 what
1768 2031 1793 2059 is

227 2083 292 2123 hic
324 2083 440 2136 loqui
473 2082 646 2122 limitate
679 2083 729 2122 de
761 2083 842 2123 fide
880 2097 962 2136 qua
1002 2086 1192 2137 creditur,
1238 2086 1335 2139 quia
1367 2088 1416 2126 de
1448 2087 1528 2127 fide
1543 2066 1816 2130 dci’v‘iiisegfgatthgne

227 2167 309 2207 que
341 2152 519 2192 creditur
563 2167 667 2207 eque
710 2153 934 2206 perfectam
974 2154 1099 2194 fidem
1138 2156 1291 2196 habent
1330 2157 1528 2196 demones
1607 2137 1752 2199 ἶῖἑξεὲὶᾶῗ

229 2231 267 2263 et
300 2231 482 2262 creature
514 2223 674 2276 singule
704 2232 750 2263 ut
771 2224 899 2263 beate.
934 2225 1031 2264 ideo
1056 2226 1320 2279 Augustinus
1344 2227 1531 2280 loquitur

230 2293 279 2332 de
311 2305 459 2345 genere
490 2292 586 2331 fidei
618 2306 699 2345 que
733 2302 792 2333 est
823 2302 909 2334 tota
930 2294 1157 2335 multitudo
1188 2295 1408 2336 habituum
1436 2296 1531 2337 fidei

174 2365 215 2398 30
230 2362 271 2402 in
305 2375 475 2415 corpore
515 2362 695 2403 ecclesie.
744 2363 848 2403 Illud
900 2373 1041 2404 autem
1090 2379 1220 2418 genus
1271 2365 1365 2405 fidei
1410 2366 1533 2407 habet

229 2446 358 2472 unam
373 2440 531 2486 partem
553 2432 883 2485 quantitativam,
906 2434 1130 2486 perfectam
1155 2436 1196 2474 in
1221 2449 1304 2475 uno
1328 2445 1366 2475 et
1388 2436 1427 2475 in
1452 2436 1532 2476 alio

229 2502 528 2555 imperfectam,
567 2501 672 2542 sicut
705 2516 835 2555 genus
867 2512 1008 2543 motus
1039 2504 1182 2544 localis
1214 2505 1338 2545 habet
1369 2506 1410 2544 in
1445 2506 1532 2545 celo

283 2634 302 2653 ι.
325 2626 346 2653 Β
370 2627 399 2653 in
421 2633 534 2660 marg:
561 2625 642 2653 Nota
662 2626 820 2661 quomodo
841 2627 967 2661 quidam
991 2627 1105 2655 habent
1131 2628 1220 2655 fidem
1248 2627 1394 2655 defective
1414 2632 1442 2656 et
1465 2636 1533 2656 cor-

231 2677 328 2708 rupte.
366 2674 395 2700 A
416 2673 444 2700 in
471 2680 584 2707 marga
610 2672 689 2699 Nota
717 2672 769 2708 qui
795 2677 867 2699 sunt
892 2673 946 2708 qui
972 2674 1084 2701 habent
1110 2674 1200 2702 fidem
1228 2679 1405 2710 corruptam
1435 2680 1462 2702 et
1482 2675 1533 2711 qui

232 2718 423 2746 defectivam.
565 2726 599 2745 11.
620 2718 641 2744 B
662 2718 692 2745 in
713 2726 827 2752 marg.:
853 2718 985 2746 Inferius
1007 2724 1078 2748 nota
1104 2720 1186 2756 quod
1207 2721 1237 2748 in
1259 2720 1356 2756 patria
1377 2725 1449 2748 sunt
1469 2721 1533 2747 sin-

232 2765 296 2800 guli
309 2764 378 2793 fidei
392 2764 574 2800 uniformis3
595 2772 668 2799 ergo
689 2765 829 2801 sequitur
849 2769 882 2793 ut
900 2766 1021 2794 videtur
1040 2767 1122 2802 quod
1138 2767 1211 2795 fides
1227 2768 1363 2796 manebit
1377 2768 1407 2795 in
1425 2769 1533 2804 patria.

234 2818 276 2838 22.
296 2811 323 2839 A
344 2813 398 2846 Al:
419 2811 560 2839 homines
590 2811 706 2847 opitus.
745 2811 785 2838 B:
817 2820 870 2839 sue
890 2812 983 2840 deest.
1125 2821 1169 2849 27.
1200 2815 1227 2842 A
1247 2815 1276 2841 in
1297 2823 1413 2850 marga
1441 2815 1534 2843 Nota.

232 2858 273 2886 32.
294 2858 323 2885 A
342 2859 397 2892 Ast
422 2858 510 2885 habet
529 2859 559 2885 in
580 2859 644 2885 celo
665 2857 754 2885 habet
774 2863 902 2892 partem.
