2051 3343
188 254 233 279 12
890 251 1112 283 JOHANNIS
1138 251 1337 283 WYCLIF.
1633 238 1737 296 [CAP.
1759 249 1781 275 1.

470 366 508 396 et
541 356 723 407 ecclesia,
756 366 795 395 et
827 369 900 408 per
922 369 1195 408 consequens,
1228 356 1270 394 in
1292 356 1430 408 primo
1454 356 1654 408 spirituali
1679 370 1777 395 con·
1800 373 1874 413 129⁶
1898 370 1917 402 1

468 426 595 479 iugio.
631 426 738 465 Solis
786 425 897 464 enim
930 439 976 464 ex
1010 426 1088 464 deo
1134 425 1189 464 sic
1223 425 1328 465 natis
1373 425 1486 464 dedit
1529 433 1781 477 potestatem

468 494 576 535 filios
609 495 674 535 dei
707 495 807 546 fieri,
841 503 881 534 et
924 509 997 548 per
1029 508 1305 548 consequenS,
1339 494 1452 533 iuxta
1484 503 1779 547 argumentum

466 565 647 617 apostoli
679 565 914 604 coheredes.

179 642 450 706 cixigiii'siiffi-ike
524 634 692 685 Iterum,
726 634 832 673 sicut
863 642 977 673 extra
1008 646 1159 673 navem
1181 634 1273 673 Noe
1305 646 1392 672 non
1424 633 1622 673 remansit
1654 633 1820 680 bestia-0

264 697 272 705 ²
355 696 362 705 ‘
397 694 416 706 h
466 703 619 742 salvata
642 705 683 742 in
716 703 894 744 diluvio:
928 704 984 743 sic
1018 712 1128 743 extra
1162 716 1310 743 navem
1344 703 1513 742 ecclesie
1545 716 1632 742 non
1660 712 1783 743 restat

464 772 596 812 homo
629 773 849 813 salvandus
882 782 978 825 post
1010 773 1221 826 spirituale
1254 772 1531 825 naufragium.

187 854 254 881 The
276 855 438 893 reprobate
523 843 691 893 Iterum,
724 842 829 882 sicut
859 843 1101 882 membrum
1134 856 1219 882 non
1251 841 1354 883 vivit
1376 842 1605 894 prescisum
1636 856 1659 882 a
1691 855 1817 889 cor-0

176 890 450 952 asgriiirlgriibiissut
465 922 587 964 pore:
622 912 678 951 sic
710 926 786 952 nec
818 920 965 951 natura
997 911 1184 951 humana
1215 925 1289 964 per
1310 911 1655 965 reprobacionem
1688 924 1780 964 pre-

271 960 361 995 body.
466 981 547 1020 cisa
590 996 613 1021 a
659 981 804 1034 capite.
858 982 911 1021 Et
960 982 1011 1021 ad
1055 981 1136 1021 hoc
1188 989 1285 1021 sunt
1327 981 1534 1034 quotlibet
1575 982 1699 1034 leges,
1737 989 1840 1027 ut10

463 1053 628 1103 XXffla,
662 1066 700 1104 q.
734 1052 840 1102 Vlla,
874 1052 950 1090 sub
983 1050 1227 1091 auctoritate
1259 1051 1483 1105 Augustini
1516 1051 1566 1090 ad
1599 1051 1779 1091 Vincen-

245 1133 287 1160 80
312 1142 380 1173 says
465 1123 577 1162 cium
609 1123 824 1162 decretum
857 1121 912 1161 sic
944 1121 1149 1175 loquitur:
1201 1120 1572 1170 Quemadmodum
1613 1121 1650 1160 si
1675 1134 1780 1172 pre-

221 1170 395 1203 Augumnc
463 1192 691 1232 scindatur
735 1192 975 1231 membrum
1010 1192 1061 1231 ab
1095 1192 1280 1232 hominis
1320 1192 1404 1232 vivi
1442 1203 1643 1243 corpore,
1692 1203 1776 1230 non

456 1269 599 1314 potest
630 1268 775 1302 tenere
814 1262 1013 1313 spiritum
1059 1262 1162 1301 vite:
1204 1261 1265 1300 sic
1302 1262 1427 1300 homo
1475 1262 1549 1314 qui
1579 1262 1779 1313 presciu-

464 1332 580 1371 ditur
620 1332 671 1372 de
720 1331 877 1371 Christi
923 1331 1023 1371 iusti
1066 1344 1263 1383 corpore,
1310 1332 1430 1371 nullo
1475 1331 1598 1371 modo
1643 1337 1836 1383 potest15

463 1409 608 1441 tenere
639 1403 841 1454 spiritum
876 1403 1056 1442 iusticie.
1090 1402 1143 1441 Et
1175 1410 1263 1441 tota
1310 1402 1388 1441 ista
1426 1401 1637 1441 sentencia
1668 1409 1781 1454 patet

464 1473 630 1523 XXIVR,
664 1486 704 1525 q.
738 1472 766 1523 Ι,
801 1485 874 1525 per
904 1472 1038 1511 multa
1072 1471 1265 1524 capitula.

229 1566 287 1592 ana
309 1565 401 1592 gode·
521 1542 643 1581 Unde
677 1556 724 1581 ex
757 1541 875 1581 dictis
906 1540 1017 1580 Bede
1050 1541 1107 1580 sic
1138 1541 1326 1595 loquitur
1365 1554 1501 1581 unum
1545 1542 1778 1581 decretum:

469 1612 723 1664 Quicunque
757 1611 810 1650 ab
844 1613 1005 1651 unitate
1023 1611 1137 1665 fidei
1171 1612 1237 1651 vel
1268 1612 1485 1651 societatis
1517 1613 1632 1652 Petri
1677 1625 1779 1664 quo-

465 1682 658 1722 vismodo
681 1683 932 1734 semetipsos
952 1688 1202 1735 segregant,
1235 1682 1344 1721 tales
1376 1694 1453 1721 nec
1478 1682 1662 1722 vinculis
1677 1695 1778 1734 pec·
1796 1702 1839 1724 20

463 1758 657 1791 catorum
691 1752 876 1791 absoluti
907 1758 1008 1791 sunt
1040 1764 1115 1791 nec
1138 1753 1315 1791 ianuam
1341 1752 1470 1804 regni
1493 1752 1659 1792 celestis
1675 1765 1778 1804 pos-

461 1828 559 1861 sunt
593 1821 780 1875 ingredi.
820 1822 924 1860 Item
956 1820 1070 1860 aliud
1103 1821 1317 1861 decretum
1357 1830 1530 1873 captum
1576 1835 1624 1860 ex
1668 1821 1779 1860 dicto

463 1891 571 1930 Bede
603 1905 726 1944 super
757 1891 935 1944 primam
970 1891 1215 1931 canonicam
1246 1891 1466 1931 Johannis:
1516 1890 1666 1930 Omnis
1709 1892 1782 1943 qui

462 1962 622 2001 recedit
655 1968 692 2001 et
724 1974 807 2001 non
834 1968 1066 2014 permanet
1097 1963 1139 2001 in
1173 1961 1374 2001 doctrina
1412 1961 1588 2009 Christi,
1636 1961 1777 2000 Deum

462 2044 545 2071 non
579 2031 724 2080 habet;
754 2032 826 2084 qui
850 2038 1083 2083 permanet
1133 2031 1174 2071 in
1209 2031 1423 2081 doctrina,
1462 2031 1530 2070 hic
1570 2038 1610 2070 et
1626 2030 1835 2084 filiumzfi

462 2107 501 2140 et
523 2108 700 2153 patrem
733 2102 874 2141 hahet.
908 2102 968 2140 Ex
1001 2101 1153 2140 talibus
1192 2101 1311 2140 dictis
1345 2110 1587 2140 sauctorum
1634 2109 1673 2140 et
1705 2101 1775 2139 de-

463 2178 574 2210 creto
608 2170 778 2210 ecclesie
811 2171 916 2210 duce
949 2170 1115 2210 racione
1148 2170 1350 2223 scripture
1395 2179 1509 2223 patet
1552 2179 1639 2209 tota
1683 2183 1775 2223 pre-

461 2240 570 2279 dicta
602 2240 824 2291 sentencia,
858 2249 897 2280 et
929 2240 1044 2293 quod
1067 2240 1265 2293 precipue
1287 2240 1526 2280 timendum
1559 2249 1630 2291 est,
1664 2248 1778 2293 patet

461 2309 577 2362 quod
610 2310 750 2349 nullus
784 2309 1043 2361 christianus,
1077 2310 1148 2348 sed
1171 2309 1366 2363 precipue
1401 2309 1554 2349 Christi
1599 2309 1776 2349 vicarius

461 2392 547 2418 non
581 2388 641 2419 est
673 2380 914 2419 membrum
947 2379 1129 2431 ecclesie,
1164 2379 1240 2418 nisi
1270 2387 1580 2432 perseveranter
1611 2388 1776 2419 secutus
1793 2389 1834 2422 30

461 2449 584 2489 fuerit
616 2448 833 2489 Christum
864 2449 905 2488 in
938 2449 1125 2489 moribus
1159 2458 1197 2489 et
1230 2449 1431 2489 doctrina.

517 2560 545 2584 4.
570 2552 589 2578 Β
611 2551 639 2578 in
663 2560 763 2586 marg:
785 2552 927 2587 apostoli.
999 2551 1022 2578 5.
1036 2550 1058 2578 Β
1076 2551 1105 2577 in
1125 2558 1226 2585 marg:
1247 2550 1326 2578 Dicit
1345 2551 1427 2578 enim
1444 2555 1526 2578 extra
1538 2551 1699 2578 ecclesiam
1713 2559 1774 2578 non

460 2606 528 2624 esse
549 2598 767 2625 remissionem
790 2599 905 2632 peccati
927 2598 1090 2625 contracti.
1117 2599 1222 2633 Quare
1248 2597 1339 2632 igitur
1359 2597 1443 2624 addit
1463 2598 1521 2625 hoc
1541 2598 1693 2625 contracti
1709 2603 1773 2626 tum

460 2644 650 2672 utverbum?
668 2650 749 2672 extra
764 2644 845 2671 illam
863 2652 919 2672 uec
937 2649 981 2672 est
1000 2645 1142 2672 remissio
1160 2645 1279 2680 peccati
1296 2644 1445 2671 contracti
1465 2652 1520 2672 nec
1538 2653 1599 2672 non
1614 2646 1774 2673 contracti.

461 2698 493 2717 ιι.
517 2690 537 2717 Β
559 2691 588 2717 in
610 2700 706 2726 marg.
728 2692 769 2726 23⁷
791 2700 821 2727 q.
842 2700 868 2724 7.
942 2700 980 2727 ¹7·
1003 2692 1023 2718 13
1045 2692 1073 2719 in
1096 2699 1191 2727 marg.
1213 2698 1335 2727 24‚q.1.
1411 2700 1454 2726 27.
1472 2691 1509 2718 B:
1533 2691 1609 2719 duce
1626 2691 1774 2719 Romane.

524 2773 572 2794 12.
601 2764 698 2794 Decr.
725 2774 792 2795 sec.
826 2774 905 2806 pars.
937 2775 1040 2796 causa
1072 2764 1193 2804 XXIII,
1226 2775 1259 2807 q.
1285 2765 1359 2804 VII,
1387 2775 1413 2795 c.
1441 2765 1497 2795 IV.
1653 2762 1702 2795 18.
1729 2763 1773 2795 ib.

460 2822 572 2853 Causa
600 2822 720 2861 XXIV⁷
747 2832 780 2864 q.
806 2822 830 2862 l,
857 2833 929 2865 cap.
956 2822 1093 2855 XXVII.
1362 2832 1413 2853 22.
1443 2823 1574 2853 Decret.
1602 2831 1669 2852 sec.
1696 2831 1774 2864 pars

461 2889 562 2910 causa
587 2879 706 2921 XXIV,
734 2890 766 2921 q.
794 2881 816 2920 Ι,
844 2891 918 2922 cap.
947 2880 1072 2912 XXIV.
