2051 3273
230 228 319 256 CAP.
355 217 438 275 xv]
723 231 783 262 DE
810 229 1044 261 ECCLESIA.

78 347 112 379 A
141 346 304 389 175s²pro
348 335 442 374 cleri
494 335 556 375 sui
610 335 743 374 abusu
797 333 1018 373 elemosine
1062 333 1127 373 vel
1174 342 1434 385 contemptu.
1492 334 1544 373 Et

229 415 291 445 est
333 405 510 444 dubium
556 404 667 443 istud
717 402 1116 443 necessariissimum
1161 403 1212 441 ad
1263 403 1542 453 tractandum,

229 475 326 528 quia
357 474 500 514 multis
546 483 584 512 et
616 473 778 527 magnis
811 474 860 511 de
892 486 1020 526 regno
1054 481 1198 511 nostro
1230 471 1394 511 videtur
1427 473 1543 525 quod

228 558 321 597 pars
354 542 601 583 affirmativa
633 542 918 582 conclusionis
963 542 1013 582 sit
1058 542 1154 581 satis
1188 541 1405 593 catholica,
1452 541 1541 581 aliis

195 622 368 656 sautem
412 612 703 666 pinguioribus
746 612 851 665 regis
890 611 1188 651 elemosinariis
1220 611 1383 650 videtur
1426 612 1543 664 quod

227 682 441 723 conclusio
475 682 525 722 sit
557 682 733 721 omnino
766 682 956 721 heretica.
1004 682 1056 720 Et
1087 680 1372 720 indubitanter
1403 695 1541 720 assero

227 753 355 806 quod,
395 752 426 791 si
460 751 676 792 conclusio
708 751 785 792 ista
829 751 880 791 sit
924 751 1116 801 heretica,
1163 750 1384 803 supposito
1433 750 1542 790 facto

225 821 349 874 regali
393 835 541 874 regum
578 821 743 874 Anglie,
787 821 853 860 vel
895 829 1036 860 totum
1079 834 1258 873 regnum
1302 820 1366 859 vel
1411 820 1544 859 maior

225 905 320 944 pars
353 891 440 930 eius
485 900 544 930 est
589 890 735 930 exhinc
767 890 969 930 infectum
1014 890 1193 930 heretica
1236 889 1460 943 pravitate;
1504 898 1543 929 et

173 975 324 1005 10cum
367 961 601 1001 sacerdotes
655 969 694 1000 et
736 960 967 1013 specialiter
1014 959 1199 1012 episcopi
1251 969 1290 999 et
1338 959 1541 999 scolastici

225 1030 338 1083 regni
370 1030 498 1069 nostri
532 1039 726 1070 tenentur
747 1029 956 1083 predicere
987 1029 1072 1081 regi
1106 1038 1144 1069 et
1171 1043 1300 1083 regno
1333 1043 1409 1068 suo
1433 1029 1540 1082 peri-

226 1100 383 1151 culum,
416 1108 530 1152 patet
561 1101 677 1153 quod
708 1099 787 1153 ipsi
820 1099 1051 1152 specialiter
1085 1108 1124 1138 et
1146 1113 1323 1152 regnum
1347 1113 1540 1139 commu-

226 1170 332 1209 niter
368 1178 563 1209 tenentur
606 1170 648 1208 in
693 1169 773 1209 isto
818 1178 978 1222 puncto
1027 1182 1279 1222 cognoscere
1312 1169 1539 1210 veritatem.

226 1241 322 1279 Non
356 1240 469 1279 enirn
500 1249 597 1280 sunt
634 1253 703 1279 rex
747 1248 786 1278 et
828 1252 1007 1291 regnum
1050 1239 1154 1278 adeo
1199 1239 1380 1279 indurati
1425 1240 1541 1293 quin,

172 1310 351 1355 15docto
385 1310 500 1363 quod
533 1310 688 1362 dogma
726 1309 831 1349 illud
863 1308 968 1348 foret
1000 1308 1243 1361 hereticum,
1281 1309 1423 1362 ipsum
1454 1323 1541 1348 non

225 1379 405 1432 amplius
438 1379 723 1432 practizarent‚
763 1380 835 1419 sed
867 1381 919 1418 ad
949 1393 1099 1419 vocem
1131 1379 1413 1419 multitudinis
1446 1379 1541 1419 cleri

225 1448 288 1488 sui
332 1449 497 1488 concito
535 1458 790 1490 revocarent.
843 1449 908 1489 Sic
953 1449 1066 1489 enim
1111 1450 1163 1489 ad
1206 1448 1542 1502 predicacionem

223 1519 326 1558 Jone
357 1518 541 1558 Ninivite
573 1518 790 1558 salubriter
820 1518 1063 1572 penitebant
1095 1517 1161 1573 (ut
1198 1527 1312 1572 patet
1339 1519 1541 1559 Jone1110

225 1596 264 1627 et
294 1588 467 1628 Matthei
490 1587 620 1642 X110),
654 1588 711 1628 sic
744 1588 875 1628 eciam
909 1589 1285 1641 Nabugodonozor
1317 1602 1541 1629 conversus

169 1682 210 1703 20
225 1667 286 1697 est
317 1658 367 1697 ab
401 1656 643 1697 infidelitate
691 1666 729 1697 et
762 1658 942 1697 salvatus
986 1657 1164 1697 finaliter
1194 1658 1349 1698 virtute
1381 1659 1457 1698 Dei
1502 1669 1542 1699 et

224 1727 452 1780 prudencia
484 1726 666 1766 Danielis
700 1725 764 1782 (ut
796 1736 911 1780 patet
949 1727 992 1767 in
1025 1741 1186 1768 canone
1214 1728 1362 1780 XXIII,
1396 1742 1435 1782 q.
1470 1729 1539 1769 IV.

225 1797 626 1837 Nabuchodonosor
670 1811 717 1836 ex
764 1797 935 1837 historia
966 1798 1174 1851 prophete
1220 1807 1260 1838 et
1296 1797 1540 1838 testimonio

225 1864 493 1921 Augustini);
533 1875 572 1906 et
593 1880 734 1906 revera
756 1866 919 1907 videtur
942 1867 1077 1907 maior
1098 1868 1322 1920 disposicio
1345 1868 1386 1907 in
1409 1882 1540 1920 regno

224 1945 369 1976 nostro
396 1946 435 1977 et
456 1936 542 1976 eius
566 1936 824 1990 principibus
846 1951 974 1991 quam
1000 1938 1077 1977 fuit
1102 1938 1144 1977 in
1166 1938 1353 1991 predicto
1376 1939 1540 1991 populo

168 2006 394 2051 25infideli.
448 2007 681 2055 Quomodo
734 2020 831 2060 ergo
885 2007 990 2047 foret
1040 2007 1173 2047 fidelis
1224 2008 1289 2047 vel
1334 2007 1542 2048 caritative

224 2076 399 2130 diligens
430 2090 569 2130 regem
604 2091 729 2117 suum
751 2076 823 2131 qui
855 2078 1013 2117 videret
1044 2078 1187 2131 ipsum
1219 2092 1267 2117 ex
1299 2078 1542 2131 ignorancia

224 2160 349 2199 super
381 2160 500 2186 oram
532 2146 680 2186 baratri
712 2155 907 2199 paratum
939 2148 989 2186 ad
1012 2147 1289 2201 precipicium
1321 2148 1539 2201 sempiter-

224 2229 327 2255 num
354 2225 394 2256 et
418 2216 633 2256 assistente
655 2217 876 2256 revocandi
904 2217 1057 2257 noticia
1079 2218 1121 2256 in
1144 2231 1241 2270 sepe
1256 2217 1541 2257 conversionis

225 2299 272 2325 ex
295 2285 521 2339 negligenti
554 2286 711 2326 desidia
733 2286 993 2339 permitteret
1024 2296 1112 2327 tam,
1138 2300 1308 2340 gravem
1329 2288 1541 2341 populum

168 2355 266 2399 30in
300 2368 473 2408 corpore
517 2364 556 2395 et
599 2356 739 2395 anima
769 2364 974 2408 perpetuo
1006 2356 1187 2408 interire,
1235 2356 1467 2410 specialiter
1509 2357 1541 2397 si

225 2426 277 2464 ad
309 2425 613 2478 speculandum
645 2434 685 2465 et
712 2426 1043 2478 prenarrandum
1074 2426 1180 2478 regis
1213 2435 1252 2466 et
1284 2427 1398 2480 regni
1431 2428 1539 2481 peri-

226 2494 319 2533 cula
350 2494 402 2535 sit
433 2494 644 2547 pinguiter
675 2492 925 2547 premiatus?
969 2496 1121 2535 Nonne
1154 2495 1253 2535 dicit
1283 2496 1397 2536 Deus
1442 2511 1537 2550 pro-

276 2640 301 2668 5.
323 2639 361 2667 B:
383 2640 463 2675 regis
478 2656 510 2660 -—
523 2640 644 2668 videtur
665 2640 759 2668 deest.
850 2649 889 2676 ¹7·
913 2641 948 2668 13:
966 2641 1106 2669 concicio
1122 2648 1313 2671 revocarent.
1398 2652 1441 2672 22.
1457 2645 1485 2672 A
1509 2644 1538 2672 in

224 2694 337 2721 marg:
381 2686 676 2715 Nabuchodonosor
713 2686 848 2715 salvatus
887 2692 941 2714 est.
1085 2696 1130 2723 27.
1161 2688 1199 2716 13:
1239 2690 1276 2717 ad
1316 2690 1538 2725 precipucium.

224 2733 268 2759 28.
289 2733 317 2759 Α
338 2733 395 2767 Ast
417 2732 447 2760 in
467 2742 541 2768 sepe
561 2733 785 2761 conversionis.
906 2733 975 2761 .30.
998 2734 1037 2762 13:
1059 2735 1183 2764 interire
1205 2736 1302 2764 deest.

284 2852 334 2872 21.
362 2841 460 2872 Decr.
488 2841 515 2872 ll
542 2851 631 2883 pam,
657 2851 759 2872 causa
784 2841 903 2882 XXIII,
930 2853 963 2884 q.
990 2843 1046 2883 IV,
1073 2853 1100 2874 c.
1128 2844 1231 2875 XXII.

1751 216 1830 270 329

1565 896 1658 933 Many
1676 896 1764 924 think
1785 896 1823 924 he

1569 940 1651 967 may,
1671 932 1730 958 and
1752 932 1815 959 that

1567 967 1820 1028 shtciiildfflttizlllffllhe

1625 1036 1698 1070 king
1718 1044 1763 1063 50.
