2051 3273
211 221 301 249 CAP.
315 211 412 268 V111.]
713 224 770 255 DE
798 224 1029 256 ECCLESIA.

56 341 88 373 Ε
113 330 356 373 15—10Petrus
387 329 467 368 sibi
499 328 714 380 displicuit
735 328 904 380 quando
924 329 1063 380 flevit,
1088 341 1214 381 quam
1245 329 1324 367 sibi
1348 328 1518 380 placuit

206 398 376 451 quando
413 399 695 451 presumpsit.
743 398 823 437 Sed
854 411 928 450 per
959 412 1001 437 se
1033 406 1185 437 notum
1217 407 1277 437 est
1308 397 1517 450 theologis

204 468 319 521 quod
366 481 452 507 non
497 467 642 507 exinde
675 468 936 520 peccandum
979 476 1052 518 est,
1098 468 1214 520 quod
1259 467 1421 506 bonum
1466 481 1513 506 ex

204 537 340 589 gracia
371 537 447 576 Dei
492 537 636 576 exinde
671 537 899 590 proveniat.
950 538 1071 577 Unde
1103 538 1226 577 credo
1259 538 1375 590 quod
1418 550 1513 589 pec-

171 615 344 650 5catum
387 606 604 659 publicum
649 607 870 646 doctorum
903 620 989 659 quo
1023 606 1239 646 manifeste
1280 607 1516 659 approbant

203 676 472 715 mendacium
514 685 560 715 ut
604 676 815 727 virtutem,
860 684 899 715 et
942 677 1121 715 mendax
1153 676 1350 729 allegacio
1389 676 1513 729 origi-

202 746 375 797 nalium,
420 754 466 785 ut
508 745 727 785 mendacio
765 745 938 798 pallient
969 746 1128 785 dictum
1162 759 1301 797 suum,
1334 755 1515 785 vertetur

203 828 249 853 ex
271 815 408 868 gracia
429 815 503 854 Dei
528 815 605 854 illis
627 815 668 854 in
694 816 986 867 commodum,
1011 816 1113 855 dum
1140 824 1278 855 tamen
1304 815 1345 854 in
1369 815 1448 855 isto
1471 829 1513 854 se

203 884 409 937 corrigant
442 894 480 924 et
517 893 860 938 recognoscentes
900 884 1112 924 defectum
1144 898 1270 924 suum
1301 885 1514 924 humiliter

148 974 186 995 10
202 953 453 1006 resipiscant.
509 954 614 1002 Quis
651 967 756 1006 rogo
798 953 914 993 aliter
953 963 1116 1007 caperet
1155 968 1224 993 eos
1256 954 1296 993 in
1331 955 1513 994 testimo-

201 1023 321 1062 nium
342 1024 407 1063 vel
429 1023 671 1077 allegacioni
691 1037 838 1063 eorum
853 1024 1047 1074 crederet,
1071 1024 1174 1063 dum
1196 1023 1378 1064 dicerent
1399 1025 1513 1078 quod

202 1093 411 1146 privatum
453 1094 732 1133 commodum
763 1093 1024 1133 meritorium
1057 1093 1108 1132 sit
1145 1093 1330 1145 mentiri;
1374 1107 1514 1133 revera

201 1163 341 1203 nescio
375 1177 455 1217 que
494 1163 638 1216 opinio
677 1163 865 1202 redderet
901 1163 1120 1203 hominem
1163 1164 1258 1216 plus
1296 1163 1510 1205 infamem,

155 1240 186 1272 F
259 1234 478 1282 Quantum
522 1233 572 1271 ad
617 1233 843 1272 secundam
889 1232 1146 1273 evidenciam
1178 1234 1294 1286 quod
1340 1242 1511 1286 propter

146 1303 396 1342 15salvanda
439 1302 654 1355 privilegia
699 1302 867 1342 ecclesie
914 1302 1019 1342 sicut
1057 1302 1099 1341 in
1138 1316 1233 1342 casu
1273 1303 1345 1356 qui
1377 1317 1512 1356 nuper

201 1372 376 1425 contigit
407 1372 671 1411 meritorium
703 1372 755 1411 sit
784 1372 964 1423 mentiri,
998 1372 1271 1411 manifestum
1303 1381 1364 1412 est
1395 1374 1511 1425 quod

200 1443 354 1495 dogma
396 1442 499 1481 illud
545 1441 768 1481 inficiendo
816 1441 1029 1494 privilegia
1074 1442 1262 1481 redderet
1312 1455 1509 1495 procura-

198 1520 334 1551 torem
378 1511 545 1551 ecclesie
594 1511 718 1550 nimis
763 1520 1025 1564 suspectum3
1078 1525 1175 1551 cum
1227 1512 1339 1551 enirn
1384 1526 1510 1552 omne

201 1580 462 1634 privilegium
504 1581 568 1620 vel
614 1581 779 1620 libertas
812 1581 863 1620 sit
895 1580 1121 1621 fundatum
1152 1582 1194 1620 in
1225 1582 1395 1622 veritate
1428 1597 1510 1636 que

142 1667 182 1688 20
198 1661 258 1691 est
290 1664 470 1704 sponsus
495 1651 676 1702 ecclesie,
707 1650 978 1690 manifestum
1011 1660 1071 1690 est
1103 1652 1218 1705 quod
1251 1651 1510 1704 professione

197 1721 377 1761 veritatis
401 1730 439 1761 et
461 1735 547 1760 non
571 1721 776 1761 mendacii
798 1721 958 1761 veritati
987 1721 1172 1774 oppositi
1206 1721 1508 1773 defenderetur,

199 1790 359 1830 dicente
383 1791 526 1830 eadem
554 1791 722 1831 veritate
754 1791 844 1831 Joh.
868 1792 995 1842 V1110,
1032 1792 1096 1842 31,
1124 1791 1194 1831 32:
1227 1791 1271 1830 Si
1290 1804 1364 1831 vos
1386 1806 1508 1832 man-

197 1860 340 1899 seritis
383 1861 424 1900 in
458 1873 656 1900 sermone
690 1874 798 1912 meo,
834 1875 928 1901 vere
963 1861 1159 1913 discipuli
1191 1862 1273 1901 mei
1304 1862 1436 1910 eritis,
1471 1869 1508 1901 et

196 1942 268 1969 vos
311 1931 575 1983 cognoscetis
617 1931 856 1981 veritatem,
900 1937 939 1969 et
981 1932 1142 1970 veritas
1187 1931 1388 1971 liberabit
1421 1945 1505 1971 vos.

142 2000 258 2038 25Ex
290 1999 441 2052 quibus
472 2008 585 2052 patet
618 2013 715 2038 cum
746 1999 828 2039 fide
861 1999 1060 2052 scripture
1094 2001 1224 2053 quod,
1265 2002 1314 2040 de
1347 2011 1506 2054 quanto

197 2078 337 2108 orator
369 2070 536 2109 ecclesie
571 2070 751 2110 declinat
783 2085 805 2110 a
838 2084 1031 2110 sermone
1054 2071 1127 2110 Dei
1162 2071 1233 2124 qui
1267 2081 1328 2112 est
1358 2073 1506 2112 veritas

195 2139 237 2178 in
281 2139 402 2178 verba
442 2140 645 2179 mendacii
680 2154 761 2193 que
794 2151 891 2179 sunt
926 2154 1139 2180 sermones
1172 2141 1339 2193 diaboli,
1372 2151 1417 2181 ut
1449 2142 1506 2182 sic

196 2222 237 2247 se
270 2209 409 2261 ipsum
441 2209 674 2248 inhabilitat
706 2210 757 2247 ad
789 2209 1001 2262 priVilegia
1034 2218 1073 2249 et
1103 2210 1309 2250 libertates
1337 2211 1507 2251 ecclesie

195 2279 531 2330 procurandum3
564 2292 663 2317 nam
696 2279 809 2318 nulla
841 2279 937 2319 talia
968 2280 1118 2318 dantur
1157 2280 1234 2318 nisi
1267 2294 1340 2332 per
1376 2294 1505 2333 spon-

138 2350 179 2381 30
196 2361 292 2386 sum
335 2348 516 2398 ecclesie,
560 2347 774 2387 veritatem
818 2362 899 2401 que
943 2349 1032 2388 odit
1064 2362 1191 2388 omne
1223 2350 1503 2390 mendacium.

196 2417 292 2456 Ideo
333 2416 429 2456 dicit
460 2417 550 2456 Joh.
584 2418 711 2468 V1110,
747 2419 816 2469 34:
856 2417 1007 2457 Omnis
1046 2418 1251 2471 quifacit
1278 2427 1503 2471 peccatum

193 2499 345 2526 servus
389 2493 451 2526 est
486 2487 670 2538 peccati.
717 2487 801 2526 Nec
836 2487 1012 2527 dubium
1045 2488 1146 2540 quin
1178 2488 1314 2527 omnis
1354 2488 1504 2528 faciens

194 2555 462 2595 mendacium
493 2565 539 2595 ut
571 2556 626 2595 sic
665 2565 821 2608 peccat,
853 2556 947 2595 ideo
980 2557 1248 2596 mendacium
1282 2567 1342 2598 est
1372 2558 1502 2611 pessi-

192 2639 313 2664 mum
344 2625 535 2664 medium
568 2625 618 2663 ad
651 2626 963 2678 procurandum
1006 2627 1116 2665 bona
1150 2627 1332 2666 ecclesie.
1394 2629 1503 2667 Nam

136 2696 175 2727 35
192 2694 392 2733 mentitor
436 2704 480 2733 ut
526 2694 582 2733 sic
627 2694 799 2734 offendit
843 2696 883 2733 in
924 2705 1116 2734 naturam
1149 2696 1333 2736 divinam
1367 2712 1388 2736 a
1421 2712 1502 2750 qua

243 2803 272 2826 4.
294 2795 367 2822 Ain
384 2803 497 2830 marga
526 2795 705 2823 Conclusio.
815 2804 847 2823 11.
866 2803 903 2823 12.
924 2797 963 2830 Αι
979 2796 1066 2823 add:
1095 2797 1176 2831 quod
1194 2803 1320 2834 propter
1335 2799 1497 2833 privatum.

193 2842 232 2869 16.
255 2843 298 2869 A:
320 2843 380 2870 siut
401 2844 430 2871 in
451 2852 535 2870 casu.

1730 215 1801 253 165

1526 1248 1573 1276 To
1602 1250 1691 1277 allow
1718 1250 1800 1286 lying

1526 1292 1565 1310 on
1582 1284 1688 1312 belialf
1701 1288 1736 1313 ot·
1751 1286 1800 1312 the

1539 1318 1663 1346 Churcn
1683 1321 1787 1347 would

1527 1355 1615 1381 make
1632 1355 1687 1382 her
1707 1355 1799 1382 advo-

1526 1394 1608 1416 cates
1621 1390 1801 1424 suspected;
