2051 3343
209 242 299 270 CAP.
322 232 405 289 νη]
730 243 790 275 DE
817 242 1055 275 ECCLEslA.
1741 250 1815 288 ¹49

58 362 95 395 G
118 363 194 406 ¹49⁸
207 357 321 402 patet
342 348 459 402 quod
479 348 694 387 licenciare
727 348 778 387 ad
809 347 890 386 hoc
922 346 1028 386 foret
1059 346 1275 387 licenciare
1304 343 1523 389 hominem
1547 357 1683 420 Cblgitmtgg
1698 365 1801 421 3333

208 419 260 458 ad
291 418 566 471 peccandum,
601 418 718 470 quod
746 417 858 456 Deus
891 429 978 455 non
1010 424 1163 469 potest,
1198 426 1237 457 et
1268 431 1341 470 per
1377 432 1523 458 conse-
1556 427 1789 491 licienssig'tpciysiss

208 501 339 541 quens
353 501 440 527 non
455 486 692 527 continetur
713 487 790 526 sub
813 499 936 538 opere
959 485 1242 526 misericordie
1260 487 1525 541 privilegium
1795 484 1799 489 ’

206 557 287 597 tale
334 557 575 608 concedere,
615 569 692 596 nec
724 556 911 595 tenderet
943 555 994 594 ad
1026 565 1306 608 augmentum
1338 557 1524 597 amicicie

174 628 271 671 5vel
320 626 497 666 caritatis
541 625 585 665 in
628 625 791 678 populo
836 625 1057 664 communi
1097 639 1326 666 commune
1369 626 1434 666 ius
1474 627 1524 667 de

206 695 492 736 satisfaccione
536 694 735 734 debitoris
783 694 1037 747 precludere.
1083 695 1137 735 Et
1182 704 1296 748 patet
1346 704 1433 735 tam
1477 710 1524 736 ex

205 775 320 819 parte
365 764 580 805 donatoris
628 778 757 818 quam
788 764 1014 817 receptoris
1047 765 1163 817 quod
1195 766 1247 804 ad
1277 766 1358 805 tale
1396 766 1522 819 privi-

204 835 363 888 legium
394 843 455 874 est
491 834 765 887 indisposicio
802 834 1036 888 utrobique.
1089 835 1175 874 Nec
1207 844 1376 875 moveat
1408 837 1524 889 quod

207 917 255 943 ex
298 904 368 944 tali
408 904 625 957 privilegio
664 904 920 957 quandoque
964 905 1127 944 bonum
1160 904 1432 958 contingeret,
1477 914 1523 945 ut

151 996 190 1017 10
205 982 307 1026 puta
364 973 560 1013 debitoris
611 973 825 1026 depredati
881 973 1114 1013 misericors
1170 975 1406 1027 expectacio
1457 975 1522 1015 vel

107 1043 320 1098 149baliter
364 1043 577 1083 criminosi
622 1056 669 1082 ex
713 1043 843 1083 tutela
886 1042 1034 1096 refugii
1084 1042 1520 1096 finalisssconversiQ

204 1112 302 1166 quia
344 1113 457 1152 Deus
488 1126 576 1152 non
608 1121 750 1165 posset
780 1112 1018 1165 permittere
1049 1121 1271 1166 peccatum
1301 1113 1402 1166 fieri,
1442 1113 1520 1153 nisi

204 1181 350 1221 exinde
382 1182 697 1222 occasionaliter
740 1182 904 1221 bonum
942 1182 1215 1236 contingeret.
1271 1183 1368 1223 Ideo
1401 1183 1519 1236 absit,

203 1251 303 1293 dicit
329 1251 576 1305 Apostolus,
610 1259 655 1291 ut
671 1251 899 1305 faciamus
928 1253 1058 1300 mala,
1094 1258 1139 1291 ut
1167 1252 1276 1291 bona
1309 1254 1517 1294 eveniant.

149 1334 186 1367 15
260 1322 397 1361 Docto
419 1321 545 1374 igitur
574 1322 691 1374 quod
714 1321 880 1361 libertas
911 1321 1003 1361 talis
1034 1330 1199 1361 sonaret
1230 1321 1272 1360 in
1306 1322 1518 1363 caritatem
1548 1338 1720 1379 T¹.¹03'ef0re
1739 1342 1790 1370 the

202 1400 242 1431 et
288 1391 577 1442 elemosinam,
621 1399 764 1443 posset
807 1391 980 1431 concedi
1024 1391 1284 1444 singulariter
1326 1391 1385 1430 illi
1421 1375 1808 1445 locoisssg‘s'ssiiiffiffigt

201 1460 466 1514 privilegium
503 1461 580 1500 sub
612 1460 690 1501 ista
735 1460 983 1500 condicione
1017 1475 1146 1514 quam
1182 1474 1350 1501 necesse
1383 1470 1443 1502 est
1473 1462 1516 1501 in
1548 1445 1792 1518 bedffilgffssffy‘ffn'

202 1530 320 1569 omni
342 1530 577 1569 donacione
604 1529 790 1583 legitima
811 1530 961 1569 habere
985 1530 1152 1570 tacitam
1176 1531 1240 1570 vel
1263 1544 1513 1584 expressam.

201 1600 325 1640 Unde
367 1599 532 1640 videtur
579 1600 696 1653 quod
740 1599 886 1652 prelati
930 1599 1061 1639 nostri
1106 1600 1258 1640 debent
1302 1600 1517 1641 humiliter

146 1693 186 1714 20
200 1669 367 1722 pulsare
426 1669 636 1721 dominos,
688 1678 734 1709 ut
790 1670 891 1709 tales
945 1683 1100 1709 errores
1152 1679 1292 1710 nostre
1345 1671 1515 1711 ecclesie

199 1738 338 1791 previe
361 1738 631 1792 corrigantur,
647 1747 874 1792 antequam
887 1739 1086 1779 invadant
1106 1739 1247 1779 hostes
1269 1739 1514 1794 forinsecus,

201 1808 300 1861 quia
322 1822 370 1848 ex
391 1808 628 1848 testimonis
662 1808 815 1849 Christi
836 1809 984 1851 Matth.
1008 1810 1080 1861 X0,
1107 1810 1157 1848 36
1189 1811 1299 1849 nulli
1318 1813 1422 1864 plus
1450 1813 1513 1852 in-

187 1878 360 1932 festant
376 1885 556 1918 matrem
581 1878 803 1918 ecclesiam
827 1891 955 1931 quam
979 1880 1070 1919 eius
1093 1880 1312 1920 domestici
1337 1881 1512 1922 inimici.

149 1960 187 1994 Η
259 1947 409 1988 Tercio
446 1947 726 2001 principaliter
768 1948 953 2001 arguitur
997 1949 1052 1988 sic
1091 1951 1142 1989 ad
1180 1949 1292 1989 idem
1331 1952 1380 1989 de
1425 1951 1512 1991 iure
1572 1967 1597 1995 3.
1619 1968 1665 1995 He
1686 1968 1755 1995 who

144 2030 184 2063 25
201 2027 364 2058 nature:
398 2018 586 2058 Frustra
630 2019 799 2058 invocat
835 2019 946 2072 legis
978 2019 1191 2059 auxilium
1231 2022 1304 2072 qui
1334 2002 1801 2073 offenditffiffiissssc‘iffini‘iig

200 2089 241 2127 in
275 2101 383 2139 eam,
435 2088 505 2127 sed
551 2088 649 2127 dicti
695 2087 857 2142 fugitivi
893 2088 1133 2128 rebellando
1167 2088 1431 2130 offenderunt
1468 2090 1511 2129 in
1623 2073 1704 2107 ΜΡ·

198 2157 334 2209 legem
349 2156 439 2209 Dei,
455 2157 622 2196 ecclesie
641 2166 679 2197 et
699 2157 741 2196 in
759 2158 896 2211 legem
910 2158 1042 2211 regni:
1064 2172 1161 2212 ergo
1184 2158 1344 2198 iustum
1360 2149 1419 2199 est
1432 2173 1510 2213 pro

198 2235 389 2279 tempore
420 2240 493 2266 sue
525 2226 752 2267 obstinacie
784 2230 901 2280 quod
929 2237 1093 2268 careant
1124 2228 1167 2266 in
1196 2228 1393 2268 omnibus
1424 2229 1511 2269 istis

198 2296 299 2349 legis
332 2295 540 2349 suffragio.
574 2296 709 2336 Maior
739 2306 881 2337 autem
920 2298 1079 2351 capitur
1110 2307 1156 2338 ut
1193 2299 1333 2351 regula
1363 2313 1438 2352 per
1469 2313 1510 2339 se

142 2375 301 2411 30nota
331 2365 374 2404 in
411 2366 498 2405 iure
542 2366 743 2406 canonico
783 2376 822 2407 et
860 2368 1135 2407 demonstrari
1174 2378 1311 2421 potest
1351 2383 1398 2408 ex
1429 2368 1510 2409 fide

199 2435 400 2487 evangelii
430 2435 603 2475 Matthei
634 2437 706 2488 V0,
742 2438 806 2488 25,
841 2437 910 2476 ubi
944 2437 1133 2477 Christus
1165 2438 1359 2491 precipit:
1403 2439 1508 2478 Esto

199 2507 475 2545 consenciens
507 2505 761 2545 adversario
787 2513 859 2546 tuo
892 2508 991 2556 cito,
1027 2508 1126 2546 dum
1160 2520 1204 2547 es
1237 2508 1278 2547 in
1311 2509 1380 2547 via
1412 2521 1507 2548 cum

198 2587 261 2625 eo,
285 2575 470 2630 neforte
495 2575 775 2617 adversarius
798 2582 897 2617 tuus
921 2576 1064 2617 tradat
1088 2583 1125 2617 te
1146 2577 1277 2617 iudici
1308 2583 1348 2617 et
1378 2578 1509 2618 iudex

256 2713 281 2741 5.
303 2712 346 2739 D:
367 2713 527 2740 communi
549 2713 643 2740 deest.
752 2713 780 2741 6.
802 2713 840 2740 B:
861 2718 893 2741 ut
913 2718 1004 2749 patet.
1118 2721 1163 2741 20.
1176 2721 1214 2742 21.
1236 2714 1279 2742 D:
1301 2713 1429 2743 ecclesie
1449 2715 1508 2751 pri-

196 2758 347 2794 vilegiate.
481 2766 528 2792 24.
550 2760 578 2786 A
598 2759 629 2786 in
649 2766 763 2795 marg:
784 2758 895 2787 Tereia
914 2761 1088 2795 responsio.

261 2867 310 2897 14.
337 2856 428 2888 Rom
455 2856 509 2898 III,
535 2855 566 2888 8.
