<?xml version="1.0" encoding="UTF-8"?>
<!DOCTYPE html PUBLIC "-//W3C//DTD XHTML 1.0 Transitional//EN"
    "http://www.w3.org/TR/xhtml1/DTD/xhtml1-transitional.dtd">
<html xmlns="http://www.w3.org/1999/xhtml" xml:lang="en" lang="en">
 <head>
  <title>
</title>
<meta http-equiv="Content-Type" content="text/html;charset=utf-8" />
  <meta name='ocr-system' content='tesseract 3.04.00' />
  <meta name='ocr-capabilities' content='ocr_page ocr_carea ocr_par ocr_line ocrx_word'/>
</head>
<body>
  <div class='ocr_page' id='page_1' title='image "./tractatusdeeccle00wycl_0576.png"; bbox 0 0 2051 3273; ppageno 0'>
   <div class='ocr_carea' id='block_1_1' title="bbox 197 193 1795 253">
    <p class='ocr_par' dir='ltr' id='par_1_1' title="bbox 197 193 1795 253">
     <span class='ocr_line' id='line_1_1' title="bbox 197 193 1795 253; baseline -0.003 -12"><span class='ocrx_word' id='word_1_1' title='bbox 197 203 275 253; x_wconf 84' lang='lat'>542</span> <span class='ocrx_word' id='word_1_2' title='bbox 906 207 1131 238; x_wconf 80' lang='lat' dir='ltr'>JOHANNIS</span> <span class='ocrx_word' id='word_1_3' title='bbox 1160 207 1356 239; x_wconf 72' lang='lat' dir='ltr'>WYCLIF.</span> <span class='ocrx_word' id='word_1_4' title='bbox 1574 193 1678 251; x_wconf 79' lang='lat' dir='ltr'><strong>[CAP.</strong></span> <span class='ocrx_word' id='word_1_5' title='bbox 1700 205 1795 233; x_wconf 84' lang='lat' dir='ltr'>xxn.</span> 
     </span>
    </p>
   </div>
   <div class='ocr_carea' id='block_1_2' title="bbox 193 310 1947 2457">
    <p class='ocr_par' dir='ltr' id='par_1_2' title="bbox 481 310 1947 433">
     <span class='ocr_line' id='line_1_2' title="bbox 482 310 1947 364; baseline 0 -13"><span class='ocrx_word' id='word_1_6' title='bbox 482 312 632 351; x_wconf 79' lang='lat' dir='ltr'>debent</span> <span class='ocrx_word' id='word_1_7' title='bbox 660 310 819 363; x_wconf 86' lang='lat' dir='ltr'>facere</span> <span class='ocrx_word' id='word_1_8' title='bbox 864 312 935 363; x_wconf 82' lang='lat' dir='ltr'>qui</span> <span class='ocrx_word' id='word_1_9' title='bbox 972 311 1153 350; x_wconf 79' lang='lat' dir='ltr'>credunt</span> <span class='ocrx_word' id='word_1_10' title='bbox 1193 318 1237 349; x_wconf 84' lang='lat' dir='ltr'>ut</span> <span class='ocrx_word' id='word_1_11' title='bbox 1279 312 1452 364; x_wconf 79' lang='lat' dir='ltr'><em>corpori</em></span> <span class='ocrx_word' id='word_1_12' title='bbox 1492 318 1796 351; x_wconf 76' lang='lat' dir='ltr'>resurrecturo</span> <span class='ocrx_word' id='word_1_13' title='bbox 1814 323 1947 357; x_wconf 67' lang='lat' dir='ltr'>2020ss</span> 
     </span>
     <span class='ocr_line' id='line_1_3' title="bbox 481 381 1795 433; baseline 0 -13"><span class='ocrx_word' id='word_1_14' title='bbox 481 388 519 420; x_wconf 86' lang='lat' dir='ltr'>et</span> <span class='ocrx_word' id='word_1_15' title='bbox 540 381 786 420; x_wconf 76' lang='lat' dir='ltr'><em>eternaliter</em></span> <span class='ocrx_word' id='word_1_16' title='bbox 809 394 1012 420; x_wconf 78' lang='lat' dir='ltr'>mansuro</span> <span class='ocrx_word' id='word_1_17' title='bbox 1045 382 1281 432; x_wconf 77' lang='lat' dir='ltr'>impensum</span> <span class='ocrx_word' id='word_1_18' title='bbox 1306 381 1493 433; x_wconf 81' lang='lat' dir='ltr'>officium</span> <span class='ocrx_word' id='word_1_19' title='bbox 1517 382 1571 419; x_wconf 81' lang='lat' dir='ltr'>sit</span> <span class='ocrx_word' id='word_1_20' title='bbox 1592 381 1795 433; x_wconf 80' lang='lat' dir='ltr'>quodam-</span> 
     </span>
    </p>

    <p class='ocr_par' dir='ltr' id='par_1_3' title="bbox 215 438 1798 509">
     <span class='ocr_line' id='line_1_4' title="bbox 215 438 1798 509; baseline -0.001 -19"><span class='ocrx_word' id='word_1_21' title='bbox 215 438 441 509; x_wconf 49' lang='lat' dir='ltr'>ffgffiafflfytffi</span> <span class='ocrx_word' id='word_1_22' title='bbox 481 451 603 489; x_wconf 83' lang='lat' dir='ltr'>modo</span> <span class='ocrx_word' id='word_1_23' title='bbox 651 450 821 489; x_wconf 78' lang='lat' dir='ltr'>evidens</span> <span class='ocrx_word' id='word_1_24' title='bbox 866 450 1054 489; x_wconf 83' lang='lat' dir='ltr'>eiusdem</span> <span class='ocrx_word' id='word_1_25' title='bbox 1083 450 1196 503; x_wconf 88' lang='lat' dir='ltr'>fidei</span> <span class='ocrx_word' id='word_1_26' title='bbox 1239 451 1538 489; x_wconf 78' lang='lat' dir='ltr'>testimonium.</span> <span class='ocrx_word' id='word_1_27' title='bbox 1585 450 1639 488; x_wconf 87' lang='lat' dir='ltr'>Et</span> <span class='ocrx_word' id='word_1_28' title='bbox 1684 459 1798 502; x_wconf 88' lang='lat' dir='ltr'>patet</span> 
     </span>
    </p>

    <p class='ocr_par' dir='ltr' id='par_1_4' title="bbox 193 510 1857 1606">
     <span class='ocr_line' id='line_1_5' title="bbox 193 510 1796 579; baseline -0.001 -20"><span class='ocrx_word' id='word_1_29' title='bbox 193 510 467 579; x_wconf 38' lang='lat' dir='ltr'>doneigssyjzvrong</span> <span class='ocrx_word' id='word_1_30' title='bbox 482 533 577 558; x_wconf 88' lang='lat' dir='ltr'>cum</span> <span class='ocrx_word' id='word_1_31' title='bbox 613 520 703 558; x_wconf 88' lang='lat' dir='ltr'>talis</span> <span class='ocrx_word' id='word_1_32' title='bbox 728 520 924 571; x_wconf 87' lang='lat' dir='ltr'>operacio</span> <span class='ocrx_word' id='word_1_33' title='bbox 957 532 1042 558; x_wconf 87' lang='lat' dir='ltr'>non</span> <span class='ocrx_word' id='word_1_34' title='bbox 1076 520 1127 558; x_wconf 88' lang='lat' dir='ltr'>sit</span> <span class='ocrx_word' id='word_1_35' title='bbox 1160 533 1234 571; x_wconf 88' lang='lat' dir='ltr'>per</span> <span class='ocrx_word' id='word_1_36' title='bbox 1267 533 1309 558; x_wconf 87' lang='lat' dir='ltr'>se</span> <span class='ocrx_word' id='word_1_37' title='bbox 1343 520 1545 570; x_wconf 86' lang='lat' dir='ltr'>virtuosa,</span> <span class='ocrx_word' id='word_1_38' title='bbox 1578 520 1650 558; x_wconf 88' lang='lat' dir='ltr'>sed</span> <span class='ocrx_word' id='word_1_39' title='bbox 1676 520 1796 559; x_wconf 87' lang='lat' dir='ltr'>valde</span> 
     </span>
     <span class='ocr_line' id='line_1_6' title="bbox 483 589 1831 641; baseline 0 -14"><span class='ocrx_word' id='word_1_40' title='bbox 483 602 557 641; x_wconf 90' lang='lat' dir='ltr'>per</span> <span class='ocrx_word' id='word_1_41' title='bbox 601 589 795 627; x_wconf 84' lang='lat' dir='ltr'>accidens</span> <span class='ocrx_word' id='word_1_42' title='bbox 842 589 958 641; x_wconf 86' lang='lat' dir='ltr'>quod</span> <span class='ocrx_word' id='word_1_43' title='bbox 1009 589 1217 640; x_wconf 83' lang='lat' dir='ltr'>contingit</span> <span class='ocrx_word' id='word_1_44' title='bbox 1261 602 1352 628; x_wconf 92' lang='lat' dir='ltr'>eam</span> <span class='ocrx_word' id='word_1_45' title='bbox 1400 602 1510 628; x_wconf 85' lang='lat' dir='ltr'>nunc</span> <span class='ocrx_word' id='word_1_46' title='bbox 1546 590 1649 628; x_wconf 88' lang='lat' dir='ltr'>bene</span> <span class='ocrx_word' id='word_1_47' title='bbox 1689 599 1831 631; x_wconf 90' lang='lat' dir='ltr'>nunc5</span> 
     </span>
     <span class='ocr_line' id='line_1_7' title="bbox 483 658 1798 698; baseline 0 -1"><span class='ocrx_word' id='word_1_48' title='bbox 483 659 589 697; x_wconf 89' lang='lat' dir='ltr'>male</span> <span class='ocrx_word' id='word_1_49' title='bbox 635 658 740 697; x_wconf 89' lang='lat' dir='ltr'>fieri.</span> <span class='ocrx_word' id='word_1_50' title='bbox 788 658 948 698; x_wconf 80' lang='lat' dir='ltr'>Cavere</span> <span class='ocrx_word' id='word_1_51' title='bbox 993 666 1135 697; x_wconf 88' lang='lat' dir='ltr'>autem</span> <span class='ocrx_word' id='word_1_52' title='bbox 1182 659 1386 697; x_wconf 85' lang='lat' dir='ltr'>debemus</span> <span class='ocrx_word' id='word_1_53' title='bbox 1433 659 1483 697; x_wconf 91' lang='lat' dir='ltr'>de</span> <span class='ocrx_word' id='word_1_54' title='bbox 1528 658 1693 697; x_wconf 80' lang='lat' dir='ltr'>malicia</span> <span class='ocrx_word' id='word_1_55' title='bbox 1748 672 1798 697; x_wconf 88' lang='lat' dir='ltr'>ne</span> 
     </span>
     <span class='ocr_line' id='line_1_8' title="bbox 482 728 1799 780; baseline -0.001 -13"><span class='ocrx_word' id='word_1_56' title='bbox 482 728 608 768; x_wconf 86' lang='lat' dir='ltr'>fastui</span> <span class='ocrx_word' id='word_1_57' title='bbox 661 728 791 767; x_wconf 88' lang='lat' dir='ltr'>seculi</span> <span class='ocrx_word' id='word_1_58' title='bbox 845 728 1133 780; x_wconf 80' lang='lat' dir='ltr'>principaliter</span> <span class='ocrx_word' id='word_1_59' title='bbox 1186 728 1469 778; x_wconf 82' lang='lat' dir='ltr'>intendamus,</span> <span class='ocrx_word' id='word_1_60' title='bbox 1534 741 1607 766; x_wconf 89' lang='lat' dir='ltr'>nec</span> <span class='ocrx_word' id='word_1_61' title='bbox 1666 728 1799 779; x_wconf 82' lang='lat' dir='ltr'>magis</span> 
     </span>
     <span class='ocr_line' id='line_1_9' title="bbox 484 797 1797 849; baseline -0.001 -13"><span class='ocrx_word' id='word_1_62' title='bbox 484 798 766 837; x_wconf 87' lang='lat' dir='ltr'>necessarium</span> <span class='ocrx_word' id='word_1_63' title='bbox 806 798 1076 849; x_wconf 78' lang='lat' dir='ltr'>omittamu53</span> <span class='ocrx_word' id='word_1_64' title='bbox 1124 797 1252 836; x_wconf 82' lang='lat' dir='ltr'>nichil</span> <span class='ocrx_word' id='word_1_65' title='bbox 1301 798 1411 836; x_wconf 90' lang='lat' dir='ltr'>enim</span> <span class='ocrx_word' id='word_1_66' title='bbox 1454 807 1515 836; x_wconf 87' lang='lat' dir='ltr'>est</span> <span class='ocrx_word' id='word_1_67' title='bbox 1554 797 1687 848; x_wconf 84' lang='lat' dir='ltr'>magis</span> <span class='ocrx_word' id='word_1_68' title='bbox 1729 810 1797 835; x_wconf 90' lang='lat' dir='ltr'>ne-</span> 
     </span>
     <span class='ocr_line' id='line_1_10' title="bbox 484 867 1799 920; baseline -0.001 -14"><span class='ocrx_word' id='word_1_69' title='bbox 484 867 711 907; x_wconf 85' lang='lat' dir='ltr'>cessarium</span> <span class='ocrx_word' id='word_1_70' title='bbox 758 868 1015 920; x_wconf 87' lang='lat' dir='ltr'>obsequium</span> <span class='ocrx_word' id='word_1_71' title='bbox 1061 867 1272 919; x_wconf 84' lang='lat' dir='ltr'>agendum</span> <span class='ocrx_word' id='word_1_72' title='bbox 1320 881 1397 920; x_wconf 92' lang='lat' dir='ltr'>pro</span> <span class='ocrx_word' id='word_1_73' title='bbox 1443 867 1623 906; x_wconf 86' lang='lat' dir='ltr'>mortuis</span> <span class='ocrx_word' id='word_1_74' title='bbox 1670 880 1799 919; x_wconf 81' lang='lat' dir='ltr'>quam</span> 
     </span>
     <span class='ocr_line' id='line_1_11' title="bbox 484 936 1857 989; baseline -0.001 -14"><span class='ocrx_word' id='word_1_75' title='bbox 484 938 624 976; x_wconf 90' lang='lat' dir='ltr'>vivere</span> <span class='ocrx_word' id='word_1_76' title='bbox 677 937 881 976; x_wconf 86' lang='lat' dir='ltr'>virtuose.</span> <span class='ocrx_word' id='word_1_77' title='bbox 945 937 1014 975; x_wconf 90' lang='lat' dir='ltr'>Ille</span> <span class='ocrx_word' id='word_1_78' title='bbox 1068 950 1166 989; x_wconf 85' lang='lat' dir='ltr'>ergo</span> <span class='ocrx_word' id='word_1_79' title='bbox 1219 936 1460 976; x_wconf 86' lang='lat' dir='ltr'>inordinate</span> <span class='ocrx_word' id='word_1_80' title='bbox 1513 936 1601 987; x_wconf 84' lang='lat' dir='ltr'>agit</span> <span class='ocrx_word' id='word_1_81' title='bbox 1654 949 1857 978; x_wconf 85' lang='lat' dir='ltr'>curam10</span> 
     </span>
     <span class='ocr_line' id='line_1_12' title="bbox 483 1005 1797 1060; baseline -0.002 -14"><span class='ocrx_word' id='word_1_82' title='bbox 483 1008 746 1060; x_wconf 78' lang='lat' dir='ltr'>corporalem</span> <span class='ocrx_word' id='word_1_83' title='bbox 795 1020 871 1060; x_wconf 89' lang='lat' dir='ltr'>pro</span> <span class='ocrx_word' id='word_1_84' title='bbox 916 1020 993 1045; x_wconf 91' lang='lat' dir='ltr'>suo</span> <span class='ocrx_word' id='word_1_85' title='bbox 1039 1015 1210 1046; x_wconf 91' lang='lat' dir='ltr'>mortuo</span> <span class='ocrx_word' id='word_1_86' title='bbox 1265 1007 1336 1059; x_wconf 88' lang='lat' dir='ltr'>qui</span> <span class='ocrx_word' id='word_1_87' title='bbox 1376 1006 1469 1058; x_wconf 90' lang='lat' dir='ltr'>plus</span> <span class='ocrx_word' id='word_1_88' title='bbox 1524 1005 1703 1045; x_wconf 87' lang='lat' dir='ltr'>attendit</span> <span class='ocrx_word' id='word_1_89' title='bbox 1747 1005 1797 1044; x_wconf 85' lang='lat' dir='ltr'>ad</span> 
     </span>
     <span class='ocr_line' id='line_1_13' title="bbox 484 1074 1798 1130; baseline -0.003 -13"><span class='ocrx_word' id='word_1_90' title='bbox 484 1079 596 1117; x_wconf 86' lang='lat' dir='ltr'>illam</span> <span class='ocrx_word' id='word_1_91' title='bbox 631 1090 757 1130; x_wconf 85' lang='lat' dir='ltr'>quarn</span> <span class='ocrx_word' id='word_1_92' title='bbox 793 1077 843 1115; x_wconf 85' lang='lat' dir='ltr'>ad</span> <span class='ocrx_word' id='word_1_93' title='bbox 879 1076 1353 1128; x_wconf 84' lang='lat' dir='ltr'>superhabundanciam</span> <span class='ocrx_word' id='word_1_94' title='bbox 1378 1075 1552 1115; x_wconf 91' lang='lat' dir='ltr'>virtutis</span> <span class='ocrx_word' id='word_1_95' title='bbox 1577 1075 1617 1113; x_wconf 91' lang='lat' dir='ltr'>in</span> <span class='ocrx_word' id='word_1_96' title='bbox 1643 1074 1798 1114; x_wconf 84' lang='lat' dir='ltr'>animo.</span> 
     </span>
     <span class='ocr_line' id='line_1_14' title="bbox 484 1145 1798 1199; baseline -0.002 -13"><span class='ocrx_word' id='word_1_97' title='bbox 484 1148 556 1187; x_wconf 89' lang='lat' dir='ltr'>Vis</span> <span class='ocrx_word' id='word_1_98' title='bbox 609 1161 710 1199; x_wconf 80' lang='lat' dir='ltr'>ergo</span> <span class='ocrx_word' id='word_1_99' title='bbox 764 1146 992 1185; x_wconf 85' lang='lat' dir='ltr'>affectuose</span> <span class='ocrx_word' id='word_1_100' title='bbox 1037 1145 1244 1199; x_wconf 88' lang='lat' dir='ltr'>proficere</span> <span class='ocrx_word' id='word_1_101' title='bbox 1290 1146 1429 1185; x_wconf 88' lang='lat' dir='ltr'>anime</span> <span class='ocrx_word' id='word_1_102' title='bbox 1478 1145 1798 1196; x_wconf 85' lang='lat' dir='ltr'>defunctorum,</span> 
     </span>
     <span class='ocr_line' id='line_1_15' title="bbox 484 1215 1797 1269; baseline -0.003 -13"><span class='ocrx_word' id='word_1_103' title='bbox 484 1217 663 1257; x_wconf 80' lang='lat' dir='ltr'>exercita</span> <span class='ocrx_word' id='word_1_104' title='bbox 708 1225 747 1255; x_wconf 89' lang='lat' dir='ltr'>te</span> <span class='ocrx_word' id='word_1_105' title='bbox 792 1217 930 1269; x_wconf 90' lang='lat' dir='ltr'>ipsum</span> <span class='ocrx_word' id='word_1_106' title='bbox 972 1217 1011 1255; x_wconf 93' lang='lat' dir='ltr'>in</span> <span class='ocrx_word' id='word_1_107' title='bbox 1058 1217 1170 1255; x_wconf 87' lang='lat' dir='ltr'>scola</span> <span class='ocrx_word' id='word_1_108' title='bbox 1210 1216 1439 1267; x_wconf 83' lang='lat' dir='ltr'>virtutum;</span> <span class='ocrx_word' id='word_1_109' title='bbox 1480 1215 1595 1268; x_wconf 89' lang='lat' dir='ltr'>quod</span> <span class='ocrx_word' id='word_1_110' title='bbox 1637 1223 1797 1267; x_wconf 90' lang='lat' dir='ltr'>quanto</span> 
     </span>
     <span class='ocr_line' id='line_1_16' title="bbox 484 1284 1855 1340; baseline -0.001 -14"><span class='ocrx_word' id='word_1_111' title='bbox 484 1287 577 1340; x_wconf 88' lang='lat' dir='ltr'>plus</span> <span class='ocrx_word' id='word_1_112' title='bbox 627 1287 788 1338; x_wconf 87' lang='lat' dir='ltr'>feceris,</span> <span class='ocrx_word' id='word_1_113' title='bbox 839 1295 958 1326; x_wconf 88' lang='lat' dir='ltr'>tanto</span> <span class='ocrx_word' id='word_1_114' title='bbox 1004 1300 1100 1325; x_wconf 88' lang='lat' dir='ltr'>cum</span> <span class='ocrx_word' id='word_1_115' title='bbox 1144 1286 1317 1337; x_wconf 88' lang='lat' dir='ltr'>paribus</span> <span class='ocrx_word' id='word_1_116' title='bbox 1352 1285 1454 1324; x_wconf 84' lang='lat' dir='ltr'>facis</span> <span class='ocrx_word' id='word_1_117' title='bbox 1489 1284 1670 1324; x_wconf 85' lang='lat' dir='ltr'>mortuis</span> <span class='ocrx_word' id='word_1_118' title='bbox 1704 1284 1855 1336; x_wconf 81' lang='lat' dir='ltr'>plu815</span> 
     </span>
     <span class='ocr_line' id='line_1_17' title="bbox 484 1354 1797 1409; baseline -0.002 -14"><span class='ocrx_word' id='word_1_119' title='bbox 484 1356 746 1409; x_wconf 73' lang='lat' dir='ltr'>profectum3</span> <span class='ocrx_word' id='word_1_120' title='bbox 780 1365 951 1409; x_wconf 88' lang='lat' dir='ltr'>oportet</span> <span class='ocrx_word' id='word_1_121' title='bbox 985 1368 1085 1408; x_wconf 84' lang='lat' dir='ltr'>ergo</span> <span class='ocrx_word' id='word_1_122' title='bbox 1120 1356 1234 1395; x_wconf 86' lang='lat' dir='ltr'>iuxta</span> <span class='ocrx_word' id='word_1_123' title='bbox 1266 1355 1450 1394; x_wconf 83' lang='lat' dir='ltr'>caritatis</span> <span class='ocrx_word' id='word_1_124' title='bbox 1484 1354 1648 1406; x_wconf 85' lang='lat' dir='ltr'>regulas</span> <span class='ocrx_word' id='word_1_125' title='bbox 1682 1354 1797 1406; x_wconf 90' lang='lat' dir='ltr'>quod</span> 
     </span>
     <span class='ocr_line' id='line_1_18' title="bbox 484 1424 1799 1479; baseline -0.003 -14"><span class='ocrx_word' id='word_1_126' title='bbox 484 1436 698 1479; x_wconf 86' lang='lat' dir='ltr'>superstes</span> <span class='ocrx_word' id='word_1_127' title='bbox 738 1426 988 1465; x_wconf 87' lang='lat' dir='ltr'>misereatur</span> <span class='ocrx_word' id='word_1_128' title='bbox 1028 1426 1166 1464; x_wconf 88' lang='lat' dir='ltr'>anime</span> <span class='ocrx_word' id='word_1_129' title='bbox 1207 1425 1378 1477; x_wconf 88' lang='lat' dir='ltr'>proprie</span> <span class='ocrx_word' id='word_1_130' title='bbox 1411 1424 1579 1476; x_wconf 87' lang='lat' dir='ltr'>placens</span> <span class='ocrx_word' id='word_1_131' title='bbox 1614 1424 1718 1475; x_wconf 84' lang='lat' dir='ltr'>Deo,</span> <span class='ocrx_word' id='word_1_132' title='bbox 1759 1431 1799 1461; x_wconf 90' lang='lat' dir='ltr'>et</span> 
     </span>
     <span class='ocr_line' id='line_1_19' title="bbox 485 1493 1798 1549; baseline -0.003 -14"><span class='ocrx_word' id='word_1_133' title='bbox 485 1497 537 1535; x_wconf 85' lang='lat' dir='ltr'>ad</span> <span class='ocrx_word' id='word_1_134' title='bbox 581 1496 682 1535; x_wconf 90' lang='lat' dir='ltr'>illud</span> <span class='ocrx_word' id='word_1_135' title='bbox 731 1496 1008 1549; x_wconf 88' lang='lat' dir='ltr'>consequitur</span> <span class='ocrx_word' id='word_1_136' title='bbox 1053 1494 1346 1534; x_wconf 85' lang='lat' dir='ltr'>efficacissime</span> <span class='ocrx_word' id='word_1_137' title='bbox 1390 1493 1639 1545; x_wconf 83' lang='lat' dir='ltr'>suffragium</span> <span class='ocrx_word' id='word_1_138' title='bbox 1688 1505 1798 1531; x_wconf 93' lang='lat' dir='ltr'>mor-</span> 
     </span>
     <span class='ocr_line' id='line_1_20' title="bbox 486 1576 674 1606; baseline 0.005 -1"><span class='ocrx_word' id='word_1_139' title='bbox 486 1576 674 1606; x_wconf 88' lang='lat' dir='ltr'>tuorum.</span> 
     </span>
    </p>

    <p class='ocr_par' dir='ltr' id='par_1_5' title="bbox 485 1632 1857 2243">
     <span class='ocr_line' id='line_1_21' title="bbox 543 1632 1840 1688; baseline -0.002 -13"><span class='ocrx_word' id='word_1_140' title='bbox 543 1636 609 1675; x_wconf 88' lang='lat' dir='ltr'>Ad</span> <span class='ocrx_word' id='word_1_141' title='bbox 643 1636 829 1688; x_wconf 91' lang='lat' dir='ltr'>primum</span> <span class='ocrx_word' id='word_1_142' title='bbox 854 1635 1070 1674; x_wconf 88' lang='lat' dir='ltr'>obiectum</span> <span class='ocrx_word' id='word_1_143' title='bbox 1102 1643 1218 1687; x_wconf 86' lang='lat' dir='ltr'>patet</span> <span class='ocrx_word' id='word_1_144' title='bbox 1252 1634 1367 1686; x_wconf 91' lang='lat' dir='ltr'>quod</span> <span class='ocrx_word' id='word_1_145' title='bbox 1394 1633 1541 1672; x_wconf 85' lang='lat' dir='ltr'>beatus</span> <span class='ocrx_word' id='word_1_146' title='bbox 1567 1632 1840 1684; x_wconf 85' lang='lat' dir='ltr'>Gregoriusa</span> 
     </span>
     <span class='ocr_line' id='line_1_22' title="bbox 485 1702 1800 1758; baseline -0.003 -13"><span class='ocrx_word' id='word_1_147' title='bbox 485 1706 665 1745; x_wconf 89' lang='lat' dir='ltr'>intendit</span> <span class='ocrx_word' id='word_1_148' title='bbox 710 1705 825 1758; x_wconf 89' lang='lat' dir='ltr'>quod</span> <span class='ocrx_word' id='word_1_149' title='bbox 873 1705 970 1744; x_wconf 86' lang='lat' dir='ltr'>talia</span> <span class='ocrx_word' id='word_1_150' title='bbox 1016 1704 1222 1756; x_wconf 87' lang='lat' dir='ltr'>obsequia</span> <span class='ocrx_word' id='word_1_151' title='bbox 1270 1717 1351 1742; x_wconf 92' lang='lat' dir='ltr'>non</span> <span class='ocrx_word' id='word_1_152' title='bbox 1400 1712 1578 1756; x_wconf 89' lang='lat' dir='ltr'>prosunt</span> <span class='ocrx_word' id='word_1_153' title='bbox 1619 1702 1800 1741; x_wconf 87' lang='lat' dir='ltr'>mortuis</span> 
     </span>
     <span class='ocr_line' id='line_1_23' title="bbox 487 1771 1800 1827; baseline -0.004 -12"><span class='ocrx_word' id='word_1_154' title='bbox 487 1776 563 1815; x_wconf 91' lang='lat' dir='ltr'>nisi</span> <span class='ocrx_word' id='word_1_155' title='bbox 598 1776 705 1815; x_wconf 88' lang='lat' dir='ltr'>forte</span> <span class='ocrx_word' id='word_1_156' title='bbox 739 1788 813 1827; x_wconf 90' lang='lat' dir='ltr'>per</span> <span class='ocrx_word' id='word_1_157' title='bbox 849 1774 1053 1813; x_wconf 90' lang='lat' dir='ltr'>accidens.</span> <span class='ocrx_word' id='word_1_158' title='bbox 1090 1774 1215 1814; x_wconf 91' lang='lat' dir='ltr'>Unde</span> <span class='ocrx_word' id='word_1_159' title='bbox 1250 1773 1443 1826; x_wconf 88' lang='lat' dir='ltr'>sequitur</span> <span class='ocrx_word' id='word_1_160' title='bbox 1476 1772 1515 1810; x_wconf 94' lang='lat' dir='ltr'>in</span> <span class='ocrx_word' id='word_1_161' title='bbox 1553 1781 1668 1810; x_wconf 85' lang='lat' dir='ltr'>textu</span> <span class='ocrx_word' id='word_1_162' title='bbox 1697 1771 1800 1811; x_wconf 91' lang='lat' dir='ltr'>Gre-</span> 
     </span>
     <span class='ocr_line' id='line_1_24' title="bbox 487 1839 1801 1898; baseline -0.004 -14"><span class='ocrx_word' id='word_1_163' title='bbox 487 1846 612 1898; x_wconf 81' lang='lat' dir='ltr'>gorii:</span> <span class='ocrx_word' id='word_1_164' title='bbox 660 1846 749 1884; x_wconf 86' lang='lat' dir='ltr'>Nec</span> <span class='ocrx_word' id='word_1_165' title='bbox 796 1844 886 1884; x_wconf 86' lang='lat' dir='ltr'>ia&#39;eo</span> <span class='ocrx_word' id='word_1_166' title='bbox 933 1851 1073 1883; x_wconf 83' lang='lat' dir='ltr'>tamen</span> <span class='ocrx_word' id='word_1_167' title='bbox 1123 1841 1455 1895; x_wconf 82' lang='lat' dir='ltr'>contempnenda</span> <span class='ocrx_word' id='word_1_168' title='bbox 1501 1848 1540 1881; x_wconf 85' lang='lat' dir='ltr'>et</span> <span class='ocrx_word' id='word_1_169' title='bbox 1578 1839 1801 1880; x_wconf 80' lang='lat' dir='ltr'>abicienda</span> 
     </span>
     <span class='ocr_line' id='line_1_25' title="bbox 485 1912 1802 1967; baseline -0.005 -12"><span class='ocrx_word' id='word_1_170' title='bbox 485 1923 585 1955; x_wconf 76' lang='lat' dir='ltr'>sunt</span> <span class='ocrx_word' id='word_1_171' title='bbox 616 1928 798 1967; x_wconf 76' lang='lat' dir='ltr'>corpora</span> <span class='ocrx_word' id='word_1_172' title='bbox 832 1913 1138 1966; x_wconf 81' lang='lat' dir='ltr'>defunctorum</span> <span class='ocrx_word' id='word_1_173' title='bbox 1174 1912 1444 1965; x_wconf 78' lang='lat' dir='ltr'>maximeque</span> <span class='ocrx_word' id='word_1_174' title='bbox 1486 1912 1712 1960; x_wconf 77' lang='lat' dir='ltr'>iustorum,</span> <span class='ocrx_word' id='word_1_175' title='bbox 1749 1923 1802 1949; x_wconf 83' lang='lat' dir='ltr'>ex</span> 
     </span>
     <span class='ocr_line' id='line_1_26' title="bbox 486 1981 1857 2038; baseline -0.004 -13"><span class='ocrx_word' id='word_1_176' title='bbox 486 1999 566 2038; x_wconf 75' lang='lat' dir='ltr'>quo</span> <span class='ocrx_word' id='word_1_177' title='bbox 611 1985 720 2024; x_wconf 83' lang='lat' dir='ltr'>illud</span> <span class='ocrx_word' id='word_1_178' title='bbox 750 1984 984 2024; x_wconf 77' lang='lat' dir='ltr'>salubriter</span> <span class='ocrx_word' id='word_1_179' title='bbox 1021 1983 1202 2023; x_wconf 78' lang='lat' dir='ltr'>discitur</span> <span class='ocrx_word' id='word_1_180' title='bbox 1240 1990 1399 2035; x_wconf 79' lang='lat' dir='ltr'>quanta</span> <span class='ocrx_word' id='word_1_181' title='bbox 1434 1981 1574 2033; x_wconf 76' lang='lat' dir='ltr'>possit</span> <span class='ocrx_word' id='word_1_182' title='bbox 1606 1993 1695 2020; x_wconf 76' lang='lat' dir='ltr'>esse</span> <span class='ocrx_word' id='word_1_183' title='bbox 1735 1993 1801 2020; x_wconf 83' lang='lat' dir='ltr'>re·</span> <span class='ocrx_word' id='word_1_184' title='bbox 1817 1988 1857 2020; x_wconf 77' lang='lat'>25</span> 
     </span>
     <span class='ocr_line' id='line_1_27' title="bbox 488 2050 1803 2107; baseline -0.005 -12"><span class='ocrx_word' id='word_1_185' title='bbox 488 2055 738 2095; x_wconf 83' lang='lat' dir='ltr'>muneracio</span> <span class='ocrx_word' id='word_1_186' title='bbox 764 2067 848 2107; x_wconf 79' lang='lat' dir='ltr'>pro</span> <span class='ocrx_word' id='word_1_187' title='bbox 881 2053 1144 2103; x_wconf 81' lang='lat' dir='ltr'>elemosinis;</span> <span class='ocrx_word' id='word_1_188' title='bbox 1164 2065 1272 2106; x_wconf 79' lang='lat' dir='ltr'>quas</span> <span class='ocrx_word' id='word_1_189' title='bbox 1304 2051 1534 2091; x_wconf 71' lang='lat' dir='ltr'>viventibus</span> <span class='ocrx_word' id='word_1_190' title='bbox 1558 2057 1593 2089; x_wconf 85' lang='lat' dir='ltr'>et</span> <span class='ocrx_word' id='word_1_191' title='bbox 1615 2050 1803 2090; x_wconf 82' lang='lat' dir='ltr'>sencien-</span> 
     </span>
     <span class='ocr_line' id='line_1_28' title="bbox 489 2119 1806 2176; baseline -0.005 -12"><span class='ocrx_word' id='word_1_192' title='bbox 489 2126 598 2164; x_wconf 82' lang='lat' dir='ltr'>tibus</span> <span class='ocrx_word' id='word_1_193' title='bbox 632 2124 863 2174; x_wconf 78' lang='lat' dir='ltr'>exibemus,</span> <span class='ocrx_word' id='word_1_194' title='bbox 886 2122 962 2162; x_wconf 81' lang='lat' dir='ltr'>sed</span> <span class='ocrx_word' id='word_1_195' title='bbox 995 2136 1127 2176; x_wconf 77' lang='lat' dir='ltr'>neque</span> <span class='ocrx_word' id='word_1_196' title='bbox 1148 2123 1226 2161; x_wconf 86' lang='lat' dir='ltr'>hoc</span> <span class='ocrx_word' id='word_1_197' title='bbox 1248 2120 1365 2174; x_wconf 78' lang='lat' dir='ltr'>apud</span> <span class='ocrx_word' id='word_1_198' title='bbox 1388 2121 1528 2159; x_wconf 83' lang='lat' dir='ltr'>Deum</span> <span class='ocrx_word' id='word_1_199' title='bbox 1554 2121 1672 2172; x_wconf 81' lang='lat' dir='ltr'>perit</span> <span class='ocrx_word' id='word_1_200' title='bbox 1693 2119 1806 2172; x_wconf 82' lang='lat' dir='ltr'>quod</span> 
     </span>
     <span class='ocr_line' id='line_1_29' title="bbox 487 2190 1805 2243; baseline -0.005 -9"><span class='ocrx_word' id='word_1_201' title='bbox 487 2209 541 2235; x_wconf 88' lang='lat' dir='ltr'>ex</span> <span class='ocrx_word' id='word_1_202' title='bbox 572 2194 727 2234; x_wconf 79' lang='lat' dir='ltr'>animis</span> <span class='ocrx_word' id='word_1_203' title='bbox 767 2193 985 2232; x_wconf 79' lang='lat' dir='ltr'>hominum</span> <span class='ocrx_word' id='word_1_204' title='bbox 1026 2192 1225 2231; x_wconf 82' lang='lat' dir='ltr'>membris</span> <span class='ocrx_word' id='word_1_205' title='bbox 1265 2190 1400 2243; x_wconf 72' lang='lat' dir='ltr'>officii</span> <span class='ocrx_word' id='word_1_206' title='bbox 1431 2190 1664 2243; x_wconf 79' lang='lat' dir='ltr'>diligencia</span> <span class='ocrx_word' id='word_1_207' title='bbox 1703 2202 1805 2241; x_wconf 79' lang='lat' dir='ltr'>per-</span> 
     </span>
    </p>

    <p class='ocr_par' dir='ltr' id='par_1_6' title="bbox 200 2259 1862 2457">
     <span class='ocr_line' id='line_1_30' title="bbox 200 2259 1804 2320; baseline -0.009 -9"><span class='ocrx_word' id='word_1_208' title='bbox 200 2293 231 2312; x_wconf 77' lang='lat' dir='ltr'>as</span> <span class='ocrx_word' id='word_1_209' title='bbox 255 2285 363 2320; x_wconf 76' lang='lat' dir='ltr'>by100</span> <span class='ocrx_word' id='word_1_210' title='bbox 382 2265 691 2311; x_wconf 69' lang='lat' dir='ltr'>muchsolvatur.</span> <span class='ocrx_word' id='word_1_211' title='bbox 741 2264 799 2302; x_wconf 86' lang='lat' dir='ltr'>Ex</span> <span class='ocrx_word' id='word_1_212' title='bbox 846 2276 931 2315; x_wconf 84' lang='lat' dir='ltr'>quo</span> <span class='ocrx_word' id='word_1_213' title='bbox 978 2262 1144 2300; x_wconf 89' lang='lat' dir='ltr'>videtur</span> <span class='ocrx_word' id='word_1_214' title='bbox 1192 2261 1308 2313; x_wconf 88' lang='lat' dir='ltr'>quod</span> <span class='ocrx_word' id='word_1_215' title='bbox 1364 2260 1529 2299; x_wconf 83' lang='lat' dir='ltr'>racione</span> <span class='ocrx_word' id='word_1_216' title='bbox 1577 2259 1804 2299; x_wconf 88' lang='lat' dir='ltr'>elemosine</span> 
     </span>
     <span class='ocr_line' id='line_1_31' title="bbox 201 2319 1862 2388; baseline -0.005 -14"><span class='ocrx_word' id='word_1_217' title='bbox 201 2327 272 2347; x_wconf 74' lang='lat' dir='ltr'>care</span> <span class='ocrx_word' id='word_1_218' title='bbox 294 2319 342 2346; x_wconf 58' lang='lat' dir='ltr'>for</span> <span class='ocrx_word' id='word_1_219' title='bbox 363 2320 462 2346; x_wconf 66' lang='lat' dir='ltr'>⁵¹³⁰W&#39;</span> <span class='ocrx_word' id='word_1_220' title='bbox 489 2343 668 2388; x_wconf 89' lang='lat' dir='ltr'>prosunt</span> <span class='ocrx_word' id='word_1_221' title='bbox 715 2332 923 2371; x_wconf 88' lang='lat' dir='ltr'>defunctis</span> <span class='ocrx_word' id='word_1_222' title='bbox 970 2332 1067 2370; x_wconf 82' lang='lat' dir='ltr'>talia</span> <span class='ocrx_word' id='word_1_223' title='bbox 1113 2330 1333 2383; x_wconf 74' lang='lat' dir='ltr'>obsequia,</span> <span class='ocrx_word' id='word_1_224' title='bbox 1383 2338 1422 2368; x_wconf 88' lang='lat' dir='ltr'>et</span> <span class='ocrx_word' id='word_1_225' title='bbox 1473 2330 1631 2368; x_wconf 91' lang='lat' dir='ltr'>obsunt</span> <span class='ocrx_word' id='word_1_226' title='bbox 1663 2328 1720 2367; x_wconf 88' lang='lat' dir='ltr'>eis</span> <span class='ocrx_word' id='word_1_227' title='bbox 1753 2328 1862 2367; x_wconf 83' lang='lat' dir='ltr'>de30</span> 
     </span>
     <span class='ocr_line' id='line_1_32' title="bbox 489 2398 1805 2457; baseline -0.006 -14"><span class='ocrx_word' id='word_1_228' title='bbox 489 2412 650 2457; x_wconf 88' lang='lat' dir='ltr'>quanto</span> <span class='ocrx_word' id='word_1_229' title='bbox 691 2403 872 2441; x_wconf 81' lang='lat' dir='ltr'>excitant</span> <span class='ocrx_word' id='word_1_230' title='bbox 905 2401 1145 2440; x_wconf 84' lang='lat' dir='ltr'>affectantes</span> <span class='ocrx_word' id='word_1_231' title='bbox 1180 2400 1231 2439; x_wconf 83' lang='lat' dir='ltr'>ad</span> <span class='ocrx_word' id='word_1_232' title='bbox 1270 2399 1551 2439; x_wconf 88' lang='lat' dir='ltr'>affectandum</span> <span class='ocrx_word' id='word_1_233' title='bbox 1581 2398 1805 2450; x_wconf 90' lang='lat' dir='ltr'>splenden-</span> 
     </span>
    </p>
   </div>
   <div class='ocr_carea' id='block_1_3' title="bbox 490 2466 1804 2523">
    <p class='ocr_par' dir='ltr' id='par_1_7' title="bbox 490 2466 1804 2523">
     <span class='ocr_line' id='line_1_33' title="bbox 490 2466 1804 2523; baseline -0.005 -11"><span class='ocrx_word' id='word_1_234' title='bbox 490 2475 595 2513; x_wconf 89' lang='lat' dir='ltr'>ciam</span> <span class='ocrx_word' id='word_1_235' title='bbox 651 2473 691 2511; x_wconf 87' lang='lat' dir='ltr'>in</span> <span class='ocrx_word' id='word_1_236' title='bbox 747 2471 898 2510; x_wconf 86' lang='lat' dir='ltr'>mundi</span> <span class='ocrx_word' id='word_1_237' title='bbox 951 2470 1097 2523; x_wconf 82' lang='lat' dir='ltr'>gloria,</span> <span class='ocrx_word' id='word_1_238' title='bbox 1150 2470 1438 2522; x_wconf 80' lang='lat' dir='ltr'>accusantque</span> <span class='ocrx_word' id='word_1_239' title='bbox 1490 2476 1698 2517; x_wconf 84' lang='lat' dir='ltr'>mortuos,</span> <span class='ocrx_word' id='word_1_240' title='bbox 1754 2466 1804 2505; x_wconf 92' lang='lat' dir='ltr'>de</span> 
     </span>
    </p>
   </div>
   <div class='ocr_carea' id='block_1_4' title="bbox 492 2612 1801 2746">
    <p class='ocr_par' dir='ltr' id='par_1_8' title="bbox 492 2612 1801 2746">
     <span class='ocr_line' id='line_1_34' title="bbox 542 2612 1801 2654; baseline -0.006 -7"><span class='ocrx_word' id='word_1_241' title='bbox 542 2620 579 2648; x_wconf 80' lang='lat'>13.</span> <span class='ocrx_word' id='word_1_242' title='bbox 593 2621 620 2647; x_wconf 90' lang='lat' dir='ltr'><strong>A</strong></span> <span class='ocrx_word' id='word_1_243' title='bbox 632 2620 661 2647; x_wconf 90' lang='lat' dir='ltr'>in</span> <span class='ocrx_word' id='word_1_244' title='bbox 675 2627 772 2654; x_wconf 76' lang='lat' dir='ltr'>marg.</span> <span class='ocrx_word' id='word_1_245' title='bbox 785 2628 791 2645; x_wconf 91' lang='lat'><strong>:</strong></span> <span class='ocrx_word' id='word_1_246' title='bbox 805 2618 884 2646; x_wconf 88' lang='lat' dir='ltr'>Nota</span> <span class='ocrx_word' id='word_1_247' title='bbox 897 2618 1146 2646; x_wconf 83' lang='lat' dir='ltr'>efficacissimum</span> <span class='ocrx_word' id='word_1_248' title='bbox 1159 2617 1343 2651; x_wconf 81' lang='lat' dir='ltr'>suffragium</span> <span class='ocrx_word' id='word_1_249' title='bbox 1357 2619 1565 2643; x_wconf 86' lang='lat' dir='ltr'>mortuorum.</span> <span class='ocrx_word' id='word_1_250' title='bbox 1673 2621 1719 2640; x_wconf 88' lang='lat'>20.</span> <span class='ocrx_word' id='word_1_251' title='bbox 1732 2612 1801 2640; x_wconf 90' lang='lat' dir='ltr'>Ain</span> 
     </span>
     <span class='ocr_line' id='line_1_35' title="bbox 492 2660 1798 2701; baseline -0.006 -8"><span class='ocrx_word' id='word_1_252' title='bbox 492 2674 607 2701; x_wconf 76' lang='lat' dir='ltr'>marg.z</span> <span class='ocrx_word' id='word_1_253' title='bbox 628 2665 709 2693; x_wconf 87' lang='lat' dir='ltr'>Nota</span> <span class='ocrx_word' id='word_1_254' title='bbox 730 2673 785 2700; x_wconf 87' lang='lat' dir='ltr'>pro</span> <span class='ocrx_word' id='word_1_255' title='bbox 807 2665 944 2700; x_wconf 86' lang='lat' dir='ltr'>exequiis</span> <span class='ocrx_word' id='word_1_256' title='bbox 966 2669 993 2691; x_wconf 85' lang='lat' dir='ltr'>et</span> <span class='ocrx_word' id='word_1_257' title='bbox 1015 2664 1173 2699; x_wconf 83' lang='lat' dir='ltr'>sepultura</span> <span class='ocrx_word' id='word_1_258' title='bbox 1193 2664 1274 2690; x_wconf 85' lang='lat' dir='ltr'>circa</span> <span class='ocrx_word' id='word_1_259' title='bbox 1295 2662 1450 2689; x_wconf 82' lang='lat' dir='ltr'>ecclesias.</span> <span class='ocrx_word' id='word_1_260' title='bbox 1595 2660 1635 2688; x_wconf 89' lang='lat'>25.</span> <span class='ocrx_word' id='word_1_261' title='bbox 1659 2660 1697 2686; x_wconf 85' lang='lat' dir='ltr'>B:</span> <span class='ocrx_word' id='word_1_262' title='bbox 1719 2660 1798 2686; x_wconf 85' lang='lat' dir='ltr'>salu-</span> 
     </span>
     <span class='ocr_line' id='line_1_36' title="bbox 492 2708 1622 2746; baseline -0.006 -6"><span class='ocrx_word' id='word_1_263' title='bbox 492 2713 584 2740; x_wconf 84' lang='lat' dir='ltr'>briter</span> <span class='ocrx_word' id='word_1_264' title='bbox 604 2713 781 2740; x_wconf 88' lang='lat' dir='ltr'>dimittitur.</span> <span class='ocrx_word' id='word_1_265' title='bbox 923 2711 971 2738; x_wconf 82' lang='lat'>28.</span> <span class='ocrx_word' id='word_1_266' title='bbox 993 2709 1231 2746; x_wconf 85' lang='lat' dir='ltr'>diligentiaeque</span> <span class='ocrx_word' id='word_1_267' title='bbox 1251 2709 1439 2745; x_wconf 88' lang='lat' dir='ltr'>persolvitur</span> <span class='ocrx_word' id='word_1_268' title='bbox 1460 2709 1489 2735; x_wconf 92' lang='lat' dir='ltr'>in</span> <span class='ocrx_word' id='word_1_269' title='bbox 1511 2708 1622 2735; x_wconf 85' lang='lat' dir='ltr'>decret.</span> 
     </span>
    </p>
   </div>
   <div class='ocr_carea' id='block_1_5' title="bbox 552 2825 1582 2873">
    <p class='ocr_par' dir='ltr' id='par_1_9' title="bbox 552 2825 1582 2873">
     <span class='ocr_line' id='line_1_37' title="bbox 552 2825 1582 2873; baseline -0.006 -10"><span class='ocrx_word' id='word_1_270' title='bbox 552 2831 603 2863; x_wconf 78' lang='lat'>23.</span> <span class='ocrx_word' id='word_1_271' title='bbox 633 2831 765 2862; x_wconf 85' lang='lat' dir='ltr'>Decret.</span> <span class='ocrx_word' id='word_1_272' title='bbox 794 2840 861 2863; x_wconf 87' lang='lat' dir='ltr'>sec.</span> <span class='ocrx_word' id='word_1_273' title='bbox 888 2840 977 2873; x_wconf 82' lang='lat' dir='ltr'>pars,</span> <span class='ocrx_word' id='word_1_274' title='bbox 1006 2839 1108 2862; x_wconf 84' lang='lat' dir='ltr'>causa</span> <span class='ocrx_word' id='word_1_275' title='bbox 1137 2829 1223 2868; x_wconf 84' lang='lat' dir='ltr'>XIII,</span> <span class='ocrx_word' id='word_1_276' title='bbox 1252 2838 1284 2871; x_wconf 86' lang='lat' dir='ltr'>q.</span> <span class='ocrx_word' id='word_1_277' title='bbox 1312 2828 1350 2868; x_wconf 93' lang='lat' dir='ltr'>II,</span> <span class='ocrx_word' id='word_1_278' title='bbox 1378 2837 1450 2870; x_wconf 88' lang='lat' dir='ltr'>cap.</span> <span class='ocrx_word' id='word_1_279' title='bbox 1478 2825 1582 2858; x_wconf 88' lang='lat' dir='ltr'>XXII.</span> 
     </span>
    </p>
   </div>
  </div>
 </body>
</html>
