<?xml version="1.0" encoding="UTF-8"?>
<!DOCTYPE html PUBLIC "-//W3C//DTD XHTML 1.0 Transitional//EN"
    "http://www.w3.org/TR/xhtml1/DTD/xhtml1-transitional.dtd">
<html xmlns="http://www.w3.org/1999/xhtml" xml:lang="en" lang="en">
 <head>
  <title>
</title>
<meta http-equiv="Content-Type" content="text/html;charset=utf-8" />
  <meta name='ocr-system' content='tesseract 3.04.00' />
  <meta name='ocr-capabilities' content='ocr_page ocr_carea ocr_par ocr_line ocrx_word'/>
</head>
<body>
  <div class='ocr_page' id='page_1' title='image "./tractatusdeeccle00wycl_0497.png"; bbox 0 0 2051 3273; ppageno 0'>
   <div class='ocr_carea' id='block_1_1' title="bbox 215 230 1809 290">
    <p class='ocr_par' dir='ltr' id='par_1_1' title="bbox 215 230 1809 290">
     <span class='ocr_line' id='line_1_1' title="bbox 215 230 1809 290; baseline 0.004 -21"><span class='ocrx_word' id='word_1_1' title='bbox 215 230 416 290; x_wconf 79' lang='lat' dir='ltr'>CAP.X1X.]</span> <span class='ocrx_word' id='word_1_2' title='bbox 709 244 768 276; x_wconf 85' lang='lat' dir='ltr'>DE</span> <span class='ocrx_word' id='word_1_3' title='bbox 795 244 1028 276; x_wconf 76' lang='lat' dir='ltr'>ECCLESIA.</span> <span class='ocrx_word' id='word_1_4' title='bbox 1728 236 1809 287; x_wconf 79' lang='lat'>463</span> 
     </span>
    </p>
   </div>
   <div class='ocr_carea' id='block_1_2' title="bbox 62 348 1812 2557">
    <p class='ocr_par' dir='ltr' id='par_1_2' title="bbox 62 348 1812 2557">
     <span class='ocr_line' id='line_1_2' title="bbox 62 348 1518 402; baseline 0 -16"><span class='ocrx_word' id='word_1_5' title='bbox 62 359 362 402; x_wconf 69' lang='lat' dir='ltr'>31920ymm0</span> <span class='ocrx_word' id='word_1_6' title='bbox 396 348 618 388; x_wconf 85' lang='lat' dir='ltr'>affeccione</span> <span class='ocrx_word' id='word_1_7' title='bbox 659 349 873 388; x_wconf 86' lang='lat' dir='ltr'>commodi</span> <span class='ocrx_word' id='word_1_8' title='bbox 906 349 984 388; x_wconf 92' lang='lat' dir='ltr'>hoc</span> <span class='ocrx_word' id='word_1_9' title='bbox 1018 348 1179 388; x_wconf 89' lang='lat' dir='ltr'>censuit</span> <span class='ocrx_word' id='word_1_10' title='bbox 1216 348 1301 387; x_wconf 83' lang='lat' dir='ltr'>fore</span> <span class='ocrx_word' id='word_1_11' title='bbox 1333 348 1518 400; x_wconf 77' lang='lat' dir='ltr'>lucrum3</span> 
     </span>
     <span class='ocr_line' id='line_1_3' title="bbox 212 417 1522 470; baseline -0.001 -14"><span class='ocrx_word' id='word_1_12' title='bbox 212 426 326 469; x_wconf 91' lang='lat' dir='ltr'>patet</span> <span class='ocrx_word' id='word_1_13' title='bbox 368 420 461 457; x_wconf 87' lang='lat' dir='ltr'>Act.</span> <span class='ocrx_word' id='word_1_14' title='bbox 507 418 636 458; x_wconf 87' lang='lat' dir='ltr'>V1110.</span> <span class='ocrx_word' id='word_1_15' title='bbox 688 418 824 457; x_wconf 90' lang='lat' dir='ltr'>Multo</span> <span class='ocrx_word' id='word_1_16' title='bbox 875 417 1008 469; x_wconf 84' lang='lat' dir='ltr'>magis</span> <span class='ocrx_word' id='word_1_17' title='bbox 1052 417 1184 456; x_wconf 86' lang='lat' dir='ltr'>fidelis</span> <span class='ocrx_word' id='word_1_18' title='bbox 1232 417 1362 455; x_wconf 89' lang='lat' dir='ltr'>sciens</span> <span class='ocrx_word' id='word_1_19' title='bbox 1408 418 1522 470; x_wconf 87' lang='lat' dir='ltr'>quod</span> 
     </span>
     <span class='ocr_line' id='line_1_4' title="bbox 213 485 1523 539; baseline 0.001 -14"><span class='ocrx_word' id='word_1_20' title='bbox 213 495 396 538; x_wconf 88' lang='lat' dir='ltr'>potestas</span> <span class='ocrx_word' id='word_1_21' title='bbox 418 486 593 526; x_wconf 90' lang='lat' dir='ltr'>faciendi</span> <span class='ocrx_word' id='word_1_22' title='bbox 616 486 814 525; x_wconf 89' lang='lat' dir='ltr'>miracula</span> <span class='ocrx_word' id='word_1_23' title='bbox 843 487 937 539; x_wconf 90' lang='lat' dir='ltr'>plus</span> <span class='ocrx_word' id='word_1_24' title='bbox 960 486 1266 526; x_wconf 88' lang='lat' dir='ltr'>lucrefaciendo</span> <span class='ocrx_word' id='word_1_25' title='bbox 1289 485 1523 538; x_wconf 79' lang='lat' dir='ltr'>pacificaret</span> 
     </span>
     <span class='ocr_line' id='line_1_5' title="bbox 214 555 1521 609; baseline 0.001 -15"><span class='ocrx_word' id='word_1_26' title='bbox 214 556 431 595; x_wconf 87' lang='lat' dir='ltr'>ecclesiam</span> <span class='ocrx_word' id='word_1_27' title='bbox 475 570 604 608; x_wconf 88' lang='lat' dir='ltr'>quam</span> <span class='ocrx_word' id='word_1_28' title='bbox 648 556 831 609; x_wconf 83' lang='lat' dir='ltr'>quelibet</span> <span class='ocrx_word' id='word_1_29' title='bbox 871 555 1016 595; x_wconf 81' lang='lat' dir='ltr'>divicie</span> <span class='ocrx_word' id='word_1_30' title='bbox 1060 555 1324 608; x_wconf 86' lang='lat' dir='ltr'>temporales.</span> <span class='ocrx_word' id='word_1_31' title='bbox 1380 557 1432 595; x_wconf 87' lang='lat' dir='ltr'>Et</span> <span class='ocrx_word' id='word_1_32' title='bbox 1476 570 1521 595; x_wconf 85' lang='lat' dir='ltr'>ex</span> 
     </span>
     <span class='ocr_line' id='line_1_6' title="bbox 180 624 1812 698; baseline -0.001 -35"><span class='ocrx_word' id='word_1_33' title='bbox 180 635 196 667; x_wconf 87' lang='grc'>5</span> <span class='ocrx_word' id='word_1_34' title='bbox 214 624 301 664; x_wconf 89' lang='lat' dir='ltr'>istis</span> <span class='ocrx_word' id='word_1_35' title='bbox 323 634 435 677; x_wconf 90' lang='lat' dir='ltr'>patet</span> <span class='ocrx_word' id='word_1_36' title='bbox 457 625 584 664; x_wconf 90' lang='lat' dir='ltr'>tercio</span> <span class='ocrx_word' id='word_1_37' title='bbox 609 627 723 678; x_wconf 89' lang='lat' dir='ltr'>quod</span> <span class='ocrx_word' id='word_1_38' title='bbox 747 625 956 664; x_wconf 84' lang='lat' dir='ltr'>seminans</span> <span class='ocrx_word' id='word_1_39' title='bbox 979 625 1082 665; x_wconf 91' lang='lat' dir='ltr'>illud</span> <span class='ocrx_word' id='word_1_40' title='bbox 1116 626 1271 679; x_wconf 85' lang='lat' dir='ltr'>dogma</span> <span class='ocrx_word' id='word_1_41' title='bbox 1294 626 1335 664; x_wconf 92' lang='lat' dir='ltr'>in</span> <span class='ocrx_word' id='word_1_42' title='bbox 1359 626 1522 678; x_wconf 88' lang='lat' dir='ltr'>populo</span> <span class='ocrx_word' id='word_1_43' title='bbox 1540 635 1642 697; x_wconf 31' lang='lat' dir='ltr'>wli-{se</span> <span class='ocrx_word' id='word_1_44' title='bbox 1669 636 1812 698; x_wconf 47' lang='lat' dir='ltr'>tgachgng</span> 
     </span>
     <span class='ocr_line' id='line_1_7' title="bbox 212 679 1799 766; baseline -0.001 -34"><span class='ocrx_word' id='word_1_45' title='bbox 212 707 298 733; x_wconf 90' lang='lat' dir='ltr'>non</span> <span class='ocrx_word' id='word_1_46' title='bbox 324 694 430 734; x_wconf 90' lang='lat' dir='ltr'>foret</span> <span class='ocrx_word' id='word_1_47' title='bbox 452 704 497 733; x_wconf 90' lang='lat' dir='ltr'>ut</span> <span class='ocrx_word' id='word_1_48' title='bbox 519 695 575 734; x_wconf 88' lang='lat' dir='ltr'>sic</span> <span class='ocrx_word' id='word_1_49' title='bbox 599 694 710 733; x_wconf 91' lang='lat' dir='ltr'>utilis</span> <span class='ocrx_word' id='word_1_50' title='bbox 726 704 973 747; x_wconf 88' lang='lat' dir='ltr'>procurator</span> <span class='ocrx_word' id='word_1_51' title='bbox 993 695 1057 734; x_wconf 86' lang='lat' dir='ltr'>vel</span> <span class='ocrx_word' id='word_1_52' title='bbox 1079 695 1267 735; x_wconf 84' lang='lat' dir='ltr'>minister</span> <span class='ocrx_word' id='word_1_53' title='bbox 1288 709 1525 748; x_wconf 84' lang='lat' dir='ltr'>pauperum</span> <span class='ocrx_word' id='word_1_54' title='bbox 1547 679 1744 766; x_wconf 40' lang='grc' dir='ltr'>κῗνὲυιΐεῗςῗᾜζ</span> <span class='ocrx_word' id='word_1_55' title='bbox 1763 705 1799 732; x_wconf 76' lang='lat' dir='ltr'>au</span> 
     </span>
     <span class='ocr_line' id='line_1_8' title="bbox 211 745 1810 816; baseline 0.001 -14"><span class='ocrx_word' id='word_1_56' title='bbox 211 764 284 802; x_wconf 94' lang='lat' dir='ltr'>sed</span> <span class='ocrx_word' id='word_1_57' title='bbox 316 764 453 816; x_wconf 82' lang='lat' dir='ltr'><strong>egenis</strong></span> <span class='ocrx_word' id='word_1_58' title='bbox 488 764 641 804; x_wconf 78' lang='lat' dir='ltr'>Christi</span> <span class='ocrx_word' id='word_1_59' title='bbox 674 778 721 803; x_wconf 84' lang='lat' dir='ltr'>ex</span> <span class='ocrx_word' id='word_1_60' title='bbox 754 765 942 804; x_wconf 89' lang='lat' dir='ltr'>doctrina</span> <span class='ocrx_word' id='word_1_61' title='bbox 975 765 1050 804; x_wconf 85' lang='lat' dir='ltr'>sibi</span> <span class='ocrx_word' id='word_1_62' title='bbox 1084 765 1289 804; x_wconf 88' lang='lat' dir='ltr'>contraria</span> <span class='ocrx_word' id='word_1_63' title='bbox 1320 745 1810 803; x_wconf 63' lang='lat' dir='ltr'>subdolusamstotiepoor.</span> 
     </span>
     <span class='ocr_line' id='line_1_9' title="bbox 211 832 1521 887; baseline 0.002 -17"><span class='ocrx_word' id='word_1_64' title='bbox 211 832 420 873; x_wconf 89' lang='lat' dir='ltr'>inimicus.</span> <span class='ocrx_word' id='word_1_65' title='bbox 454 835 564 873; x_wconf 87' lang='lat' dir='ltr'>Nam</span> <span class='ocrx_word' id='word_1_66' title='bbox 595 834 730 886; x_wconf 80' lang='lat' dir='ltr'>gracia</span> <span class='ocrx_word' id='word_1_67' title='bbox 763 843 802 872; x_wconf 90' lang='lat' dir='ltr'>et</span> <span class='ocrx_word' id='word_1_68' title='bbox 835 834 979 874; x_wconf 89' lang='lat' dir='ltr'>caritas</span> <span class='ocrx_word' id='word_1_69' title='bbox 1004 843 1100 874; x_wconf 90' lang='lat' dir='ltr'>sunt</span> <span class='ocrx_word' id='word_1_70' title='bbox 1122 834 1319 887; x_wconf 87' lang='lat' dir='ltr'>precipua</span> <span class='ocrx_word' id='word_1_71' title='bbox 1340 843 1521 887; x_wconf 89' lang='lat' dir='ltr'>potestas</span> 
     </span>
     <span class='ocr_line' id='line_1_10' title="bbox 214 901 1522 956; baseline 0.002 -17"><span class='ocrx_word' id='word_1_72' title='bbox 214 901 389 941; x_wconf 88' lang='lat' dir='ltr'>faciendi</span> <span class='ocrx_word' id='word_1_73' title='bbox 423 901 638 955; x_wconf 76' lang='lat' dir='ltr'>miracula,</span> <span class='ocrx_word' id='word_1_74' title='bbox 672 903 771 956; x_wconf 89' lang='lat' dir='ltr'>quia</span> <span class='ocrx_word' id='word_1_75' title='bbox 802 903 871 942; x_wconf 92' lang='lat' dir='ltr'>illa</span> <span class='ocrx_word' id='word_1_76' title='bbox 903 913 999 943; x_wconf 90' lang='lat' dir='ltr'>sunt</span> <span class='ocrx_word' id='word_1_77' title='bbox 1031 917 1103 956; x_wconf 89' lang='lat' dir='ltr'>per</span> <span class='ocrx_word' id='word_1_78' title='bbox 1135 918 1177 943; x_wconf 91' lang='lat' dir='ltr'>se</span> <span class='ocrx_word' id='word_1_79' title='bbox 1204 904 1315 942; x_wconf 90' lang='lat' dir='ltr'>bona</span> <span class='ocrx_word' id='word_1_80' title='bbox 1346 917 1419 956; x_wconf 85' lang='lat' dir='ltr'>per</span> <span class='ocrx_word' id='word_1_81' title='bbox 1441 917 1522 956; x_wconf 88' lang='lat' dir='ltr'>que</span> 
     </span>
     <span class='ocr_line' id='line_1_11' title="bbox 160 972 1520 1026; baseline -0.002 -13"><span class='ocrx_word' id='word_1_82' title='bbox 160 993 198 1014; x_wconf 92' lang='lat'>10</span> <span class='ocrx_word' id='word_1_83' title='bbox 217 972 391 1011; x_wconf 82' lang='lat' dir='ltr'>docetur</span> <span class='ocrx_word' id='word_1_84' title='bbox 422 972 553 1012; x_wconf 86' lang='lat' dir='ltr'>homo</span> <span class='ocrx_word' id='word_1_85' title='bbox 577 974 784 1012; x_wconf 83' lang='lat' dir='ltr'>mundum</span> <span class='ocrx_word' id='word_1_86' title='bbox 811 982 849 1011; x_wconf 89' lang='lat' dir='ltr'>et</span> <span class='ocrx_word' id='word_1_87' title='bbox 871 982 1038 1025; x_wconf 81' lang='lat' dir='ltr'>peccata</span> <span class='ocrx_word' id='word_1_88' title='bbox 1070 973 1302 1026; x_wconf 81' lang='lat' dir='ltr'>relinquere</span> <span class='ocrx_word' id='word_1_89' title='bbox 1326 982 1364 1012; x_wconf 92' lang='lat' dir='ltr'>et</span> <span class='ocrx_word' id='word_1_90' title='bbox 1389 974 1520 1012; x_wconf 84' lang='lat' dir='ltr'>Deum</span> 
     </span>
     <span class='ocr_line' id='line_1_12' title="bbox 215 1040 1522 1094; baseline 0.003 -16"><span class='ocrx_word' id='word_1_91' title='bbox 215 1040 400 1093; x_wconf 83' lang='lat' dir='ltr'>diligere;</span> <span class='ocrx_word' id='word_1_92' title='bbox 433 1043 548 1094; x_wconf 91' lang='lat' dir='ltr'>quod</span> <span class='ocrx_word' id='word_1_93' title='bbox 572 1052 632 1081; x_wconf 89' lang='lat' dir='ltr'>est</span> <span class='ocrx_word' id='word_1_94' title='bbox 655 1056 762 1094; x_wconf 88' lang='lat' dir='ltr'>opus</span> <span class='ocrx_word' id='word_1_95' title='bbox 785 1042 1181 1082; x_wconf 80' lang='lat' dir='ltr'>excellentissimum</span> <span class='ocrx_word' id='word_1_96' title='bbox 1207 1043 1391 1082; x_wconf 87' lang='lat' dir='ltr'>viatoris.</span> <span class='ocrx_word' id='word_1_97' title='bbox 1427 1043 1522 1082; x_wconf 88' lang='lat' dir='ltr'>Ideo</span> 
     </span>
     <span class='ocr_line' id='line_1_13' title="bbox 213 1110 1524 1164; baseline 0.002 -16"><span class='ocrx_word' id='word_1_98' title='bbox 213 1110 243 1148; x_wconf 93' lang='lat' dir='ltr'>si</span> <span class='ocrx_word' id='word_1_99' title='bbox 267 1111 368 1149; x_wconf 92' lang='lat' dir='ltr'>illud</span> <span class='ocrx_word' id='word_1_100' title='bbox 392 1112 577 1163; x_wconf 86' lang='lat' dir='ltr'>porisma</span> <span class='ocrx_word' id='word_1_101' title='bbox 599 1125 671 1164; x_wconf 92' lang='lat' dir='ltr'>per</span> <span class='ocrx_word' id='word_1_102' title='bbox 692 1112 950 1164; x_wconf 87' lang='lat' dir='ltr'>impossibile</span> <span class='ocrx_word' id='word_1_103' title='bbox 980 1112 1084 1151; x_wconf 83' lang='lat' dir='ltr'>foret</span> <span class='ocrx_word' id='word_1_104' title='bbox 1112 1126 1271 1163; x_wconf 84' lang='lat' dir='ltr'>verum,</span> <span class='ocrx_word' id='word_1_105' title='bbox 1297 1122 1395 1151; x_wconf 85' lang='lat' dir='ltr'>tunc</span> <span class='ocrx_word' id='word_1_106' title='bbox 1419 1113 1524 1152; x_wconf 87' lang='lat' dir='ltr'>sicut</span> 
     </span>
     <span class='ocr_line' id='line_1_14' title="bbox 214 1182 1523 1234; baseline 0.001 -15"><span class='ocrx_word' id='word_1_107' title='bbox 214 1194 340 1219; x_wconf 82' lang='lat' dir='ltr'>nemo</span> <span class='ocrx_word' id='word_1_108' title='bbox 356 1189 519 1220; x_wconf 88' lang='lat' dir='ltr'>tenetur</span> <span class='ocrx_word' id='word_1_109' title='bbox 533 1182 709 1220; x_wconf 82' lang='lat' dir='ltr'>alienare</span> <span class='ocrx_word' id='word_1_110' title='bbox 724 1196 746 1220; x_wconf 88' lang='lat' dir='ltr'>a</span> <span class='ocrx_word' id='word_1_111' title='bbox 760 1196 802 1221; x_wconf 93' lang='lat' dir='ltr'>se</span> <span class='ocrx_word' id='word_1_112' title='bbox 818 1182 1030 1221; x_wconf 84' lang='lat' dir='ltr'>caritatem</span> <span class='ocrx_word' id='word_1_113' title='bbox 1039 1182 1102 1221; x_wconf 83' lang='lat' dir='ltr'>vel</span> <span class='ocrx_word' id='word_1_114' title='bbox 1112 1182 1300 1234; x_wconf 81' lang='lat' dir='ltr'>spiritum</span> <span class='ocrx_word' id='word_1_115' title='bbox 1319 1191 1523 1233; x_wconf 74' lang='lat' dir='ltr'>sanctum,</span> 
     </span>
     <span class='ocr_line' id='line_1_15' title="bbox 214 1251 1521 1304; baseline 0.002 -15"><span class='ocrx_word' id='word_1_116' title='bbox 214 1251 270 1289; x_wconf 90' lang='lat' dir='ltr'>sic</span> <span class='ocrx_word' id='word_1_117' title='bbox 315 1265 440 1290; x_wconf 86' lang='lat' dir='ltr'>nemo</span> <span class='ocrx_word' id='word_1_118' title='bbox 480 1260 689 1290; x_wconf 89' lang='lat' dir='ltr'>teneretur</span> <span class='ocrx_word' id='word_1_119' title='bbox 720 1252 970 1304; x_wconf 81' lang='lat' dir='ltr'>temporalia</span> <span class='ocrx_word' id='word_1_120' title='bbox 1013 1252 1266 1304; x_wconf 87' lang='lat' dir='ltr'>pauperibus</span> <span class='ocrx_word' id='word_1_121' title='bbox 1304 1252 1521 1304; x_wconf 84' lang='lat' dir='ltr'>impertiri.</span> 
     </span>
     <span class='ocr_line' id='line_1_16' title="bbox 169 1320 1524 1374; baseline 0.001 -15"><span class='ocrx_word' id='word_1_122' title='bbox 169 1331 197 1363; x_wconf 84' lang='lat' dir='ltr'>S</span> <span class='ocrx_word' id='word_1_123' title='bbox 275 1320 483 1372; x_wconf 87' lang='lat' dir='ltr'>Suppono</span> <span class='ocrx_word' id='word_1_124' title='bbox 515 1330 655 1360; x_wconf 86' lang='lat' dir='ltr'>autem</span> <span class='ocrx_word' id='word_1_125' title='bbox 689 1322 738 1359; x_wconf 92' lang='lat' dir='ltr'>de</span> <span class='ocrx_word' id='word_1_126' title='bbox 769 1321 903 1374; x_wconf 84' lang='lat' dir='ltr'>logica</span> <span class='ocrx_word' id='word_1_127' title='bbox 927 1322 1043 1374; x_wconf 83' lang='lat' dir='ltr'>quod</span> <span class='ocrx_word' id='word_1_128' title='bbox 1076 1321 1181 1360; x_wconf 90' lang='lat' dir='ltr'>sicut</span> <span class='ocrx_word' id='word_1_129' title='bbox 1213 1321 1444 1369; x_wconf 83' lang='lat' dir='ltr'>confundit,</span> <span class='ocrx_word' id='word_1_130' title='bbox 1479 1331 1524 1361; x_wconf 91' lang='lat' dir='ltr'>ut</span> 
     </span>
     <span class='ocr_line' id='line_1_17' title="bbox 215 1389 1523 1444; baseline 0.002 -17"><span class='ocrx_word' id='word_1_131' title='bbox 215 1389 244 1427; x_wconf 91' lang='lat' dir='ltr'>si</span> <span class='ocrx_word' id='word_1_132' title='bbox 268 1390 514 1442; x_wconf 87' lang='lat' dir='ltr'>temporalia</span> <span class='ocrx_word' id='word_1_133' title='bbox 546 1390 627 1429; x_wconf 92' lang='lat' dir='ltr'>sint</span> <span class='ocrx_word' id='word_1_134' title='bbox 659 1400 741 1429; x_wconf 69' lang='lat' dir='ltr'>tani</span> <span class='ocrx_word' id='word_1_135' title='bbox 778 1391 1004 1430; x_wconf 84' lang='lat' dir='ltr'>necessaria</span> <span class='ocrx_word' id='word_1_136' title='bbox 1034 1390 1139 1430; x_wconf 87' lang='lat' dir='ltr'>sicut</span> <span class='ocrx_word' id='word_1_137' title='bbox 1171 1391 1310 1444; x_wconf 81' lang='lat' dir='ltr'>aliqua</span> <span class='ocrx_word' id='word_1_138' title='bbox 1340 1400 1523 1443; x_wconf 87' lang='lat' dir='ltr'>potestas</span> 
     </span>
     <span class='ocr_line' id='line_1_18' title="bbox 215 1458 1524 1513; baseline 0.003 -16"><span class='ocrx_word' id='word_1_139' title='bbox 215 1458 390 1498; x_wconf 88' lang='lat' dir='ltr'>faciendi</span> <span class='ocrx_word' id='word_1_140' title='bbox 452 1459 665 1511; x_wconf 82' lang='lat' dir='ltr'>miracula,</span> <span class='ocrx_word' id='word_1_141' title='bbox 727 1469 827 1499; x_wconf 91' lang='lat' dir='ltr'>tunc</span> <span class='ocrx_word' id='word_1_142' title='bbox 890 1460 1005 1499; x_wconf 88' lang='lat' dir='ltr'>nulla</span> <span class='ocrx_word' id='word_1_143' title='bbox 1065 1460 1156 1499; x_wconf 83' lang='lat' dir='ltr'>talis</span> <span class='ocrx_word' id='word_1_144' title='bbox 1218 1469 1401 1513; x_wconf 89' lang='lat' dir='ltr'>potestas</span> <span class='ocrx_word' id='word_1_145' title='bbox 1464 1470 1524 1501; x_wconf 90' lang='lat' dir='ltr'>est</span> 
     </span>
     <span class='ocr_line' id='line_1_19' title="bbox 213 1529 1522 1582; baseline 0.002 -15"><span class='ocrx_word' id='word_1_146' title='bbox 213 1529 481 1578; x_wconf 84' lang='lat' dir='ltr'>necessarior;</span> <span class='ocrx_word' id='word_1_147' title='bbox 516 1530 631 1581; x_wconf 86' lang='lat' dir='ltr'>quod</span> <span class='ocrx_word' id='word_1_148' title='bbox 663 1538 722 1567; x_wconf 91' lang='lat' dir='ltr'>est</span> <span class='ocrx_word' id='word_1_149' title='bbox 754 1529 905 1568; x_wconf 85' lang='lat' dir='ltr'>falsum</span> <span class='ocrx_word' id='word_1_150' title='bbox 938 1530 987 1568; x_wconf 90' lang='lat' dir='ltr'>de</span> <span class='ocrx_word' id='word_1_151' title='bbox 1018 1538 1223 1581; x_wconf 79' lang='lat' dir='ltr'>potestate</span> <span class='ocrx_word' id='word_1_152' title='bbox 1262 1544 1389 1582; x_wconf 86' lang='lat' dir='ltr'>quam</span> <span class='ocrx_word' id='word_1_153' title='bbox 1431 1530 1522 1569; x_wconf 89' lang='lat' dir='ltr'>Joh.</span> 
     </span>
     <span class='ocr_line' id='line_1_20' title="bbox 212 1598 1520 1653; baseline 0.002 -17"><span class='ocrx_word' id='word_1_154' title='bbox 212 1598 260 1647; x_wconf 81' lang='lat'>10,</span> <span class='ocrx_word' id='word_1_155' title='bbox 300 1610 344 1635; x_wconf 87' lang='lat'>12</span> <span class='ocrx_word' id='word_1_156' title='bbox 380 1598 591 1651; x_wconf 80' lang='lat' dir='ltr'>exprimit:</span> <span class='ocrx_word' id='word_1_157' title='bbox 634 1599 761 1638; x_wconf 81' lang='lat' dir='ltr'>Dedit</span> <span class='ocrx_word' id='word_1_158' title='bbox 799 1600 857 1638; x_wconf 76' lang='lat' dir='ltr'>eis</span> <span class='ocrx_word' id='word_1_159' title='bbox 883 1606 1133 1651; x_wconf 76' lang='lat' dir='ltr'>potestatem</span> <span class='ocrx_word' id='word_1_160' title='bbox 1151 1600 1273 1652; x_wconf 77' lang='lat' dir='ltr'>filios</span> <span class='ocrx_word' id='word_1_161' title='bbox 1306 1600 1520 1653; x_wconf 78' lang='lat' dir='ltr'>Deiszeri.</span> 
     </span>
     <span class='ocr_line' id='line_1_21' title="bbox 156 1666 1521 1722; baseline 0.004 -19"><span class='ocrx_word' id='word_1_162' title='bbox 156 1688 196 1709; x_wconf 87' lang='lat'>20</span> <span class='ocrx_word' id='word_1_163' title='bbox 212 1666 283 1704; x_wconf 81' lang='lat' dir='ltr'>Illa</span> <span class='ocrx_word' id='word_1_164' title='bbox 316 1667 428 1706; x_wconf 85' lang='lat' dir='ltr'>enim</span> <span class='ocrx_word' id='word_1_165' title='bbox 461 1677 520 1707; x_wconf 85' lang='lat' dir='ltr'>est</span> <span class='ocrx_word' id='word_1_166' title='bbox 546 1668 758 1707; x_wconf 83' lang='lat' dir='ltr'>infinitum</span> <span class='ocrx_word' id='word_1_167' title='bbox 783 1669 930 1707; x_wconf 90' lang='lat' dir='ltr'>melior</span> <span class='ocrx_word' id='word_1_168' title='bbox 963 1683 1090 1721; x_wconf 80' lang='lat' dir='ltr'>quam</span> <span class='ocrx_word' id='word_1_169' title='bbox 1114 1669 1323 1721; x_wconf 86' lang='lat' dir='ltr'>possessio</span> <span class='ocrx_word' id='word_1_170' title='bbox 1356 1678 1521 1722; x_wconf 86' lang='lat' dir='ltr'>tempo-</span> 
     </span>
     <span class='ocr_line' id='line_1_22' title="bbox 210 1736 1521 1791; baseline 0.003 -17"><span class='ocrx_word' id='word_1_171' title='bbox 210 1736 317 1787; x_wconf 89' lang='lat' dir='ltr'>ralis,</span> <span class='ocrx_word' id='word_1_172' title='bbox 373 1751 471 1777; x_wconf 78' lang='lat' dir='ltr'>nan]</span> <span class='ocrx_word' id='word_1_173' title='bbox 521 1751 569 1776; x_wconf 86' lang='lat' dir='ltr'>ex</span> <span class='ocrx_word' id='word_1_174' title='bbox 624 1738 692 1776; x_wconf 91' lang='lat' dir='ltr'>illa</span> <span class='ocrx_word' id='word_1_175' title='bbox 745 1747 949 1790; x_wconf 83' lang='lat' dir='ltr'>potestate</span> <span class='ocrx_word' id='word_1_176' title='bbox 1005 1739 1156 1791; x_wconf 81' lang='lat' dir='ltr'>legitur</span> <span class='ocrx_word' id='word_1_177' title='bbox 1210 1739 1521 1791; x_wconf 76' lang='lat' dir='ltr'>Evangelistam</span> 
     </span>
     <span class='ocr_line' id='line_1_23' title="bbox 209 1808 1520 1848; baseline 0.002 -3"><span class='ocrx_word' id='word_1_178' title='bbox 209 1816 394 1846; x_wconf 90' lang='lat' dir='ltr'>mutasse</span> <span class='ocrx_word' id='word_1_179' title='bbox 427 1808 635 1847; x_wconf 88' lang='lat' dir='ltr'>silvestres</span> <span class='ocrx_word' id='word_1_180' title='bbox 666 1808 832 1847; x_wconf 90' lang='lat' dir='ltr'>frondes</span> <span class='ocrx_word' id='word_1_181' title='bbox 865 1809 906 1847; x_wconf 90' lang='lat' dir='ltr'>in</span> <span class='ocrx_word' id='word_1_182' title='bbox 939 1823 1089 1848; x_wconf 87' lang='lat' dir='ltr'>aurum</span> <span class='ocrx_word' id='word_1_183' title='bbox 1123 1818 1161 1847; x_wconf 94' lang='lat' dir='ltr'>et</span> <span class='ocrx_word' id='word_1_184' title='bbox 1193 1809 1330 1848; x_wconf 89' lang='lat' dir='ltr'>litoria</span> <span class='ocrx_word' id='word_1_185' title='bbox 1363 1823 1458 1847; x_wconf 79' lang='lat' dir='ltr'>saxa</span> <span class='ocrx_word' id='word_1_186' title='bbox 1480 1809 1520 1847; x_wconf 90' lang='lat' dir='ltr'>in</span> 
     </span>
     <span class='ocr_line' id='line_1_24' title="bbox 210 1877 1521 1931; baseline 0.002 -16"><span class='ocrx_word' id='word_1_187' title='bbox 210 1890 410 1928; x_wconf 84' lang='lat' dir='ltr'>gemmas.</span> <span class='ocrx_word' id='word_1_188' title='bbox 445 1877 506 1916; x_wconf 79' lang='lat' dir='ltr'>Ex</span> <span class='ocrx_word' id='word_1_189' title='bbox 528 1891 614 1930; x_wconf 88' lang='lat' dir='ltr'>quo</span> <span class='ocrx_word' id='word_1_190' title='bbox 638 1887 751 1930; x_wconf 81' lang='lat' dir='ltr'>patet</span> <span class='ocrx_word' id='word_1_191' title='bbox 773 1879 887 1931; x_wconf 85' lang='lat' dir='ltr'>quod</span> <span class='ocrx_word' id='word_1_192' title='bbox 910 1878 977 1917; x_wconf 84' lang='lat' dir='ltr'>illa</span> <span class='ocrx_word' id='word_1_193' title='bbox 1001 1887 1184 1931; x_wconf 87' lang='lat' dir='ltr'>potestas</span> <span class='ocrx_word' id='word_1_194' title='bbox 1210 1878 1287 1917; x_wconf 87' lang='lat' dir='ltr'>fuit</span> <span class='ocrx_word' id='word_1_195' title='bbox 1310 1877 1521 1917; x_wconf 83' lang='lat' dir='ltr'>infinitum</span> 
     </span>
     <span class='ocr_line' id='line_1_25' title="bbox 210 1946 1522 2000; baseline 0.002 -17"><span class='ocrx_word' id='word_1_196' title='bbox 210 1946 386 1985; x_wconf 86' lang='lat' dir='ltr'>validior</span> <span class='ocrx_word' id='word_1_197' title='bbox 408 1960 536 1998; x_wconf 85' lang='lat' dir='ltr'>quam</span> <span class='ocrx_word' id='word_1_198' title='bbox 566 1947 635 1986; x_wconf 91' lang='lat' dir='ltr'>illa</span> <span class='ocrx_word' id='word_1_199' title='bbox 657 1947 865 2000; x_wconf 82' lang='lat' dir='ltr'>possessio</span> <span class='ocrx_word' id='word_1_200' title='bbox 899 1957 938 1986; x_wconf 92' lang='lat' dir='ltr'>et</span> <span class='ocrx_word' id='word_1_201' title='bbox 965 1948 1060 2000; x_wconf 87' lang='lat' dir='ltr'>plus</span> <span class='ocrx_word' id='word_1_202' title='bbox 1088 1947 1182 1986; x_wconf 86' lang='lat' dir='ltr'>fecit</span> <span class='ocrx_word' id='word_1_203' title='bbox 1211 1949 1261 1987; x_wconf 91' lang='lat' dir='ltr'>ad</span> <span class='ocrx_word' id='word_1_204' title='bbox 1284 1948 1522 2000; x_wconf 87' lang='lat' dir='ltr'>profectum</span> 
     </span>
     <span class='ocr_line' id='line_1_26' title="bbox 154 2015 1523 2070; baseline 0.001 -14"><span class='ocrx_word' id='word_1_205' title='bbox 154 2025 192 2056; x_wconf 86' lang='lat'>25</span> <span class='ocrx_word' id='word_1_206' title='bbox 213 2015 393 2055; x_wconf 87' lang='lat' dir='ltr'>ecclesie.</span> <span class='ocrx_word' id='word_1_207' title='bbox 447 2016 572 2055; x_wconf 87' lang='lat' dir='ltr'>Aliter</span> <span class='ocrx_word' id='word_1_208' title='bbox 622 2017 733 2056; x_wconf 88' lang='lat' dir='ltr'>enim</span> <span class='ocrx_word' id='word_1_209' title='bbox 787 2017 975 2056; x_wconf 85' lang='lat' dir='ltr'>Christus</span> <span class='ocrx_word' id='word_1_210' title='bbox 1033 2016 1242 2056; x_wconf 83' lang='lat' dir='ltr'>infinitum</span> <span class='ocrx_word' id='word_1_211' title='bbox 1304 2018 1523 2070; x_wconf 87' lang='lat' dir='ltr'>potencior</span> 
     </span>
     <span class='ocr_line' id='line_1_27' title="bbox 212 2085 1523 2138; baseline 0.002 -15"><span class='ocrx_word' id='word_1_212' title='bbox 212 2098 360 2136; x_wconf 83' lang='lat' dir='ltr'>cesare,</span> <span class='ocrx_word' id='word_1_213' title='bbox 377 2085 532 2124; x_wconf 86' lang='lat' dir='ltr'>habens</span> <span class='ocrx_word' id='word_1_214' title='bbox 556 2086 784 2138; x_wconf 87' lang='lat' dir='ltr'>discipulos</span> <span class='ocrx_word' id='word_1_215' title='bbox 806 2087 1102 2138; x_wconf 83' lang='lat' dir='ltr'>prudenciores</span> <span class='ocrx_word' id='word_1_216' title='bbox 1124 2088 1175 2126; x_wconf 88' lang='lat' dir='ltr'>ad</span> <span class='ocrx_word' id='word_1_217' title='bbox 1199 2087 1523 2127; x_wconf 87' lang='lat' dir='ltr'>ministrandum</span> 
     </span>
     <span class='ocr_line' id='line_1_28' title="bbox 212 2154 1521 2210; baseline 0.002 -17"><span class='ocrx_word' id='word_1_218' title='bbox 212 2154 323 2193; x_wconf 88' lang='lat' dir='ltr'>bona</span> <span class='ocrx_word' id='word_1_219' title='bbox 356 2154 536 2206; x_wconf 79' lang='lat' dir='ltr'>fortune,</span> <span class='ocrx_word' id='word_1_220' title='bbox 570 2155 677 2195; x_wconf 86' lang='lat' dir='ltr'>foret</span> <span class='ocrx_word' id='word_1_221' title='bbox 709 2156 947 2195; x_wconf 84' lang='lat' dir='ltr'>notabiliter</span> <span class='ocrx_word' id='word_1_222' title='bbox 977 2156 1255 2209; x_wconf 82' lang='lat' dir='ltr'>increpandus</span> <span class='ocrx_word' id='word_1_223' title='bbox 1287 2158 1403 2210; x_wconf 81' lang='lat' dir='ltr'>quod</span> <span class='ocrx_word' id='word_1_224' title='bbox 1436 2171 1521 2197; x_wconf 89' lang='lat' dir='ltr'>non</span> 
     </span>
     <span class='ocr_line' id='line_1_29' title="bbox 212 2224 1523 2279; baseline 0.004 -18"><span class='ocrx_word' id='word_1_225' title='bbox 212 2224 396 2263; x_wconf 80' lang='lat' dir='ltr'>dotasset</span> <span class='ocrx_word' id='word_1_226' title='bbox 430 2225 645 2264; x_wconf 88' lang='lat' dir='ltr'>ecclesiam</span> <span class='ocrx_word' id='word_1_227' title='bbox 668 2226 763 2277; x_wconf 88' lang='lat' dir='ltr'>plus</span> <span class='ocrx_word' id='word_1_228' title='bbox 787 2239 916 2279; x_wconf 86' lang='lat' dir='ltr'>quarn</span> <span class='ocrx_word' id='word_1_229' title='bbox 939 2239 1062 2265; x_wconf 80' lang='lat' dir='ltr'>cesar.</span> <span class='ocrx_word' id='word_1_230' title='bbox 1098 2228 1190 2265; x_wconf 88' lang='lat' dir='ltr'>Hoc</span> <span class='ocrx_word' id='word_1_231' title='bbox 1223 2227 1335 2265; x_wconf 84' lang='lat' dir='ltr'>enim</span> <span class='ocrx_word' id='word_1_232' title='bbox 1353 2237 1523 2279; x_wconf 85' lang='lat' dir='ltr'>propter</span> 
     </span>
     <span class='ocr_line' id='line_1_30' title="bbox 213 2293 1523 2349; baseline 0.002 -18"><span class='ocrx_word' id='word_1_233' title='bbox 213 2293 419 2332; x_wconf 89' lang='lat' dir='ltr'>minorem</span> <span class='ocrx_word' id='word_1_234' title='bbox 453 2295 600 2333; x_wconf 83' lang='lat' dir='ltr'>mundi</span> <span class='ocrx_word' id='word_1_235' title='bbox 634 2295 854 2335; x_wconf 88' lang='lat' dir='ltr'>avariciam</span> <span class='ocrx_word' id='word_1_236' title='bbox 884 2295 1028 2335; x_wconf 89' lang='lat' dir='ltr'>fuisset</span> <span class='ocrx_word' id='word_1_237' title='bbox 1052 2305 1150 2335; x_wconf 85' lang='lat' dir='ltr'>tunc</span> <span class='ocrx_word' id='word_1_238' title='bbox 1184 2296 1346 2347; x_wconf 80' lang='lat' dir='ltr'>melius,</span> <span class='ocrx_word' id='word_1_239' title='bbox 1380 2305 1419 2335; x_wconf 86' lang='lat' dir='ltr'>et</span> <span class='ocrx_word' id='word_1_240' title='bbox 1450 2310 1523 2349; x_wconf 90' lang='lat' dir='ltr'>per</span> 
     </span>
     <span class='ocr_line' id='line_1_31' title="bbox 153 2364 1523 2418; baseline 0.001 -14"><span class='ocrx_word' id='word_1_241' title='bbox 153 2373 195 2404; x_wconf 75' lang='lat'>30</span> <span class='ocrx_word' id='word_1_242' title='bbox 211 2375 472 2416; x_wconf 86' lang='lat' dir='ltr'>consequens</span> <span class='ocrx_word' id='word_1_243' title='bbox 505 2377 552 2402; x_wconf 79' lang='lat' dir='ltr'>ex</span> <span class='ocrx_word' id='word_1_244' title='bbox 584 2364 701 2403; x_wconf 90' lang='lat' dir='ltr'>dictis</span> <span class='ocrx_word' id='word_1_245' title='bbox 730 2373 817 2403; x_wconf 89' lang='lat' dir='ltr'>tam</span> <span class='ocrx_word' id='word_1_246' title='bbox 847 2366 1007 2404; x_wconf 89' lang='lat' dir='ltr'>bonum</span> <span class='ocrx_word' id='word_1_247' title='bbox 1040 2365 1145 2404; x_wconf 89' lang='lat' dir='ltr'>sicut</span> <span class='ocrx_word' id='word_1_248' title='bbox 1176 2374 1360 2417; x_wconf 90' lang='lat' dir='ltr'>potestas</span> <span class='ocrx_word' id='word_1_249' title='bbox 1393 2380 1523 2418; x_wconf 84' lang='lat' dir='ltr'>quam</span> 
     </span>
     <span class='ocr_line' id='line_1_32' title="bbox 213 2431 591 2474; baseline 0.013 -5"><span class='ocrx_word' id='word_1_250' title='bbox 213 2431 403 2471; x_wconf 88' lang='lat' dir='ltr'>Christus</span> <span class='ocrx_word' id='word_1_251' title='bbox 434 2433 591 2474; x_wconf 87' lang='lat' dir='ltr'>habuit.</span> 
     </span>
     <span class='ocr_line' id='line_1_33' title="bbox 269 2501 1521 2557; baseline 0.003 -17"><span class='ocrx_word' id='word_1_252' title='bbox 269 2501 394 2541; x_wconf 87' lang='lat' dir='ltr'>Sexto</span> <span class='ocrx_word' id='word_1_253' title='bbox 426 2502 589 2542; x_wconf 88' lang='lat' dir='ltr'>videtur</span> <span class='ocrx_word' id='word_1_254' title='bbox 621 2505 736 2557; x_wconf 86' lang='lat' dir='ltr'>quod</span> <span class='ocrx_word' id='word_1_255' title='bbox 759 2504 899 2543; x_wconf 89' lang='lat' dir='ltr'>nullus</span> <span class='ocrx_word' id='word_1_256' title='bbox 923 2505 1094 2544; x_wconf 88' lang='lat' dir='ltr'>clericus</span> <span class='ocrx_word' id='word_1_257' title='bbox 1121 2506 1392 2544; x_wconf 87' lang='lat' dir='ltr'>contenderet</span> <span class='ocrx_word' id='word_1_258' title='bbox 1415 2505 1521 2545; x_wconf 89' lang='lat' dir='ltr'>circa</span> 
     </span>
    </p>
   </div>
   <div class='ocr_carea' id='block_1_3' title="bbox 211 2571 1519 2626">
    <p class='ocr_par' dir='ltr' id='par_1_3' title="bbox 211 2571 1519 2626">
     <span class='ocr_line' id='line_1_34' title="bbox 211 2571 1519 2626; baseline 0.003 -17"><span class='ocrx_word' id='word_1_259' title='bbox 211 2571 492 2611; x_wconf 88' lang='lat' dir='ltr'>maioritatem</span> <span class='ocrx_word' id='word_1_260' title='bbox 525 2573 588 2612; x_wconf 89' lang='lat' dir='ltr'>sui</span> <span class='ocrx_word' id='word_1_261' title='bbox 628 2574 678 2612; x_wconf 91' lang='lat' dir='ltr'>ad</span> <span class='ocrx_word' id='word_1_262' title='bbox 711 2574 900 2613; x_wconf 88' lang='lat' dir='ltr'>subditos</span> <span class='ocrx_word' id='word_1_263' title='bbox 934 2574 976 2612; x_wconf 89' lang='lat' dir='ltr'>in</span> <span class='ocrx_word' id='word_1_264' title='bbox 1008 2574 1281 2614; x_wconf 84' lang='lat' dir='ltr'>ecclesiastica</span> <span class='ocrx_word' id='word_1_265' title='bbox 1310 2575 1519 2626; x_wconf 79' lang='lat' dir='ltr'>ierarchia,</span> 
     </span>
    </p>
   </div>
   <div class='ocr_carea' id='block_1_4' title="bbox 210 2721 1522 2887">
    <p class='ocr_par' dir='ltr' id='par_1_4' title="bbox 210 2721 1522 2887">
     <span class='ocr_line' id='line_1_35' title="bbox 261 2721 1520 2757; baseline 0.001 -10"><span class='ocrx_word' id='word_1_266' title='bbox 261 2729 291 2754; x_wconf 84' lang='lat'>4.</span> <span class='ocrx_word' id='word_1_267' title='bbox 313 2722 340 2748; x_wconf 93' lang='lat' dir='ltr'><strong>A</strong></span> <span class='ocrx_word' id='word_1_268' title='bbox 361 2722 391 2749; x_wconf 83' lang='lat' dir='ltr'>in</span> <span class='ocrx_word' id='word_1_269' title='bbox 412 2729 526 2755; x_wconf 61' lang='lat' dir='ltr'>marg:</span> <span class='ocrx_word' id='word_1_270' title='bbox 550 2721 727 2748; x_wconf 85' lang='lat' dir='ltr'>Conclusio.</span> <span class='ocrx_word' id='word_1_271' title='bbox 871 2722 898 2749; x_wconf 84' lang='lat'>6.</span> <span class='ocrx_word' id='word_1_272' title='bbox 920 2721 958 2748; x_wconf 77' lang='lat'>13:</span> <span class='ocrx_word' id='word_1_273' title='bbox 982 2722 1065 2749; x_wconf 80' lang='lat' dir='ltr'>utilis</span> <span class='ocrx_word' id='word_1_274' title='bbox 1086 2726 1275 2757; x_wconf 83' lang='lat' dir='ltr'>procreator.</span> <span class='ocrx_word' id='word_1_275' title='bbox 1418 2730 1459 2757; x_wconf 79' lang='lat'>14.</span> <span class='ocrx_word' id='word_1_276' title='bbox 1477 2724 1520 2749; x_wconf 90' lang='lat' dir='ltr'>A:</span> 
     </span>
     <span class='ocr_line' id='line_1_36' title="bbox 211 2767 1522 2801; baseline 0.002 -8"><span class='ocrx_word' id='word_1_277' title='bbox 211 2767 288 2794; x_wconf 86' lang='lat' dir='ltr'>sicut</span> <span class='ocrx_word' id='word_1_278' title='bbox 320 2775 422 2795; x_wconf 73' lang='lat' dir='ltr'>nemo,</span> <span class='ocrx_word' id='word_1_279' title='bbox 587 2775 633 2801; x_wconf 77' lang='lat'>24.</span> <span class='ocrx_word' id='word_1_280' title='bbox 668 2767 705 2793; x_wconf 82' lang='lat' dir='ltr'>B:</span> <span class='ocrx_word' id='word_1_281' title='bbox 738 2768 845 2794; x_wconf 81' lang='lat' dir='ltr'>valior.</span> <span class='ocrx_word' id='word_1_282' title='bbox 1017 2767 1058 2794; x_wconf 80' lang='lat'>32.</span> <span class='ocrx_word' id='word_1_283' title='bbox 1096 2768 1186 2796; x_wconf 85' lang='lat' dir='ltr'>Sexta</span> <span class='ocrx_word' id='word_1_284' title='bbox 1218 2769 1388 2796; x_wconf 85' lang='lat' dir='ltr'>conclusio.</span> <span class='ocrx_word' id='word_1_285' title='bbox 1410 2769 1522 2796; x_wconf 84' lang='lat' dir='ltr'>Nullus</span> 
     </span>
     <span class='ocr_line' id='line_1_37' title="bbox 211 2814 1521 2848; baseline 0.002 -8"><span class='ocrx_word' id='word_1_286' title='bbox 211 2814 339 2840; x_wconf 82' lang='lat' dir='ltr'>clericus</span> <span class='ocrx_word' id='word_1_287' title='bbox 373 2814 462 2841; x_wconf 87' lang='lat' dir='ltr'>debet</span> <span class='ocrx_word' id='word_1_288' title='bbox 493 2815 680 2841; x_wconf 84' lang='lat' dir='ltr'>contendere</span> <span class='ocrx_word' id='word_1_289' title='bbox 713 2822 768 2848; x_wconf 87' lang='lat' dir='ltr'>pro</span> <span class='ocrx_word' id='word_1_290' title='bbox 801 2814 971 2841; x_wconf 75' lang='lat' dir='ltr'>maior-itate</span> <span class='ocrx_word' id='word_1_291' title='bbox 1003 2816 1041 2841; x_wconf 85' lang='lat' dir='ltr'>ad</span> <span class='ocrx_word' id='word_1_292' title='bbox 1074 2815 1217 2842; x_wconf 84' lang='lat' dir='ltr'>subditos</span> <span class='ocrx_word' id='word_1_293' title='bbox 1253 2816 1283 2842; x_wconf 80' lang='lat' dir='ltr'>in</span> <span class='ocrx_word' id='word_1_294' title='bbox 1317 2816 1521 2842; x_wconf 74' lang='lat' dir='ltr'>ecclesiastica</span> 
     </span>
     <span class='ocr_line' id='line_1_38' title="bbox 210 2860 368 2887; baseline 0.013 -2"><span class='ocrx_word' id='word_1_295' title='bbox 210 2860 368 2887; x_wconf 84' lang='lat' dir='ltr'>ierarchia.</span> 
     </span>
    </p>
   </div>
  </div>
 </body>
</html>
