2051 3273
180 234 269 262 CAP.
291 224 376 282 xv.]
682 239 741 271 DE
768 238 1000 271 EchEsiA.

26 350 161 396 Q177²¹
177 341 294 381 civile
339 341 589 381 dominium.
636 342 677 382 Si
721 351 863 383 autem
905 343 1090 383 viverent
1133 343 1263 384 vitam
1307 344 1484 383 omnino

175 411 555 464 exproprietariam,
597 411 701 451 sicut
731 411 923 451 vixerunt
967 412 1158 452 Christus
1203 421 1243 453 et
1285 413 1483 466 Baptista,

174 494 259 520 non
293 480 429 521 forent
460 481 517 520 sic
550 480 734 533 subiecti,
768 490 806 520 et
843 481 899 520 sic
937 481 1102 521 racione
1142 482 1352 522 bonorum
1400 482 1482 522 for-

172 559 271 589 tune
304 560 343 590 et
375 551 586 590 bonorum
619 560 763 590 nature
794 551 835 589 in
868 565 964 590 casu
996 565 1082 604 quo
1107 552 1321 604 contingat
1353 552 1391 590 in
1428 552 1483 591 eis

140 620 326 661 5abusus
358 621 421 659 vel
453 629 720 673 contemptus
752 620 945 659 notabilis
976 620 1070 660 licet
1102 621 1187 673 regi
1219 635 1288 660 eos
1313 621 1485 661 civiliter

173 689 402 740 cohercere,
427 703 511 728 non
535 690 574 727 in
600 698 805 742 quantum
830 689 1074 740 sacerdoteS,
1109 691 1180 728 sed
1213 690 1252 728 in
1277 700 1483 743 quantum

173 759 278 811 regis
302 759 576 798 elemosinarii
601 760 662 798 vel
687 759 879 798 homines
903 759 989 798 eius
1013 759 1105 812 legii
1125 769 1484 812 contempnentes,

174 829 226 867 Et
257 828 314 867 sic
346 828 427 881 regi
460 842 537 868 suo
570 828 611 867 in
646 842 819 881 corpore
853 837 891 867 et
923 828 1043 867 bonis
1073 829 1358 881 multipliciter
1389 839 1486 869 sunt

174 897 361 937 subiecti.
426 898 606 937 Econtra
640 907 780 937 autern
813 911 880 937 rex
913 898 1034 937 debet
1067 912 1152 937 esse
1187 899 1242 938 eis
1276 899 1485 940 subiectus

119 968 213 1009 10in
249 967 326 1006 hiis
361 981 440 1020 que
473 976 570 1007 sunt
601 968 650 1006 ad
684 968 835 1017 Deum,
871 977 916 1006 ut
949 968 999 1007 sit
1031 968 1087 1007 sic
1110 977 1257 1008 mutua
1279 970 1485 1010 connexio

172 1037 346 1076 caritatis
380 1046 418 1076 et
450 1036 605 1076 ordinis
638 1036 871 1090 utrobique.

65 1116 104 1150 R
130 1117 155 1150 3
231 1107 381 1146 Tercio
413 1106 600 1160 arguitur
631 1120 703 1159 per
725 1107 804 1146 hoc
828 1108 941 1159 quod
965 1107 1096 1147 clerus
1119 1122 1337 1163 nunquam
1362 1110 1484 1150 debet

1696 231 1767 269 351

1556 560 1647 597 They
1666 569 1716 589 are

1513 595 1631 631 subject
1652 601 1704 623 not
1725 605 1757 623 as

1516 631 1628 666 clergy,
1650 632 1702 657 but
1725 640 1757 657 as

1522 665 1671 692 almsmcn
1694 666 1752 693 and

1558 699 1717 734 liegemen.

1536 1118 1560 1145 3.
1582 1116 1649 1144 The
1670 1117 1741 1154 laiiy

1531 1152 1625 1187 ought
1644 1157 1675 1179 to
1695 1158 1743 1179 act

170 1176 355 1229 castigari
375 1190 448 1229 per
469 1176 623 1215 laicum
656 1176 731 1214 nisi
763 1176 806 1215 in
830 1176 992 1216 defectu
1022 1178 1245 1230 spiritualis
1268 1180 1481 1232 prepositi,
1508 1190 1581 1222 only
1600 1186 1629 1214 in
1652 1187 1767 1214 desault

171 1256 210 1286 et
244 1260 316 1300 per
351 1260 609 1299 consequens
643 1259 861 1299 nunquam
890 1255 1116 1300 antequam
1138 1261 1245 1300 papa
1276 1248 1482 1299 defecerit,

118 1329 154 1360 15
171 1325 337 1369 oportet
357 1330 453 1369 ergo
477 1316 691 1355 subditum
715 1315 866 1368 corripi
898 1330 970 1368 per
992 1317 1274 1368 diocesanum,
1298 1320 1482 1359 secundo

171 1399 243 1438 per
287 1386 675 1439 metropolitanum,
725 1395 764 1425 et
808 1386 839 1424 si
883 1385 940 1424 illi
985 1386 1221 1436 defecerim,
1269 1396 1368 1428 tunc
1412 1403 1484 1442 per

169 1470 335 1508 papam.
370 1456 422 1494 Et
453 1468 538 1494 non
572 1464 631 1494 est
662 1456 993 1507 presumendum
1026 1457 1141 1509 quod
1174 1456 1214 1495 in
1249 1456 1325 1496 hiis
1354 1458 1484 1498 tribus

171 1525 297 1579 signis
333 1525 503 1565 ecclesia
536 1524 689 1565 Christi
723 1524 895 1565 deficiet.

227 1595 306 1634 Hic
338 1594 487 1635 dicitur
519 1595 633 1647 quod
665 1604 931 1648 assumptum
974 1604 1034 1636 est
1075 1610 1235 1648 verum,
1278 1597 1376 1650 quia
1421 1596 1485 1653 (ut

113 1689 153 1710 20
170 1678 265 1717 sepe
297 1663 398 1719 dixi)
425 1664 595 1704 clericus
618 1678 835 1718 nunquam
861 1665 1046 1718 castigari
1078 1666 1198 1705 debet
1231 1680 1302 1719 per
1329 1667 1484 1708 laicum

169 1734 245 1773 nisi
280 1734 524 1774 auctoritate
556 1734 724 1774 ecclesie
757 1735 796 1773 in
831 1735 993 1775 defectu
1027 1735 1249 1788 spiritualis
1281 1738 1483 1790 prepositi

169 1812 208 1843 et
239 1804 280 1842 in
314 1818 410 1844 casu
443 1818 528 1857 quo
569 1804 738 1844 clericus
787 1804 908 1844 fuerit
959 1819 982 1844 a
1028 1804 1108 1845 fide
1151 1806 1308 1846 devius.
1361 1808 1483 1847 Unde

170 1874 311 1927 posito
343 1875 394 1913 de
426 1874 615 1927 possibili
648 1875 763 1927 quod
807 1888 955 1914 omnes
988 1875 1172 1928 episcopi
1205 1876 1320 1929 regni
1352 1876 1484 1916 nostri

171 1942 363 1983 deficiant
395 1943 437 1982 in
470 1943 555 1983 suis
588 1943 920 1983 correccionibus
952 1953 1049 1997 post
1080 1944 1145 1984 vel
1176 1954 1286 1997 ante,
1319 1947 1484 1986 racione

116 2026 154 2058 25
173 2014 290 2053 cuius
323 2013 506 2053 defectus
529 2013 753 2052 invalescat
774 2022 994 2066 peccatum
1025 2014 1074 2053 ad
1098 2014 1212 2067 regni
1237 2015 1484 2068 periculum,

171 2097 317 2136 regum
361 2091 503 2123 autem
542 2091 602 2122 est
647 2083 723 2122 sub
766 2083 879 2136 gravi
925 2083 1111 2136 periculo
1158 2085 1315 2124 clerum
1359 2099 1484 2125 suum

171 2153 375 2206 corripere
398 2152 539 2206 quoad
562 2165 713 2205 corpus
737 2153 799 2191 vel
822 2153 1104 2192 substanciam
1126 2154 1234 2204 cleri,
1267 2154 1308 2193 in
1332 2154 1485 2208 quibus

170 2222 363 2276 potestati
402 2222 510 2275 regie
549 2231 608 2262 est
640 2222 871 2274 subiectus;
904 2224 1021 2275 quod
1066 2223 1097 2261 si
1143 2224 1273 2263 clerus
1318 2224 1484 2263 devenit

171 2293 223 2332 ad
245 2300 405 2332 tantan]
426 2291 758 2345 profunditatem
792 2292 967 2343 malicie,
1001 2292 1225 2345 spiritualis
1247 2293 1484 2346 prepositus

115 2362 418 2405 3oomnimode
451 2370 511 2401 est
557 2362 598 2400 in
631 2375 765 2402 causa.
811 2363 896 2401 Nec
943 2370 1002 2402 est
1046 2362 1260 2415 prudentis
1306 2376 1484 2402 asserere

172 2432 288 2485 quod
309 2445 379 2471 rex
402 2440 634 2484 expectaret
657 2431 962 2471 correccionem
987 2431 1095 2484 cleri,
1129 2445 1353 2486 quousque
1376 2446 1484 2485 papa

224 2578 252 2607 8.
272 2578 294 2606 B
310 2578 339 2606 in
355 2586 469 2614 marg.:
492 2577 556 2607 Sub
578 2586 637 2614 qua
651 2578 774 2606 racione
791 2586 843 2606 rex
858 2583 959 2613 potest
973 2579 1150 2607 sacerdotes
1166 2579 1295 2607 civiliter
1308 2580 1483 2607 cohercere.

172 2634 214 2653 lo.
246 2625 268 2652 B
289 2626 318 2653 in
339 2633 452 2660 marga
474 2625 507 2653 In
528 2625 586 2652 hiis
609 2633 668 2660 que
688 2625 725 2652 ad
746 2625 845 2652 Deum
876 2626 1017 2661 perinent
1044 2634 1097 2653 rex
1122 2631 1167 2653 est
1199 2625 1357 2653 subiectus
1387 2634 1483 2653 sacer-

174 2672 306 2699 dotibus.
451 2680 488 2699 12.
518 2673 545 2699 A
572 2672 601 2698 in
629 2679 742 2706 marga
774 2671 914 2699 Clericus
944 2679 1102 2707 nunquam
1135 2672 1226 2699 debet
1254 2672 1399 2706 castigari
1429 2680 1484 2707 per

171 2719 283 2746 laicum
304 2719 362 2746 nisi
383 2719 413 2746 in
434 2719 555 2746 defectu
582 2717 735 2753 spirituali
756 2718 915 2753 prepositi,
944 2718 998 2745 sed
1020 2726 1082 2745 non
1103 2722 1223 2754 oportet
1249 2722 1281 2745 ut
1302 2727 1381 2754 pape
1415 2726 1483 2745 cor-

172 2765 273 2793 reccio
288 2770 474 2800 expectetur.
600 2772 642 2799 19-
662 2766 690 2792 A
710 2765 739 2791 in
756 2773 871 2800 marg.:
893 2765 1081 2800 Responsio.
1214 2773 1259 2792 20.
1281 2766 1353 2793 Ain
1368 2773 1479 2799 marg:

174 2811 344 2839 Conclusio
366 2814 509 2840 notanda.
614 2819 653 2838 21.
676 2819 719 2839 22.
750 2813 778 2839 A
797 2813 853 2846 Al:
885 2812 1035 2846 prepositi
1061 2812 1091 2839 in
1119 2819 1202 2839 casu.
1311 2812 1355 2839 28.
1378 2813 1406 2839 A
1426 2813 1483 2845 Al:

174 2859 256 2894 quod
276 2874 309 2878 —
329 2859 508 2886 omnimode
529 2863 574 2886 est
596 2858 690 2885 deest.
833 2856 871 2885 31.
892 2859 920 2886 A
942 2858 962 2885 Β
984 2859 1013 2885 in
1036 2866 1149 2893 margi:
1170 2857 1287 2885 Ficci0.

1496 1223 1527 1250 ot
1555 1222 1605 1248 the
1634 1221 1772 1255 spiritual

1541 1256 1733 1284 authorities.

1561 1608 1709 1634 Answer:

1514 1641 1612 1675 True;
1635 1642 1688 1669 but
1707 1642 1757 1668 the

1514 1676 1593 1715 King
1612 1677 1637 1703 is
1658 1682 1711 1704 not
1732 1682 1763 1704 to

1530 1716 1602 1738 walt
1621 1711 1670 1738 for
1691 1712 1739 1739 the

1513 1746 1625 1780 Pope's
1638 1746 1737 1774 action
1749 1769 1755 1780 ,

1558 1781 1606 1808 for
1626 1788 1718 1817 many

1562 1824 1690 1843 reasons
1704 1825 1710 1850 ;
