<?xml version="1.0" encoding="UTF-8"?>
<!DOCTYPE html PUBLIC "-//W3C//DTD XHTML 1.0 Transitional//EN"
    "http://www.w3.org/TR/xhtml1/DTD/xhtml1-transitional.dtd">
<html xmlns="http://www.w3.org/1999/xhtml" xml:lang="en" lang="en">
 <head>
  <title>
</title>
<meta http-equiv="Content-Type" content="text/html;charset=utf-8" />
  <meta name='ocr-system' content='tesseract 3.04.00' />
  <meta name='ocr-capabilities' content='ocr_page ocr_carea ocr_par ocr_line ocrx_word'/>
</head>
<body>
  <div class='ocr_page' id='page_1' title='image "./tractatusdeeccle00wycl_0134.png"; bbox 0 0 2051 3343; ppageno 0'>
   <div class='ocr_carea' id='block_1_1' title="bbox 199 202 1785 261">
    <p class='ocr_par' dir='ltr' id='par_1_1' title="bbox 199 202 1785 261">
     <span class='ocr_line' id='line_1_1' title="bbox 199 202 1785 261; baseline -0.002 -18"><span class='ocrx_word' id='word_1_1' title='bbox 199 219 270 245; x_wconf 87' lang='lat'><strong>100</strong></span> <span class='ocrx_word' id='word_1_2' title='bbox 897 214 1119 248; x_wconf 77' lang='lat' dir='ltr'>JOHANNIS</span> <span class='ocrx_word' id='word_1_3' title='bbox 1144 214 1340 247; x_wconf 80' lang='lat' dir='ltr'>WYCLIF.</span> <span class='ocrx_word' id='word_1_4' title='bbox 1632 202 1738 261; x_wconf 86' lang='lat' dir='ltr'><strong>[CAP.</strong></span> <span class='ocrx_word' id='word_1_5' title='bbox 1748 212 1785 240; x_wconf 91' lang='lat' dir='ltr'><strong>v.</strong></span> 
     </span>
    </p>
   </div>
   <div class='ocr_carea' id='block_1_2' title="bbox 189 315 1937 1210">
    <p class='ocr_par' dir='ltr' id='par_1_2' title="bbox 191 315 1937 378">
     <span class='ocr_line' id='line_1_2' title="bbox 191 315 1937 378; baseline 0.001 -20"><span class='ocrx_word' id='word_1_6' title='bbox 191 315 604 378; x_wconf 46' lang='lat' dir='ltr'><strong>Cfflssgh‘ggffiffinsperiit</strong></span> <span class='ocrx_word' id='word_1_7' title='bbox 629 325 805 359; x_wconf 80' lang='lat' dir='ltr'><strong>sanctus</strong></span> <span class='ocrx_word' id='word_1_8' title='bbox 837 319 887 359; x_wconf 83' lang='lat' dir='ltr'><strong>de</strong></span> <span class='ocrx_word' id='word_1_9' title='bbox 918 326 1037 359; x_wconf 79' lang='lat' dir='ltr'><strong>terra</strong></span> <span class='ocrx_word' id='word_1_10' title='bbox 1070 327 1109 360; x_wconf 82' lang='lat' dir='ltr'><strong>et</strong></span> <span class='ocrx_word' id='word_1_11' title='bbox 1139 326 1316 358; x_wconf 81' lang='lat' dir='ltr'><strong>sanctus</strong></span> <span class='ocrx_word' id='word_1_12' title='bbox 1349 320 1390 359; x_wconf 87' lang='lat' dir='ltr'><strong>in</strong></span> <span class='ocrx_word' id='word_1_13' title='bbox 1425 320 1662 360; x_wconf 80' lang='lat' dir='ltr'><strong>hominibus</strong></span> <span class='ocrx_word' id='word_1_14' title='bbox 1695 334 1777 360; x_wconf 89' lang='lat' dir='ltr'><strong>non</strong></span> <span class='ocrx_word' id='word_1_15' title='bbox 1801 336 1877 374; x_wconf 67' lang='lat'><strong>142⁸</strong></span> <span class='ocrx_word' id='word_1_16' title='bbox 1901 334 1937 367; x_wconf 73' lang='lat' dir='ltr'><strong>G</strong></span> 
     </span>
    </p>

    <p class='ocr_par' dir='ltr' id='par_1_3' title="bbox 189 388 1884 1128">
     <span class='ocr_line' id='line_1_3' title="bbox 189 388 1783 447; baseline 0.002 -19"><span class='ocrx_word' id='word_1_17' title='bbox 189 389 461 447; x_wconf 26' lang='lat' dir='ltr'><strong>morexffirezstttnan</strong></span> <span class='ocrx_word' id='word_1_18' title='bbox 476 396 549 429; x_wconf 81' lang='lat' dir='ltr'><strong>est.</strong></span> <span class='ocrx_word' id='word_1_19' title='bbox 575 390 683 429; x_wconf 88' lang='lat' dir='ltr'><strong>Nam</strong></span> <span class='ocrx_word' id='word_1_20' title='bbox 706 402 886 442; x_wconf 89' lang='lat' dir='ltr'><strong>sponsus</strong></span> <span class='ocrx_word' id='word_1_21' title='bbox 910 389 1078 428; x_wconf 81' lang='lat' dir='ltr'><strong>ecclesie</strong></span> <span class='ocrx_word' id='word_1_22' title='bbox 1111 389 1205 441; x_wconf 88' lang='lat' dir='ltr'><strong>plus</strong></span> <span class='ocrx_word' id='word_1_23' title='bbox 1225 388 1383 428; x_wconf 89' lang='lat' dir='ltr'><strong>invenit</strong></span> <span class='ocrx_word' id='word_1_24' title='bbox 1415 390 1464 428; x_wconf 91' lang='lat' dir='ltr'><strong>de</strong></span> <span class='ocrx_word' id='word_1_25' title='bbox 1494 388 1575 429; x_wconf 86' lang='lat' dir='ltr'><strong>ficu</strong></span> <span class='ocrx_word' id='word_1_26' title='bbox 1609 390 1722 431; x_wconf 86' lang='lat' dir='ltr'><strong>fatua</strong></span> <span class='ocrx_word' id='word_1_27' title='bbox 1744 399 1783 430; x_wconf 91' lang='lat' dir='ltr'><strong>et</strong></span> 
     </span>
     <span class='ocr_line' id='line_1_4' title="bbox 475 458 1784 513; baseline 0.002 -15"><span class='ocrx_word' id='word_1_28' title='bbox 475 458 557 499; x_wconf 88' lang='lat' dir='ltr'><strong>vite</strong></span> <span class='ocrx_word' id='word_1_29' title='bbox 589 459 730 511; x_wconf 76' lang='lat' dir='ltr'><strong>sterili,</strong></span> <span class='ocrx_word' id='word_1_30' title='bbox 763 459 858 512; x_wconf 90' lang='lat' dir='ltr'><strong>plus</strong></span> <span class='ocrx_word' id='word_1_31' title='bbox 892 460 941 498; x_wconf 93' lang='lat' dir='ltr'><strong>de</strong></span> <span class='ocrx_word' id='word_1_32' title='bbox 973 458 1163 498; x_wconf 87' lang='lat' dir='ltr'><strong>zizannia</strong></span> <span class='ocrx_word' id='word_1_33' title='bbox 1195 473 1324 512; x_wconf 88' lang='lat' dir='ltr'><strong>quam</strong></span> <span class='ocrx_word' id='word_1_34' title='bbox 1346 460 1396 499; x_wconf 90' lang='lat' dir='ltr'><strong>de</strong></span> <span class='ocrx_word' id='word_1_35' title='bbox 1418 459 1541 513; x_wconf 86' lang='lat' dir='ltr'><strong>lignis</strong></span> <span class='ocrx_word' id='word_1_36' title='bbox 1564 460 1784 501; x_wconf 83' lang='lat' dir='ltr'><strong>fructiferis</strong></span> 
     </span>
     <span class='ocr_line' id='line_1_5' title="bbox 476 528 1787 582; baseline -0.001 -12"><span class='ocrx_word' id='word_1_37' title='bbox 476 539 515 570; x_wconf 88' lang='lat' dir='ltr'><strong>et</strong></span> <span class='ocrx_word' id='word_1_38' title='bbox 547 529 770 569; x_wconf 88' lang='lat' dir='ltr'><strong>frumento.</strong></span> <span class='ocrx_word' id='word_1_39' title='bbox 804 530 914 568; x_wconf 89' lang='lat' dir='ltr'><strong>Nam</strong></span> <span class='ocrx_word' id='word_1_40' title='bbox 945 528 1037 568; x_wconf 89' lang='lat' dir='ltr'><strong>vitis</strong></span> <span class='ocrx_word' id='word_1_41' title='bbox 1072 542 1152 582; x_wconf 87' lang='lat' dir='ltr'><strong>que</strong></span> <span class='ocrx_word' id='word_1_42' title='bbox 1197 529 1356 568; x_wconf 88' lang='lat' dir='ltr'><strong>solebat</strong></span> <span class='ocrx_word' id='word_1_43' title='bbox 1403 529 1533 569; x_wconf 87' lang='lat' dir='ltr'><strong>facere</strong></span> <span class='ocrx_word' id='word_1_44' title='bbox 1580 544 1694 582; x_wconf 84' lang='lat' dir='ltr'><strong>uvas,</strong></span> <span class='ocrx_word' id='word_1_45' title='bbox 1739 543 1787 569; x_wconf 83' lang='lat' dir='ltr'><strong>ex</strong></span> 
     </span>
     <span class='ocr_line' id='line_1_6' title="bbox 476 597 1819 653; baseline 0.001 -14"><span class='ocrx_word' id='word_1_46' title='bbox 476 599 629 653; x_wconf 87' lang='lat' dir='ltr'><strong>quibus</strong></span> <span class='ocrx_word' id='word_1_47' title='bbox 662 608 880 652; x_wconf 79' lang='lat' dir='ltr'>tamquam</span> <span class='ocrx_word' id='word_1_48' title='bbox 911 597 1108 638; x_wconf 85' lang='lat' dir='ltr'><strong>uberibus</strong></span> <span class='ocrx_word' id='word_1_49' title='bbox 1141 598 1301 638; x_wconf 81' lang='lat' dir='ltr'><strong>solebat</strong></span> <span class='ocrx_word' id='word_1_50' title='bbox 1332 607 1464 639; x_wconf 90' lang='lat' dir='ltr'><strong>mater</strong></span> <span class='ocrx_word' id='word_1_51' title='bbox 1508 599 1679 639; x_wconf 88' lang='lat' dir='ltr'><strong>ecclesia</strong></span> <span class='ocrx_word' id='word_1_52' title='bbox 1722 599 1819 642; x_wconf 87' lang='lat' dir='ltr'><strong>in-5</strong></span> 
     </span>
     <span class='ocr_line' id='line_1_7' title="bbox 475 666 1786 724; baseline 0 -15"><span class='ocrx_word' id='word_1_53' title='bbox 475 669 628 709; x_wconf 79' lang='lat' dir='ltr'><strong>ebriare</strong></span> <span class='ocrx_word' id='word_1_54' title='bbox 644 682 741 708; x_wconf 89' lang='lat' dir='ltr'><strong>suos</strong></span> <span class='ocrx_word' id='word_1_55' title='bbox 764 667 956 721; x_wconf 80' lang='lat' dir='ltr'><strong>palmites</strong></span> <span class='ocrx_word' id='word_1_56' title='bbox 985 666 1049 721; x_wconf 82' lang='lat' dir='ltr'><strong>(ut</strong></span> <span class='ocrx_word' id='word_1_57' title='bbox 1071 667 1261 720; x_wconf 88' lang='lat' dir='ltr'><strong>superius</strong></span> <span class='ocrx_word' id='word_1_58' title='bbox 1277 668 1499 721; x_wconf 82' lang='lat' dir='ltr'><strong>exponitur</strong></span> <span class='ocrx_word' id='word_1_59' title='bbox 1520 667 1786 724; x_wconf 84' lang='lat' dir='ltr'><strong>aBernardo)</strong></span> 
     </span>
     <span class='ocr_line' id='line_1_8' title="bbox 475 737 1784 792; baseline 0.002 -15"><span class='ocrx_word' id='word_1_60' title='bbox 475 738 588 778; x_wconf 87' lang='lat' dir='ltr'><strong>iuxta</strong></span> <span class='ocrx_word' id='word_1_61' title='bbox 620 737 863 778; x_wconf 85' lang='lat' dir='ltr'><strong>vaticinium</strong></span> <span class='ocrx_word' id='word_1_62' title='bbox 895 737 1100 790; x_wconf 87' lang='lat' dir='ltr'><strong>prophete</strong></span> <span class='ocrx_word' id='word_1_63' title='bbox 1131 737 1232 776; x_wconf 90' lang='lat' dir='ltr'><strong>Isaie</strong></span> <span class='ocrx_word' id='word_1_64' title='bbox 1254 738 1310 778; x_wconf 89' lang='lat' dir='ltr'><strong>V0</strong></span> <span class='ocrx_word' id='word_1_65' title='bbox 1346 751 1367 776; x_wconf 88' lang='lat'>2</span> <span class='ocrx_word' id='word_1_66' title='bbox 1398 738 1518 792; x_wconf 80' lang='lat' dir='ltr'><strong>facit</strong></span> <span class='ocrx_word' id='word_1_67' title='bbox 1544 738 1784 788; x_wconf 76' lang='lat' dir='ltr'><strong>labruscas,</strong></span> 
     </span>
     <span class='ocr_line' id='line_1_9' title="bbox 474 806 1785 861; baseline 0.002 -15"><span class='ocrx_word' id='word_1_68' title='bbox 474 808 515 847; x_wconf 92' lang='lat' dir='ltr'><strong>id</strong></span> <span class='ocrx_word' id='word_1_69' title='bbox 548 817 620 860; x_wconf 78' lang='lat' dir='ltr'><strong>est,</strong></span> <span class='ocrx_word' id='word_1_70' title='bbox 660 807 867 848; x_wconf 85' lang='lat' dir='ltr'><strong>fatuitates</strong></span> <span class='ocrx_word' id='word_1_71' title='bbox 910 806 1084 846; x_wconf 90' lang='lat' dir='ltr'><strong>honoris</strong></span> <span class='ocrx_word' id='word_1_72' title='bbox 1128 807 1332 846; x_wconf 88' lang='lat' dir='ltr'><strong>mundani</strong></span> <span class='ocrx_word' id='word_1_73' title='bbox 1378 817 1502 861; x_wconf 85' lang='lat' dir='ltr'><strong>atque</strong></span> <span class='ocrx_word' id='word_1_74' title='bbox 1547 808 1785 848; x_wconf 69' lang='lat' dir='ltr'><strong>discordias</strong></span> 
     </span>
     <span class='ocr_line' id='line_1_10' title="bbox 474 876 1884 931; baseline 0.001 -14"><span class='ocrx_word' id='word_1_75' title='bbox 474 878 572 917; x_wconf 91' lang='lat' dir='ltr'><strong>Ideo</strong></span> <span class='ocrx_word' id='word_1_76' title='bbox 591 890 676 917; x_wconf 90' lang='lat' dir='ltr'><strong>non</strong></span> <span class='ocrx_word' id='word_1_77' title='bbox 708 885 833 917; x_wconf 87' lang='lat' dir='ltr'><strong>restat</strong></span> <span class='ocrx_word' id='word_1_78' title='bbox 847 885 893 917; x_wconf 89' lang='lat' dir='ltr'><strong>ut</strong></span> <span class='ocrx_word' id='word_1_79' title='bbox 925 876 1028 930; x_wconf 85' lang='lat' dir='ltr'><strong>quid</strong></span> <span class='ocrx_word' id='word_1_80' title='bbox 1059 876 1161 916; x_wconf 90' lang='lat' dir='ltr'><strong>tales</strong></span> <span class='ocrx_word' id='word_1_81' title='bbox 1185 885 1338 916; x_wconf 84' lang='lat' dir='ltr'><strong>terram</strong></span> <span class='ocrx_word' id='word_1_82' title='bbox 1361 887 1570 930; x_wconf 89' lang='lat' dir='ltr'><strong>occupant</strong></span> <span class='ocrx_word' id='word_1_83' title='bbox 1583 878 1626 917; x_wconf 89' lang='lat' dir='ltr'><strong>in</strong></span> <span class='ocrx_word' id='word_1_84' title='bbox 1649 892 1747 931; x_wconf 85' lang='lat' dir='ltr'><strong>agro</strong></span> <span class='ocrx_word' id='word_1_85' title='bbox 1762 876 1787 904; x_wconf 41' lang='grc' dir='ltr'><strong>ἧς</strong></span> <span class='ocrx_word' id='word_1_86' title='bbox 1807 885 1884 929; x_wconf 68' lang='lat' dir='ltr'><strong>142b</strong></span> 
     </span>
     <span class='ocr_line' id='line_1_11' title="bbox 475 946 1845 1000; baseline 0.001 -13"><span class='ocrx_word' id='word_1_87' title='bbox 475 947 703 999; x_wconf 79' lang='lat' dir='ltr'><strong>dominico,</strong></span> <span class='ocrx_word' id='word_1_88' title='bbox 737 947 815 986; x_wconf 90' lang='lat' dir='ltr'><strong>nisi</strong></span> <span class='ocrx_word' id='word_1_89' title='bbox 847 956 894 988; x_wconf 90' lang='lat' dir='ltr'><strong>ut</strong></span> <span class='ocrx_word' id='word_1_90' title='bbox 916 955 1177 987; x_wconf 84' lang='lat' dir='ltr'><strong>reserventur</strong></span> <span class='ocrx_word' id='word_1_91' title='bbox 1200 946 1423 1000; x_wconf 83' lang='lat' dir='ltr'><strong>colligendi</strong></span> <span class='ocrx_word' id='word_1_92' title='bbox 1445 947 1487 986; x_wconf 88' lang='lat' dir='ltr'><strong>in</strong></span> <span class='ocrx_word' id='word_1_93' title='bbox 1502 946 1615 986; x_wconf 88' lang='lat' dir='ltr'><strong>finali</strong></span> <span class='ocrx_word' id='word_1_94' title='bbox 1633 947 1787 987; x_wconf 86' lang='lat' dir='ltr'><strong>iudicio</strong></span> <span class='ocrx_word' id='word_1_95' title='bbox 1807 968 1845 990; x_wconf 89' lang='lat'><strong>10</strong></span> 
     </span>
     <span class='ocr_line' id='line_1_12' title="bbox 474 1014 1788 1072; baseline -0.001 -14"><span class='ocrx_word' id='word_1_96' title='bbox 474 1027 513 1058; x_wconf 91' lang='lat' dir='ltr'><strong>et</strong></span> <span class='ocrx_word' id='word_1_97' title='bbox 548 1016 611 1072; x_wconf 77' lang='lat' dir='ltr'><strong>(ut</strong></span> <span class='ocrx_word' id='word_1_98' title='bbox 644 1017 793 1058; x_wconf 85' lang='lat' dir='ltr'><strong>dicitur</strong></span> <span class='ocrx_word' id='word_1_99' title='bbox 830 1017 1006 1057; x_wconf 88' lang='lat' dir='ltr'><strong>Matthei</strong></span> <span class='ocrx_word' id='word_1_100' title='bbox 1044 1016 1159 1056; x_wconf 83' lang='lat' dir='ltr'><strong>XIIIO</strong></span> <span class='ocrx_word' id='word_1_101' title='bbox 1195 1014 1265 1071; x_wconf 82' lang='lat'><strong>30)</strong></span> <span class='ocrx_word' id='word_1_102' title='bbox 1310 1018 1362 1056; x_wconf 87' lang='lat' dir='ltr'><strong>ad</strong></span> <span class='ocrx_word' id='word_1_103' title='bbox 1405 1018 1575 1057; x_wconf 89' lang='lat' dir='ltr'><strong>laudem</strong></span> <span class='ocrx_word' id='word_1_104' title='bbox 1619 1017 1788 1057; x_wconf 90' lang='lat' dir='ltr'><strong>ecclesie</strong></span> 
     </span>
     <span class='ocr_line' id='line_1_13' title="bbox 473 1087 763 1128; baseline 0 -1"><span class='ocrx_word' id='word_1_105' title='bbox 473 1087 763 1128; x_wconf 78' lang='lat' dir='ltr'><strong>comburendi.</strong></span> 
     </span>
    </p>

    <p class='ocr_par' dir='ltr' id='par_1_4' title="bbox 219 1154 1892 1210">
     <span class='ocr_line' id='line_1_14' title="bbox 219 1154 1892 1210; baseline 0 -15"><span class='ocrx_word' id='word_1_106' title='bbox 219 1161 247 1187; x_wconf 83' lang='lat' dir='ltr'><strong>A</strong></span> <span class='ocrx_word' id='word_1_107' title='bbox 268 1160 422 1188; x_wconf 76' lang='lat' dir='ltr'><strong>Christian</strong></span> <span class='ocrx_word' id='word_1_108' title='bbox 530 1156 692 1196; x_wconf 90' lang='lat' dir='ltr'><strong>Dicitur</strong></span> <span class='ocrx_word' id='word_1_109' title='bbox 722 1156 850 1196; x_wconf 88' lang='lat' dir='ltr'><strong>tercio</strong></span> <span class='ocrx_word' id='word_1_110' title='bbox 884 1156 999 1210; x_wconf 86' lang='lat' dir='ltr'><strong>quod</strong></span> <span class='ocrx_word' id='word_1_111' title='bbox 1030 1155 1110 1195; x_wconf 87' lang='lat' dir='ltr'><strong>nisi</strong></span> <span class='ocrx_word' id='word_1_112' title='bbox 1132 1154 1378 1196; x_wconf 87' lang='lat' dir='ltr'><strong>christianus</strong></span> <span class='ocrx_word' id='word_1_113' title='bbox 1402 1155 1564 1196; x_wconf 84' lang='lat' dir='ltr'><strong>sciverit</strong></span> <span class='ocrx_word' id='word_1_114' title='bbox 1586 1156 1828 1210; x_wconf 78' lang='lat' dir='ltr'><strong>quadraress</strong></span> <span class='ocrx_word' id='word_1_115' title='bbox 1855 1167 1892 1200; x_wconf 88' lang='lat' dir='ltr'><strong>H</strong></span> 
     </span>
    </p>
   </div>
   <div class='ocr_carea' id='block_1_3' title="bbox 181 1196 1844 2189">
    <p class='ocr_par' dir='ltr' id='par_1_5' title="bbox 184 1196 1844 2119">
     <span class='ocr_line' id='line_1_15' title="bbox 184 1196 1788 1294; baseline -0.001 -27"><span class='ocrx_word' id='word_1_116' title='bbox 184 1196 458 1294; x_wconf 48' lang='grc' dir='ltr'><strong>Πέἒδέξῗξὲἕῐῗῑῖν</strong></span> <span class='ocrx_word' id='word_1_117' title='bbox 473 1227 689 1278; x_wconf 78' lang='lat' dir='ltr'><strong>circulum,</strong></span> <span class='ocrx_word' id='word_1_118' title='bbox 723 1239 811 1265; x_wconf 91' lang='lat' dir='ltr'><strong>non</strong></span> <span class='ocrx_word' id='word_1_119' title='bbox 845 1235 906 1266; x_wconf 91' lang='lat' dir='ltr'><strong>est</strong></span> <span class='ocrx_word' id='word_1_120' title='bbox 950 1226 1000 1265; x_wconf 93' lang='lat' dir='ltr'><strong>de</strong></span> <span class='ocrx_word' id='word_1_121' title='bbox 1043 1226 1244 1265; x_wconf 84' lang='lat' dir='ltr'><strong>membris</strong></span> <span class='ocrx_word' id='word_1_122' title='bbox 1293 1225 1476 1266; x_wconf 89' lang='lat' dir='ltr'><strong>ecclesie.</strong></span> <span class='ocrx_word' id='word_1_123' title='bbox 1524 1226 1788 1275; x_wconf 87' lang='lat' dir='ltr'><strong>Quadratura</strong></span> 
     </span>
     <span class='ocr_line' id='line_1_16' title="bbox 472 1295 1843 1351; baseline 0 -15"><span class='ocrx_word' id='word_1_124' title='bbox 472 1297 645 1351; x_wconf 88' lang='lat' dir='ltr'><strong>quidem</strong></span> <span class='ocrx_word' id='word_1_125' title='bbox 679 1296 820 1336; x_wconf 89' lang='lat' dir='ltr'><strong>circuli</strong></span> <span class='ocrx_word' id='word_1_126' title='bbox 854 1305 915 1335; x_wconf 92' lang='lat' dir='ltr'><strong>est</strong></span> <span class='ocrx_word' id='word_1_127' title='bbox 948 1296 1114 1347; x_wconf 86' lang='lat' dir='ltr'><strong>scibilis,</strong></span> <span class='ocrx_word' id='word_1_128' title='bbox 1149 1305 1196 1336; x_wconf 88' lang='lat' dir='ltr'><strong>ut</strong></span> <span class='ocrx_word' id='word_1_129' title='bbox 1228 1304 1342 1349; x_wconf 90' lang='lat' dir='ltr'><strong>patet</strong></span> <span class='ocrx_word' id='word_1_130' title='bbox 1379 1295 1422 1334; x_wconf 92' lang='lat' dir='ltr'><strong>in</strong></span> <span class='ocrx_word' id='word_1_131' title='bbox 1447 1296 1786 1348; x_wconf 54' lang='lat' dir='ltr'><strong>medicamentis,</strong></span> <span class='ocrx_word' id='word_1_132' title='bbox 1807 1307 1843 1340; x_wconf 80' lang='lat'><strong>15</strong></span> 
     </span>
     <span class='ocr_line' id='line_1_17' title="bbox 472 1365 1788 1419; baseline -0.001 -13"><span class='ocrx_word' id='word_1_133' title='bbox 472 1368 542 1406; x_wconf 89' lang='lat' dir='ltr'><strong>sed</strong></span> <span class='ocrx_word' id='word_1_134' title='bbox 576 1366 653 1406; x_wconf 84' lang='lat' dir='ltr'><strong>fuit</strong></span> <span class='ocrx_word' id='word_1_135' title='bbox 685 1366 725 1405; x_wconf 92' lang='lat' dir='ltr'><strong>in</strong></span> <span class='ocrx_word' id='word_1_136' title='bbox 758 1375 949 1419; x_wconf 89' lang='lat' dir='ltr'><strong>tempore</strong></span> <span class='ocrx_word' id='word_1_137' title='bbox 971 1365 1209 1406; x_wconf 87' lang='lat' dir='ltr'><strong>Aristotelis</strong></span> <span class='ocrx_word' id='word_1_138' title='bbox 1238 1365 1432 1405; x_wconf 88' lang='lat' dir='ltr'><strong>nondum</strong></span> <span class='ocrx_word' id='word_1_139' title='bbox 1464 1365 1576 1408; x_wconf 85' lang='lat' dir='ltr'><strong>scita.</strong></span> <span class='ocrx_word' id='word_1_140' title='bbox 1611 1365 1788 1406; x_wconf 86' lang='lat' dir='ltr'><strong>Constat</strong></span> 
     </span>
     <span class='ocr_line' id='line_1_18' title="bbox 472 1435 1788 1491; baseline -0.002 -15"><span class='ocrx_word' id='word_1_141' title='bbox 472 1437 643 1491; x_wconf 85' lang='lat' dir='ltr'><strong>quidem</strong></span> <span class='ocrx_word' id='word_1_142' title='bbox 666 1437 781 1490; x_wconf 87' lang='lat' dir='ltr'><strong>quod</strong></span> <span class='ocrx_word' id='word_1_143' title='bbox 795 1435 928 1488; x_wconf 84' lang='lat' dir='ltr'><strong>figura</strong></span> <span class='ocrx_word' id='word_1_144' title='bbox 945 1435 1206 1489; x_wconf 89' lang='lat' dir='ltr'><strong>tripunctalis</strong></span> <span class='ocrx_word' id='word_1_145' title='bbox 1225 1436 1276 1474; x_wconf 86' lang='lat' dir='ltr'><strong>ad</strong></span> <span class='ocrx_word' id='word_1_146' title='bbox 1296 1435 1424 1475; x_wconf 90' lang='lat' dir='ltr'><strong>instar</strong></span> <span class='ocrx_word' id='word_1_147' title='bbox 1449 1435 1641 1475; x_wconf 88' lang='lat' dir='ltr'><strong>trinitatis</strong></span> <span class='ocrx_word' id='word_1_148' title='bbox 1664 1436 1788 1475; x_wconf 88' lang='lat' dir='ltr'><strong>habet</strong></span> 
     </span>
     <span class='ocr_line' id='line_1_19' title="bbox 471 1505 1788 1560; baseline -0.001 -14"><span class='ocrx_word' id='word_1_149' title='bbox 471 1507 545 1547; x_wconf 88' lang='lat' dir='ltr'><strong>tria</strong></span> <span class='ocrx_word' id='word_1_150' title='bbox 569 1515 726 1560; x_wconf 85' lang='lat' dir='ltr'><strong>puncta</strong></span> <span class='ocrx_word' id='word_1_151' title='bbox 759 1506 977 1559; x_wconf 87' lang='lat' dir='ltr'><strong>supposita</strong></span> <span class='ocrx_word' id='word_1_152' title='bbox 1000 1519 1185 1559; x_wconf 87' lang='lat' dir='ltr'><strong>quorum</strong></span> <span class='ocrx_word' id='word_1_153' title='bbox 1207 1505 1374 1545; x_wconf 87' lang='lat' dir='ltr'><strong>nullum</strong></span> <span class='ocrx_word' id='word_1_154' title='bbox 1397 1505 1557 1545; x_wconf 85' lang='lat' dir='ltr'><strong>excedit</strong></span> <span class='ocrx_word' id='word_1_155' title='bbox 1578 1505 1788 1559; x_wconf 86' lang='lat' dir='ltr'><strong>reliquum</strong></span> 
     </span>
     <span class='ocr_line' id='line_1_20' title="bbox 470 1574 1787 1629; baseline -0.001 -13"><span class='ocrx_word' id='word_1_156' title='bbox 470 1578 576 1617; x_wconf 86' lang='lat' dir='ltr'><strong>sicut</strong></span> <span class='ocrx_word' id='word_1_157' title='bbox 591 1590 665 1616; x_wconf 86' lang='lat' dir='ltr'><strong>nec</strong></span> <span class='ocrx_word' id='word_1_158' title='bbox 680 1576 807 1616; x_wconf 86' lang='lat' dir='ltr'><strong>latera</strong></span> <span class='ocrx_word' id='word_1_159' title='bbox 820 1576 886 1615; x_wconf 87' lang='lat' dir='ltr'><strong>vel</strong></span> <span class='ocrx_word' id='word_1_160' title='bbox 907 1575 1064 1629; x_wconf 81' lang='lat' dir='ltr'><strong>anguli,</strong></span> <span class='ocrx_word' id='word_1_161' title='bbox 1080 1576 1151 1614; x_wconf 91' lang='lat' dir='ltr'><strong>sed</strong></span> <span class='ocrx_word' id='word_1_162' title='bbox 1170 1574 1325 1615; x_wconf 90' lang='lat' dir='ltr'><strong>habent</strong></span> <span class='ocrx_word' id='word_1_163' title='bbox 1352 1574 1530 1628; x_wconf 85' lang='lat' dir='ltr'><strong>figuram</strong></span> <span class='ocrx_word' id='word_1_164' title='bbox 1552 1584 1591 1615; x_wconf 88' lang='lat' dir='ltr'><strong>et</strong></span> <span class='ocrx_word' id='word_1_165' title='bbox 1610 1577 1787 1629; x_wconf 86' lang='lat' dir='ltr'><strong>angulos</strong></span> 
     </span>
     <span class='ocr_line' id='line_1_21' title="bbox 470 1644 1844 1701; baseline -0.001 -14"><span class='ocrx_word' id='word_1_166' title='bbox 470 1648 706 1701; x_wconf 85' lang='lat' dir='ltr'><strong>utrobique.</strong></span> <span class='ocrx_word' id='word_1_167' title='bbox 732 1646 1118 1699; x_wconf 88' lang='lat' dir='ltr'><strong>Correspondenter</strong></span> <span class='ocrx_word' id='word_1_168' title='bbox 1140 1644 1301 1684; x_wconf 89' lang='lat' dir='ltr'><strong>mistice</strong></span> <span class='ocrx_word' id='word_1_169' title='bbox 1332 1653 1419 1684; x_wconf 89' lang='lat' dir='ltr'><strong>tota</strong></span> <span class='ocrx_word' id='word_1_170' title='bbox 1451 1645 1610 1685; x_wconf 87' lang='lat' dir='ltr'><strong>trinitas</strong></span> <span class='ocrx_word' id='word_1_171' title='bbox 1641 1659 1782 1698; x_wconf 90' lang='lat' dir='ltr'><strong>perso·</strong></span> <span class='ocrx_word' id='word_1_172' title='bbox 1803 1667 1844 1689; x_wconf 84' lang='lat'><strong>20</strong></span> 
     </span>
     <span class='ocr_line' id='line_1_22' title="bbox 469 1715 1785 1770; baseline -0.002 -12"><span class='ocrx_word' id='word_1_173' title='bbox 469 1731 621 1758; x_wconf 89' lang='lat' dir='ltr'><strong>narum</strong></span> <span class='ocrx_word' id='word_1_174' title='bbox 643 1725 704 1757; x_wconf 90' lang='lat' dir='ltr'><strong>est</strong></span> <span class='ocrx_word' id='word_1_175' title='bbox 725 1716 865 1770; x_wconf 88' lang='lat' dir='ltr'><strong>parilis</strong></span> <span class='ocrx_word' id='word_1_176' title='bbox 889 1725 927 1755; x_wconf 90' lang='lat' dir='ltr'><strong>et</strong></span> <span class='ocrx_word' id='word_1_177' title='bbox 949 1715 1074 1756; x_wconf 91' lang='lat' dir='ltr'><strong>nocio</strong></span> <span class='ocrx_word' id='word_1_178' title='bbox 1089 1728 1366 1768; x_wconf 86' lang='lat' dir='ltr'><strong>personarum</strong></span> <span class='ocrx_word' id='word_1_179' title='bbox 1389 1723 1434 1754; x_wconf 92' lang='lat' dir='ltr'><strong>ut</strong></span> <span class='ocrx_word' id='word_1_180' title='bbox 1455 1715 1581 1754; x_wconf 90' lang='lat' dir='ltr'><strong>latera</strong></span> <span class='ocrx_word' id='word_1_181' title='bbox 1602 1729 1677 1755; x_wconf 90' lang='lat' dir='ltr'><strong>nec</strong></span> <span class='ocrx_word' id='word_1_182' title='bbox 1699 1729 1785 1755; x_wconf 87' lang='lat' dir='ltr'><strong>non</strong></span> 
     </span>
     <span class='ocr_line' id='line_1_23' title="bbox 469 1784 1786 1841; baseline -0.003 -13"><span class='ocrx_word' id='word_1_183' title='bbox 469 1797 508 1829; x_wconf 92' lang='lat' dir='ltr'><strong>et</strong></span> <span class='ocrx_word' id='word_1_184' title='bbox 539 1788 813 1841; x_wconf 86' lang='lat' dir='ltr'><strong>proprietates</strong></span> <span class='ocrx_word' id='word_1_185' title='bbox 846 1799 989 1826; x_wconf 89' lang='lat' dir='ltr'><strong>earum</strong></span> <span class='ocrx_word' id='word_1_186' title='bbox 1022 1794 1067 1825; x_wconf 85' lang='lat' dir='ltr'><strong>ut</strong></span> <span class='ocrx_word' id='word_1_187' title='bbox 1088 1784 1243 1838; x_wconf 86' lang='lat' dir='ltr'><strong>anguli,</strong></span> <span class='ocrx_word' id='word_1_188' title='bbox 1269 1792 1308 1824; x_wconf 91' lang='lat' dir='ltr'><strong>et</strong></span> <span class='ocrx_word' id='word_1_189' title='bbox 1330 1798 1604 1825; x_wconf 85' lang='lat' dir='ltr'><strong>communem</strong></span> <span class='ocrx_word' id='word_1_190' title='bbox 1630 1785 1786 1825; x_wconf 90' lang='lat' dir='ltr'><strong>habent</strong></span> 
     </span>
     <span class='ocr_line' id='line_1_24' title="bbox 470 1853 1784 1910; baseline -0.003 -12"><span class='ocrx_word' id='word_1_191' title='bbox 470 1858 698 1898; x_wconf 86' lang='lat' dir='ltr'><strong>essenciam</strong></span> <span class='ocrx_word' id='word_1_192' title='bbox 720 1857 877 1910; x_wconf 88' lang='lat' dir='ltr'><strong>ubique</strong></span> <span class='ocrx_word' id='word_1_193' title='bbox 900 1855 1131 1909; x_wconf 87' lang='lat' dir='ltr'><strong>plenariam</strong></span> <span class='ocrx_word' id='word_1_194' title='bbox 1154 1862 1199 1894; x_wconf 90' lang='lat' dir='ltr'><strong>ut</strong></span> <span class='ocrx_word' id='word_1_195' title='bbox 1221 1853 1411 1907; x_wconf 84' lang='lat' dir='ltr'><strong>figuram.</strong></span> <span class='ocrx_word' id='word_1_196' title='bbox 1434 1855 1487 1894; x_wconf 89' lang='lat' dir='ltr'><strong>Et</strong></span> <span class='ocrx_word' id='word_1_197' title='bbox 1509 1854 1616 1894; x_wconf 90' lang='lat' dir='ltr'><strong>sicut</strong></span> <span class='ocrx_word' id='word_1_198' title='bbox 1636 1868 1784 1894; x_wconf 87' lang='lat' dir='ltr'><strong>omnes</strong></span> 
     </span>
     <span class='ocr_line' id='line_1_25' title="bbox 468 1924 1783 1980; baseline -0.004 -13"><span class='ocrx_word' id='word_1_199' title='bbox 468 1927 525 1967; x_wconf 91' lang='lat' dir='ltr'><strong>illi</strong></span> <span class='ocrx_word' id='word_1_200' title='bbox 550 1936 629 1967; x_wconf 87' lang='lat' dir='ltr'><strong>tres</strong></span> <span class='ocrx_word' id='word_1_201' title='bbox 652 1926 796 1980; x_wconf 85' lang='lat' dir='ltr'><strong>anguli</strong></span> <span class='ocrx_word' id='word_1_202' title='bbox 828 1926 966 1965; x_wconf 84' lang='lat' dir='ltr'><strong>valent</strong></span> <span class='ocrx_word' id='word_1_203' title='bbox 998 1926 1105 1964; x_wconf 89' lang='lat' dir='ltr'><strong>duos</strong></span> <span class='ocrx_word' id='word_1_204' title='bbox 1139 1933 1285 1975; x_wconf 81' lang='lat' dir='ltr'><strong>rectOS,</strong></span> <span class='ocrx_word' id='word_1_205' title='bbox 1319 1924 1376 1963; x_wconf 87' lang='lat' dir='ltr'><strong>sic</strong></span> <span class='ocrx_word' id='word_1_206' title='bbox 1409 1937 1557 1963; x_wconf 89' lang='lat' dir='ltr'><strong>omnes</strong></span> <span class='ocrx_word' id='word_1_207' title='bbox 1578 1932 1658 1963; x_wconf 89' lang='lat' dir='ltr'><strong>tres</strong></span> <span class='ocrx_word' id='word_1_208' title='bbox 1690 1937 1783 1977; x_wconf 90' lang='lat' dir='ltr'><strong>per-</strong></span> 
     </span>
     <span class='ocr_line' id='line_1_26' title="bbox 469 1993 1842 2050; baseline -0.002 -14"><span class='ocrx_word' id='word_1_209' title='bbox 469 2011 570 2037; x_wconf 90' lang='lat' dir='ltr'><strong>sone</strong></span> <span class='ocrx_word' id='word_1_210' title='bbox 604 1996 742 2035; x_wconf 85' lang='lat' dir='ltr'><strong>divine</strong></span> <span class='ocrx_word' id='word_1_211' title='bbox 776 1997 915 2036; x_wconf 87' lang='lat' dir='ltr'><strong>valent</strong></span> <span class='ocrx_word' id='word_1_212' title='bbox 946 1995 1185 2050; x_wconf 88' lang='lat' dir='ltr'><strong>ydemptice</strong></span> <span class='ocrx_word' id='word_1_213' title='bbox 1218 2008 1447 2034; x_wconf 86' lang='lat' dir='ltr'><strong>commune</strong></span> <span class='ocrx_word' id='word_1_214' title='bbox 1469 1993 1726 2048; x_wconf 87' lang='lat' dir='ltr'><strong>principium</strong></span> <span class='ocrx_word' id='word_1_215' title='bbox 1749 2003 1788 2033; x_wconf 92' lang='lat' dir='ltr'><strong>et</strong></span> <span class='ocrx_word' id='word_1_216' title='bbox 1804 2005 1842 2038; x_wconf 83' lang='lat'><strong>25</strong></span> 
     </span>
     <span class='ocr_line' id='line_1_27' title="bbox 469 2064 1787 2119; baseline -0.002 -13"><span class='ocrx_word' id='word_1_217' title='bbox 469 2080 698 2107; x_wconf 88' lang='lat' dir='ltr'><strong>commune</strong></span> <span class='ocrx_word' id='word_1_218' title='bbox 752 2066 1064 2119; x_wconf 88' lang='lat' dir='ltr'><strong>principiatum.</strong></span> <span class='ocrx_word' id='word_1_219' title='bbox 1139 2065 1180 2105; x_wconf 84' lang='lat' dir='ltr'><strong>Si</strong></span> <span class='ocrx_word' id='word_1_220' title='bbox 1244 2078 1342 2119; x_wconf 83' lang='lat' dir='ltr'><strong>ergo</strong></span> <span class='ocrx_word' id='word_1_221' title='bbox 1386 2064 1428 2103; x_wconf 91' lang='lat' dir='ltr'><strong>in</strong></span> <span class='ocrx_word' id='word_1_222' title='bbox 1473 2064 1614 2103; x_wconf 89' lang='lat' dir='ltr'><strong>medio</strong></span> <span class='ocrx_word' id='word_1_223' title='bbox 1659 2064 1787 2104; x_wconf 88' lang='lat' dir='ltr'><strong>trium</strong></span> 
     </span>
    </p>

    <p class='ocr_par' dir='ltr' id='par_1_6' title="bbox 181 2133 1786 2189">
     <span class='ocr_line' id='line_1_28' title="bbox 181 2133 1786 2189; baseline -0.002 -13"><span class='ocrx_word' id='word_1_224' title='bbox 181 2134 252 2161; x_wconf 86' lang='lat' dir='ltr'><strong>God</strong></span> <span class='ocrx_word' id='word_1_225' title='bbox 274 2135 300 2162; x_wconf 61' lang='lat'><strong>³²³</strong></span> <span class='ocrx_word' id='word_1_226' title='bbox 320 2134 388 2162; x_wconf 65' lang='lat' dir='ltr'><strong>Sssid</strong></span> <span class='ocrx_word' id='word_1_227' title='bbox 411 2140 442 2162; x_wconf 64' lang='lat'><strong>1⁰</strong></span> <span class='ocrx_word' id='word_1_228' title='bbox 468 2145 727 2189; x_wconf 87' lang='lat' dir='ltr'><strong>punctorum</strong></span> <span class='ocrx_word' id='word_1_229' title='bbox 759 2135 811 2175; x_wconf 90' lang='lat' dir='ltr'><strong>sit</strong></span> <span class='ocrx_word' id='word_1_230' title='bbox 842 2145 1024 2189; x_wconf 89' lang='lat' dir='ltr'><strong>punctus</strong></span> <span class='ocrx_word' id='word_1_231' title='bbox 1057 2134 1234 2188; x_wconf 87' lang='lat' dir='ltr'><strong>positus,</strong></span> <span class='ocrx_word' id='word_1_232' title='bbox 1274 2148 1418 2188; x_wconf 88' lang='lat' dir='ltr'><strong>gerens</strong></span> <span class='ocrx_word' id='word_1_233' title='bbox 1463 2133 1786 2173; x_wconf 87' lang='lat' dir='ltr'><strong>similitudinem</strong></span> 
     </span>
    </p>
   </div>
   <div class='ocr_carea' id='block_1_4' title="bbox 181 2169 451 2197">
    <p class='ocr_par' dir='ltr' id='par_1_7' title="bbox 181 2169 451 2197">
     <span class='ocr_line' id='line_1_29' title="bbox 181 2169 451 2197; baseline 0.007 -2"><span class='ocrx_word' id='word_1_234' title='bbox 181 2169 218 2195; x_wconf 85' lang='lat' dir='ltr'><strong>be</strong></span> <span class='ocrx_word' id='word_1_235' title='bbox 240 2177 255 2196; x_wconf 84' lang='lat' dir='ltr'><strong>a</strong></span> <span class='ocrx_word' id='word_1_236' title='bbox 269 2170 359 2197; x_wconf 88' lang='lat' dir='ltr'><strong>circle</strong></span> <span class='ocrx_word' id='word_1_237' title='bbox 380 2171 451 2197; x_wconf 80' lang='lat' dir='ltr'><strong>with</strong></span> 
     </span>
    </p>
   </div>
   <div class='ocr_carea' id='block_1_5' title="bbox 179 2203 1783 2267">
    <p class='ocr_par' dir='ltr' id='par_1_8' title="bbox 179 2203 1783 2267">
     <span class='ocr_line' id='line_1_30' title="bbox 179 2203 1783 2267; baseline -0.002 -21"><span class='ocrx_word' id='word_1_238' title='bbox 179 2203 649 2267; x_wconf 52' lang='grc' dir='ltr'><strong>Ῐξῇὴεξξέῑξῃῇνξξὲ-θεεεῃςὶε</strong></span> <span class='ocrx_word' id='word_1_239' title='bbox 693 2220 774 2260; x_wconf 87' lang='lat' dir='ltr'><strong>que</strong></span> <span class='ocrx_word' id='word_1_240' title='bbox 813 2206 1047 2246; x_wconf 86' lang='lat' dir='ltr'><strong>secundum</strong></span> <span class='ocrx_word' id='word_1_241' title='bbox 1084 2204 1299 2244; x_wconf 89' lang='lat' dir='ltr'><strong>racionem</strong></span> <span class='ocrx_word' id='word_1_242' title='bbox 1340 2203 1783 2244; x_wconf 86' lang='lat' dir='ltr'><strong>communicabilitatis</strong></span> 
     </span>
    </p>
   </div>
   <div class='ocr_carea' id='block_1_6' title="bbox 196 2273 1843 2468">
    <p class='ocr_par' dir='ltr' id='par_1_9' title="bbox 196 2273 1843 2468">
     <span class='ocr_line' id='line_1_31' title="bbox 196 2273 1784 2336; baseline -0.002 -21"><span class='ocrx_word' id='word_1_243' title='bbox 196 2273 439 2336; x_wconf 52' lang='grc' dir='ltr'><strong>ΕΤῐξέψῐῆξὲξξηθθ</strong></span> <span class='ocrx_word' id='word_1_244' title='bbox 466 2276 736 2329; x_wconf 87' lang='lat' dir='ltr'><strong>distinguitur</strong></span> <span class='ocrx_word' id='word_1_245' title='bbox 768 2290 790 2314; x_wconf 90' lang='lat' dir='ltr'><strong>a</strong></span> <span class='ocrx_word' id='word_1_246' title='bbox 822 2275 1026 2329; x_wconf 82' lang='lat' dir='ltr'><strong>personis,</strong></span> <span class='ocrx_word' id='word_1_247' title='bbox 1060 2283 1161 2314; x_wconf 93' lang='lat' dir='ltr'><strong>tunc</strong></span> <span class='ocrx_word' id='word_1_248' title='bbox 1193 2274 1344 2327; x_wconf 79' lang='lat' dir='ltr'><strong>figurat</strong></span> <span class='ocrx_word' id='word_1_249' title='bbox 1384 2274 1487 2313; x_wconf 89' lang='lat' dir='ltr'><strong>illud</strong></span> <span class='ocrx_word' id='word_1_250' title='bbox 1528 2273 1653 2313; x_wconf 88' lang='lat' dir='ltr'><strong>simul</strong></span> <span class='ocrx_word' id='word_1_251' title='bbox 1702 2273 1784 2313; x_wconf 87' lang='lat' dir='ltr'><strong>exi-</strong></span> 
     </span>
     <span class='ocr_line' id='line_1_32' title="bbox 467 2343 1843 2399; baseline -0.002 -14"><span class='ocrx_word' id='word_1_252' title='bbox 467 2354 578 2385; x_wconf 88' lang='lat' dir='ltr'><strong>stens</strong></span> <span class='ocrx_word' id='word_1_253' title='bbox 611 2346 864 2399; x_wconf 85' lang='lat' dir='ltr'><strong>quadratum</strong></span> <span class='ocrx_word' id='word_1_254' title='bbox 884 2355 923 2385; x_wconf 91' lang='lat' dir='ltr'><strong>et</strong></span> <span class='ocrx_word' id='word_1_255' title='bbox 945 2346 1124 2385; x_wconf 87' lang='lat' dir='ltr'><strong>circulus</strong></span> <span class='ocrx_word' id='word_1_256' title='bbox 1156 2346 1296 2384; x_wconf 90' lang='lat' dir='ltr'><strong>Deum</strong></span> <span class='ocrx_word' id='word_1_257' title='bbox 1319 2352 1515 2383; x_wconf 87' lang='lat' dir='ltr'><strong>nostrum</strong></span> <span class='ocrx_word' id='word_1_258' title='bbox 1537 2343 1609 2397; x_wconf 90' lang='lat' dir='ltr'><strong>qui</strong></span> <span class='ocrx_word' id='word_1_259' title='bbox 1633 2356 1780 2383; x_wconf 85' lang='lat' dir='ltr'><strong>secun·</strong></span> <span class='ocrx_word' id='word_1_260' title='bbox 1802 2355 1843 2387; x_wconf 82' lang='lat'><strong>30</strong></span> 
     </span>
     <span class='ocr_line' id='line_1_33' title="bbox 467 2413 1785 2468; baseline -0.002 -14"><span class='ocrx_word' id='word_1_261' title='bbox 467 2416 569 2454; x_wconf 85' lang='lat' dir='ltr'><strong>dum</strong></span> <span class='ocrx_word' id='word_1_262' title='bbox 602 2429 737 2455; x_wconf 88' lang='lat' dir='ltr'><strong>unum</strong></span> <span class='ocrx_word' id='word_1_263' title='bbox 769 2416 820 2455; x_wconf 92' lang='lat' dir='ltr'><strong>de</strong></span> <span class='ocrx_word' id='word_1_264' title='bbox 850 2415 997 2468; x_wconf 87' lang='lat' dir='ltr'><strong>viginti</strong></span> <span class='ocrx_word' id='word_1_265' title='bbox 1029 2424 1211 2468; x_wconf 86' lang='lat' dir='ltr'><strong>quatuor</strong></span> <span class='ocrx_word' id='word_1_266' title='bbox 1250 2413 1469 2468; x_wconf 90' lang='lat' dir='ltr'><strong>prophetis</strong></span> <span class='ocrx_word' id='word_1_267' title='bbox 1509 2421 1570 2452; x_wconf 89' lang='lat' dir='ltr'><strong>est</strong></span> <span class='ocrx_word' id='word_1_268' title='bbox 1607 2413 1785 2453; x_wconf 89' lang='lat' dir='ltr'><strong>circulus</strong></span> 
     </span>
    </p>
   </div>
   <div class='ocr_carea' id='block_1_7' title="bbox 467 2482 1785 2539">
    <p class='ocr_par' dir='ltr' id='par_1_10' title="bbox 467 2482 1785 2539">
     <span class='ocr_line' id='line_1_34' title="bbox 467 2482 1785 2539; baseline -0.001 -16"><span class='ocrx_word' id='word_1_269' title='bbox 467 2485 737 2539; x_wconf 85' lang='lat' dir='ltr'><strong>intelligibilis</strong></span> <span class='ocrx_word' id='word_1_270' title='bbox 758 2486 876 2525; x_wconf 87' lang='lat' dir='ltr'><strong>cuius</strong></span> <span class='ocrx_word' id='word_1_271' title='bbox 898 2494 1089 2525; x_wconf 89' lang='lat' dir='ltr'><strong>centrum</strong></span> <span class='ocrx_word' id='word_1_272' title='bbox 1107 2493 1168 2524; x_wconf 90' lang='lat' dir='ltr'><strong>est</strong></span> <span class='ocrx_word' id='word_1_273' title='bbox 1196 2484 1354 2537; x_wconf 85' lang='lat' dir='ltr'><strong>ubique</strong></span> <span class='ocrx_word' id='word_1_274' title='bbox 1379 2493 1419 2524; x_wconf 94' lang='lat' dir='ltr'><strong>et</strong></span> <span class='ocrx_word' id='word_1_275' title='bbox 1448 2482 1785 2523; x_wconf 87' lang='lat' dir='ltr'><strong>circumferencia</strong></span> 
     </span>
    </p>
   </div>
   <div class='ocr_carea' id='block_1_8' title="bbox 468 2628 1784 2762">
    <p class='ocr_par' dir='ltr' id='par_1_11' title="bbox 468 2628 1784 2762">
     <span class='ocr_line' id='line_1_35' title="bbox 519 2628 1784 2667; baseline -0.002 -8"><span class='ocrx_word' id='word_1_276' title='bbox 519 2642 539 2660; x_wconf 87' lang='lat'><strong>1.</strong></span> <span class='ocrx_word' id='word_1_277' title='bbox 557 2633 595 2660; x_wconf 77' lang='lat'><strong>13:</strong></span> <span class='ocrx_word' id='word_1_278' title='bbox 612 2633 641 2661; x_wconf 89' lang='lat' dir='ltr'><strong>in</strong></span> <span class='ocrx_word' id='word_1_279' title='bbox 664 2633 845 2661; x_wconf 88' lang='lat' dir='ltr'><strong>hominibus</strong></span> <span class='ocrx_word' id='word_1_280' title='bbox 866 2641 930 2661; x_wconf 86' lang='lat' dir='ltr'><strong>non</strong></span> <span class='ocrx_word' id='word_1_281' title='bbox 951 2633 1016 2660; x_wconf 85' lang='lat' dir='ltr'><strong>erit.</strong></span> <span class='ocrx_word' id='word_1_282' title='bbox 1093 2632 1117 2660; x_wconf 83' lang='lat'><strong>5.</strong></span> <span class='ocrx_word' id='word_1_283' title='bbox 1136 2632 1334 2667; x_wconf 48' lang='lat' dir='ltr'><strong>&amp;tanquam</strong></span> <span class='ocrx_word' id='word_1_284' title='bbox 1355 2630 1596 2658; x_wconf 84' lang='lat' dir='ltr'><strong>universalibus.</strong></span> <span class='ocrx_word' id='word_1_285' title='bbox 1655 2628 1690 2657; x_wconf 84' lang='lat'><strong>13.</strong></span> <span class='ocrx_word' id='word_1_286' title='bbox 1711 2631 1739 2658; x_wconf 90' lang='lat' dir='ltr'><strong>A</strong></span> <span class='ocrx_word' id='word_1_287' title='bbox 1754 2629 1784 2657; x_wconf 88' lang='lat' dir='ltr'><strong>in</strong></span> 
     </span>
     <span class='ocr_line' id='line_1_36' title="bbox 468 2676 1784 2715; baseline -0.002 -9"><span class='ocrx_word' id='word_1_288' title='bbox 468 2688 582 2714; x_wconf 44' lang='lat' dir='ltr'><strong>marga</strong></span> <span class='ocrx_word' id='word_1_289' title='bbox 641 2680 722 2707; x_wconf 81' lang='lat' dir='ltr'><strong>Nota</strong></span> <span class='ocrx_word' id='word_1_290' title='bbox 743 2680 779 2706; x_wconf 82' lang='lat' dir='ltr'><strong>de</strong></span> <span class='ocrx_word' id='word_1_291' title='bbox 801 2681 990 2715; x_wconf 81' lang='lat' dir='ltr'><strong>quadratura</strong></span> <span class='ocrx_word' id='word_1_292' title='bbox 1006 2679 1125 2706; x_wconf 86' lang='lat' dir='ltr'><strong>circuli.</strong></span> <span class='ocrx_word' id='word_1_293' title='bbox 1200 2679 1220 2705; x_wconf 82' lang='grc' dir='ltr'>Β</span> <span class='ocrx_word' id='word_1_294' title='bbox 1244 2678 1273 2704; x_wconf 88' lang='lat' dir='ltr'><strong>in</strong></span> <span class='ocrx_word' id='word_1_295' title='bbox 1296 2685 1409 2712; x_wconf 64' lang='lat' dir='ltr'><strong>marg:</strong></span> <span class='ocrx_word' id='word_1_296' title='bbox 1452 2677 1649 2712; x_wconf 75' lang='lat' dir='ltr'><strong>Quadratum</strong></span> <span class='ocrx_word' id='word_1_297' title='bbox 1669 2676 1784 2704; x_wconf 85' lang='lat' dir='ltr'><strong>circuli.</strong></span> 
     </span>
     <span class='ocr_line' id='line_1_37' title="bbox 469 2722 1748 2762; baseline -0.002 -11"><span class='ocrx_word' id='word_1_298' title='bbox 469 2734 506 2760; x_wconf 80' lang='lat'><strong>17.</strong></span> <span class='ocrx_word' id='word_1_299' title='bbox 530 2726 562 2752; x_wconf 89' lang='lat' dir='ltr'><strong>ln</strong></span> <span class='ocrx_word' id='word_1_300' title='bbox 584 2726 681 2753; x_wconf 85' lang='lat' dir='ltr'><strong>codd:</strong></span> <span class='ocrx_word' id='word_1_301' title='bbox 703 2727 786 2762; x_wconf 86' lang='lat' dir='ltr'><strong>quod</strong></span> <span class='ocrx_word' id='word_1_302' title='bbox 809 2727 965 2761; x_wconf 76' lang='lat' dir='ltr'><strong>liguratur.</strong></span> <span class='ocrx_word' id='word_1_303' title='bbox 1046 2756 1048 2759; x_wconf 24' lang='lat' dir='ltr'>v</span> <span class='ocrx_word' id='word_1_304' title='bbox 1101 2726 1143 2753; x_wconf 79' lang='lat'><strong>32.</strong></span> <span class='ocrx_word' id='word_1_305' title='bbox 1166 2725 1253 2758; x_wconf 54' lang='lat' dir='ltr'><strong>AAI:</strong></span> <span class='ocrx_word' id='word_1_306' title='bbox 1275 2724 1362 2750; x_wconf 89' lang='lat' dir='ltr'><strong>cuius</strong></span> <span class='ocrx_word' id='word_1_307' title='bbox 1381 2739 1414 2743; x_wconf 76' lang='lat'>—</span> <span class='ocrx_word' id='word_1_308' title='bbox 1435 2722 1634 2757; x_wconf 73' lang='lat' dir='ltr'><strong>intelligibilis</strong></span> <span class='ocrx_word' id='word_1_309' title='bbox 1654 2723 1748 2750; x_wconf 84' lang='lat' dir='ltr'><strong>deest.</strong></span> 
     </span>
    </p>
   </div>
   <div class='ocr_carea' id='block_1_9' title="bbox 517 2842 1598 2886">
    <p class='ocr_par' dir='ltr' id='par_1_12' title="bbox 517 2842 1598 2886">
     <span class='ocr_line' id='line_1_38' title="bbox 517 2842 1598 2886; baseline -0.001 -12"><span class='ocrx_word' id='word_1_310' title='bbox 517 2842 570 2874; x_wconf 73' lang='lat'><strong>31.</strong></span> <span class='ocrx_word' id='word_1_311' title='bbox 597 2843 683 2875; x_wconf 82' lang='lat' dir='ltr'><strong>This</strong></span> <span class='ocrx_word' id='word_1_312' title='bbox 713 2855 861 2886; x_wconf 75' lang='lat' dir='ltr'><strong>passage</strong></span> <span class='ocrx_word' id='word_1_313' title='bbox 888 2844 916 2875; x_wconf 81' lang='lat' dir='ltr'><strong>is</strong></span> <span class='ocrx_word' id='word_1_314' title='bbox 942 2853 1002 2877; x_wconf 89' lang='lat' dir='ltr'><strong>not</strong></span> <span class='ocrx_word' id='word_1_315' title='bbox 1029 2852 1064 2876; x_wconf 86' lang='lat' dir='ltr'><strong>to</strong></span> <span class='ocrx_word' id='word_1_316' title='bbox 1092 2844 1134 2875; x_wconf 84' lang='lat' dir='ltr'><strong>be</strong></span> <span class='ocrx_word' id='word_1_317' title='bbox 1155 2842 1263 2874; x_wconf 86' lang='lat' dir='ltr'><strong>found</strong></span> <span class='ocrx_word' id='word_1_318' title='bbox 1284 2842 1316 2874; x_wconf 88' lang='lat' dir='ltr'><strong>in</strong></span> <span class='ocrx_word' id='word_1_319' title='bbox 1332 2843 1390 2875; x_wconf 87' lang='lat' dir='ltr'><strong>the</strong></span> <span class='ocrx_word' id='word_1_320' title='bbox 1418 2842 1598 2886; x_wconf 85' lang='lat' dir='ltr'><strong>prophets.</strong></span> 
     </span>
    </p>
   </div>
  </div>
 </body>
</html>
