2051 3273
219 240 406 298 CAP.X11.]
717 254 778 285 DE
804 254 1036 286 ECCLESIA.

65 368 99 401 P
123 358 378 411 167²videtur
436 357 579 396 multis
638 357 859 396 verisimile
920 359 1033 411 quod
1094 371 1265 410 regnum
1330 366 1524 397 nostrum

215 427 398 479 pacietur
429 427 471 465 in
505 427 641 477 brevi,
686 427 756 465 sed
801 441 898 466 cum
937 440 1023 465 non
1064 440 1158 465 sum
1209 427 1415 479 propheta
1458 427 1524 466 cui

214 495 320 535 facta
365 505 424 535 est
466 496 535 534 illa
577 496 696 546 visio,
746 510 833 536 non
879 510 1078 548 presumo
1125 496 1229 536 illud
1276 496 1524 549 sompnium

212 565 401 604 revelare.
457 565 594 604 Credo
637 574 779 604 autem
834 566 948 618 quod
992 565 1033 604 in
1078 565 1286 605 occisione
1346 566 1524 605 istorum

180 633 436 676 §hominum
459 634 682 674 commissa
710 643 824 674 erant
845 635 1051 674 horrenda
1075 634 1270 686 facinora,
1303 636 1374 674 sed
1406 649 1521 674 com-

212 704 479 756 paracionem
525 704 757 757 gravedinis
803 704 995 756 ipsorum
1038 706 1089 743 ad
1136 704 1214 743 alia
1253 703 1418 743 difficile
1463 712 1524 743 est

210 782 358 823 taxare,
404 787 500 812 cum
531 773 751 812 verisimile
784 782 843 812 est
895 774 1009 826 quod
1049 773 1124 812 alie
1157 774 1419 826 polluciones
1450 788 1524 826 per

212 842 439 882 occisiones
471 852 510 882 et
542 843 853 882 verberaciones
886 843 1147 882 sacerdotum
1182 843 1237 881 ibi
1270 852 1309 882 et
1341 843 1436 881 alibi
1472 843 1513 881 in

211 911 362 964 Anglia
393 912 646 951 induxerunt
679 912 722 951 in
754 925 933 964 regnum
972 912 1146 951 crimina
1179 913 1378 963 graviora.
1425 913 1522 952 Ideo

158 981 362 1022 10vellem
415 982 529 1034 quod
581 982 723 1021 omnia
762 982 831 1020 illa
869 981 1042 1020 crimina
1074 981 1154 1020 sint
1186 990 1379 1032 correcta,
1425 982 1523 1034 quia

211 1059 343 1090 certus
389 1065 482 1090 sum
517 1065 563 1090 ex
605 1050 685 1090 fide
728 1051 929 1103 scripture
969 1051 1085 1104 quod
1123 1060 1301 1104 purgato
1339 1065 1468 1103 regno
1501 1065 1523 1089 a

211 1120 382 1159 crimine
415 1129 453 1159 et
481 1120 747 1159 reconciliato
770 1120 859 1159 Deo
893 1134 969 1159 suo
1004 1133 1088 1159 non
1124 1129 1184 1159 est
1216 1120 1523 1173 compossibilis

210 1190 428 1229 tribulacio
461 1191 511 1229 ab
542 1190 769 1230 extrinseco
800 1190 864 1228 vel
891 1190 1115 1229 intrinseco
1148 1190 1225 1228 nisi
1255 1190 1330 1227 sibi
1360 1189 1525 1228 cesserit

209 1260 260 1297 ad
293 1259 542 1312 profectum,
591 1259 689 1312 quia
727 1260 769 1297 in
803 1259 997 1298 oracione
1031 1259 1199 1298 ecclesie
1233 1259 1290 1298 sic
1323 1259 1520 1298 habetur:

157 1338 192 1369 15
210 1329 345 1368 Nulla
379 1330 417 1368 ei
448 1329 612 1368 nocebit
643 1329 899 1377 adversitas,
938 1330 976 1368 si
1010 1329 1131 1367 nulla
1165 1329 1409 1367 dominetur
1440 1330 1520 1368 ini-

209 1400 363 1449 quitas.
412 1399 593 1438 Ulterius
626 1408 763 1437 tamen
799 1399 894 1450 plus
928 1399 1183 1437 credendum
1216 1407 1275 1436 est
1308 1398 1397 1436 vive
1430 1398 1521 1436 voci

210 1467 378 1520 spiritus
410 1468 553 1519 sancti,
587 1481 716 1520 quam
747 1468 880 1507 verbis
905 1468 969 1506 vel
1002 1467 1209 1520 sompniis
1244 1467 1369 1519 patris
1403 1482 1519 1507 men—

209 1537 326 1588 dacii,
360 1551 456 1576 cum
489 1539 746 1590 quandoque
772 1537 962 1576 inmiscet
984 1551 1143 1588 verum,
1177 1546 1222 1576 ut
1254 1537 1386 1589 magis
1411 1536 1519 1576 frau-

209 1607 398 1646 dulenter
420 1607 609 1660 decipiat.
634 1608 875 1648 Videndum
899 1616 959 1646 est
982 1621 1028 1645 ex
1044 1606 1176 1646 verbis
1202 1606 1403 1658 scripture
1445 1620 1521 1658 pro

153 1696 192 1716 20
208 1677 359 1729 quibus
382 1677 560 1729 peccatis
583 1677 790 1728 contingit
817 1691 1042 1729 regnorum
1070 1676 1314 1728 destruccio,
1348 1685 1388 1715 et
1409 1685 1522 1729 patet

209 1760 255 1785 ex
278 1746 389 1785 dicto
419 1746 614 1799 sapientis
637 1746 910 1785 Ecclesiastici
934 1747 992 1785 XO
1016 1746 1133 1799 quod
1155 1745 1361 1784 iniusticie
1383 1747 1523 1799 quoad

209 1816 344 1854 Deum
369 1825 408 1854 et
429 1816 576 1855 iniurie
599 1817 740 1869 quoad
766 1816 1008 1868 proximum
1037 1825 1133 1854 sunt
1160 1829 1282 1854 causa
1311 1816 1519 1868 precipua.

210 1886 261 1924 Et
293 1899 389 1924 cum
421 1887 471 1924 ad
494 1899 633 1938 regem
665 1885 844 1937 pertinet
875 1886 917 1923 in
949 1899 1077 1938 regno
1100 1898 1177 1923 suo
1202 1894 1430 1938 utrumque
1454 1899 1520 1924 ex—

209 1955 408 2007 tinguere,
432 1964 543 2007 patet
566 1955 679 2007 quod
702 1955 876 1994 omissio
898 1955 1004 2007 regis
1032 1955 1074 1993 in
1097 1954 1341 2006 corrigendo
1364 1956 1521 1994 clerum

153 2035 192 2066 25
209 2025 292 2063 suis
324 2024 562 2063 elemosinis
595 2025 835 2063 abutentem
871 2033 909 2063 et
940 2024 981 2062 in
1015 2025 1260 2077 corrigendo
1293 2025 1520 2063 secularem

208 2094 408 2133 miliciam
451 2108 598 2146 pacem
642 2094 810 2133 ecclesie
860 2094 1185 2147 perturbantem,
1233 2103 1293 2132 est
1336 2094 1377 2131 in
1426 2107 1520 2146 rege

211 2177 334 2202 causa
349 2163 559 2216 precipua.
584 2164 664 2204 Sed
682 2179 731 2203 ve
755 2164 1085 2216 speculatoribus
1109 2164 1179 2217 qui
1203 2164 1306 2202 illud
1339 2163 1522 2202 dicerent

209 2233 291 2285 regi
326 2244 426 2284 suo;
459 2233 537 2286 ipsi
571 2234 684 2273 enim
717 2233 823 2273 sicut
855 2234 1087 2273 sacerdotes
1109 2234 1237 2272 Judee
1270 2241 1366 2272 sunt
1398 2247 1522 2272 causa

210 2303 408 2355 precipua
452 2303 760 2355 persecucionis
805 2312 946 2343 nostre
986 2304 1169 2354 ecclesie,
1214 2303 1246 2341 si
1291 2303 1520 2355 contingat,

155 2381 195 2411 30
211 2385 308 2411 cum
352 2372 394 2410 in
435 2386 618 2425 quorum
662 2372 852 2425 profectu
896 2381 976 2412 stat
1022 2373 1135 2425 regni
1168 2372 1435 2425 prosperitas,
1478 2372 1520 2410 in

213 2455 361 2480 eorum
393 2441 556 2480 defectu
589 2450 667 2480 stat
697 2442 812 2494 regni
844 2442 1080 2481 adversitas.
1115 2442 1356 2481 Sacerdotes
1379 2451 1521 2481 autem

211 2510 286 2549 Dei
331 2511 482 2549 debent
519 2510 830 2549 autonomatice
863 2524 950 2550 esse
993 2511 1128 2550 induti
1161 2510 1380 2562 iusticiam,
1425 2512 1519 2549 ideo

210 2579 462 2619 declinantes
494 2580 545 2618 ad
574 2579 824 2619 iniusticiam
860 2580 1023 2632 gravius
1052 2579 1243 2619 inficiunt
1275 2594 1316 2619 se
1345 2589 1384 2620 et
1407 2594 1519 2632 suos,

264 2736 303 2754 10.
326 2729 352 2754 A
367 2728 396 2754 in
412 2735 525 2763 marga
548 2727 729 2754 Conclusio.
872 2734 910 2753 12.
934 2727 1049 2754 Codd.:
1071 2727 1282 2754 reconsiliato.
1424 2734 1471 2754 20.
1491 2728 1520 2754 A

211 2775 241 2800 in
271 2781 383 2808 marg:
419 2774 575 2801 Iniusticie
606 2774 708 2809 quoad
740 2773 838 2800 Deum
883 2779 910 2800 et
952 2773 1063 2800 injurie
1098 2773 1199 2809 quoad
1230 2773 1408 2808 proximum
1450 2780 1520 2801 sunt

211 2828 302 2847 cause
334 2819 557 2847 destruccionis
593 2820 678 2854 regni
724 2820 845 2853 (Above
884 2820 950 2853 167a
980 2819 1110 2846 without
1145 2820 1231 2846 mark
1269 2819 1304 2846 of
1341 2820 1518 2854 reference).

212 2864 253 2892 32.
276 2865 392 2893 Codd.:
414 2866 671 2893 autonomastice.

1731 256 1804 296 271

1550 505 1578 531 A
1598 510 1683 540 great
1703 506 1798 533 crime

1538 548 1602 566 was
1621 540 1812 576 committed,

1585 575 1637 601 but
1658 575 1762 602 others

1577 617 1680 636 worse
1700 609 1776 637 have

1578 645 1668 671 taken
1689 645 1775 680 place

1553 679 1648 714 there,
1677 679 1736 706 and
1758 679 1794 706 all

1572 715 1666 749 ought
1686 719 1717 741 to
1738 715 1775 741 be

1595 749 1759 784 punislied.
