2051 3343
217 261 306 290 CAP.
321 251 391 310 111.]
725 266 783 297 DE
810 263 1044 297 ECCLESIA.
1766 268 1822 307 49

65 368 385 421 B134‘1Emissa
430 369 668 410 similitudo
719 381 872 408 manus
920 367 1205 420 apprehendit
1246 381 1311 407 me
1353 369 1395 407 in
1443 369 1532 407 cin-
1548 376 1817 440 ἓκςῖῃῑιιρῑῑρῃοῖ

215 440 341 478 cinno
365 440 518 491 capitis
544 440 626 479 mei
659 446 697 478 et
727 439 904 477 elevavit
932 450 997 476 me
1019 437 1199 489 spiritus
1232 438 1344 477 inter
1368 443 1531 477 terram
1575 419 1660 439 zade
1686 419 1824 439 svmon.

215 514 253 547 et
287 509 422 547 celum
457 515 497 548 et
528 507 711 548 adduxit
745 521 809 546 me
841 508 881 546 in
905 506 1150 546 Jerusalem
1184 507 1226 546 in
1260 508 1421 546 visione
1453 508 1536 546 Dei

214 577 337 616 iuxta
361 578 512 617 ostium
543 579 724 617 interius
753 576 866 629 quod
897 576 1152 628 respiciebat
1182 576 1240 615 aa'
1272 577 1533 629 aquilonem,

183 645 287 687 Subi
319 653 413 686 erat
432 653 637 687 statutum
659 645 848 698 ydolum
871 645 953 699 {eli
981 645 1038 684 ad
1053 642 1382 697 provocandum
1417 659 1532 685 emu-

215 715 435 756 lacionem.
469 716 620 755 Manus
652 715 778 755 missa
816 723 876 754 est
920 714 1134 767 operativa
1165 714 1333 754 volucio
1381 715 1533 766 divina,

214 784 440 824 cincinnus
483 785 635 837 capitis
687 790 750 824 est
798 785 972 824 collecte
1020 784 1309 837 cogitaciones
1360 786 1537 834 mentis,·

216 852 371 906 quibus
418 853 570 894 habitis
614 867 732 893 mens
775 853 1030 905 incomplete
1074 854 1252 893 trahitur
1290 868 1312 893 a
1350 855 1534 906 terrenis,

213 935 313 962 cum
344 937 420 963 nec
452 923 577 963 habet
608 923 800 963 animum
831 923 1007 963 omnino
1041 923 1236 962 celestem
1259 936 1333 962 nec
1357 924 1533 963 omnino

162 991 257 1032 xoin
296 992 556 1032 terrestribus
590 1001 852 1046 soporatum,
885 994 957 1031 sed
993 992 1100 1032 inter
1136 1001 1290 1032 terram
1324 1001 1363 1032 et
1398 993 1536 1032 celum

213 1062 256 1101 in
291 1063 450 1102 visione
483 1062 567 1102 Dei
599 1063 640 1102 in
663 1062 906 1102 Jerusalem
939 1061 1126 1110 ducitur,
1160 1063 1261 1114 quia
1298 1062 1387 1116 zelo
1422 1064 1534 1102 cari-

211 1132 311 1171 tatis
344 1132 486 1184 qualis
518 1131 637 1171 debet
676 1145 768 1172 esse
808 1137 946 1170 mater
988 1132 1167 1171 ecclesia
1206 1133 1532 1184 contemplatur.

124 1207 201 1240 ι35’ι
214 1200 269 1240 Et
290 1200 501 1253 signanter
524 1200 688 1241 animus
710 1201 801 1241 talis
825 1201 1046 1240 adducitur
1069 1199 1327 1241 adssostium
1352 1203 1532 1242 interius

213 1268 326 1322 quod
369 1270 542 1322 respicit
584 1270 642 1310 ad
685 1271 942 1323 aquilonem,
988 1271 1088 1322 quia
1135 1272 1304 1310 interna
1349 1277 1533 1311 contem-

161 1339 409 1391 15placione
461 1341 578 1380 intra
629 1340 853 1380 ecclesiam
897 1340 1003 1392 plus
1051 1353 1197 1392 prava
1241 1353 1367 1392 quam
1414 1348 1533 1381 recta

199 1409 310 1461 fieri
341 1409 675 1462 deprehendunt,
721 1410 822 1449 dum
857 1409 1004 1449 clerici
1035 1410 1075 1448 in
1109 1410 1323 1462 aquilonis
1348 1411 1531 1462 pariete,

213 1478 258 1517 id
288 1485 361 1526 est,
395 1479 453 1519 ad
483 1479 586 1519 solis
618 1480 840 1519 sinistrum
876 1480 1021 1518 oculos
1040 1479 1228 1530 flectunt
1261 1486 1299 1518 et
1329 1480 1534 1533 elongata

212 1554 417 1587 austerna
451 1549 634 1588 caritate
665 1548 917 1588 habundant
936 1548 1118 1602 frigore
1153 1549 1382 1597 viciorum,·
1412 1550 1534 1588 cuius

213 1630 347 1657 causa
395 1624 457 1658 est
500 1618 655 1670 globus
701 1617 1004 1670 temporalium
1049 1631 1170 1670 quem
1217 1619 1396 1658 ecclesia
1440 1619 1533 1658 sola

154 1687 351 1739 2ospecie
381 1686 535 1740 fidelis
580 1687 762 1737 adorat,·
809 1700 863 1727 ex
914 1688 1012 1726 hinc
1063 1687 1173 1726 enim
1224 1688 1341 1742 :selus
1385 1689 1534 1740 sponsi

214 1757 387 1796 ecclesie
418 1757 477 1796 ad
495 1757 748 1810 feriendum
768 1758 1006 1810 ypocritas
1030 1763 1312 1809 provocatur.

169 1836 199 1869 G
272 1826 465 1866 Secundo
507 1835 622 1879 patet
658 1840 706 1866 ex
738 1840 823 1879 quo
857 1826 976 1879 signo
1016 1826 1301 1879 perpenditur,
1337 1827 1367 1865 si
1401 1828 1530 1867 eccle·
1559 1846 1646 1885 ‚How
1665 1855 1711 1874 we
1736 1856 1807 1884 may

214 1894 366 1935 siastici
405 1894 580 1949 flagrant
611 1896 797 1946 terrenis,
831 1895 1052 1935 celestibus
1090 1896 1388 1948 pretermissis:
1438 1911 1531 1937 cum
1557 1881 1812 1951 ’ῃξξῗεδζῂξξζθΐ

214 1963 327 2003 enim
349 1978 467 2004 amor
489 1965 540 2005 sit
562 1966 730 2018 pondus
752 1965 894 2016 animi,
920 1978 995 2004 nec
1018 1964 1071 2004 sit
1092 1964 1290 2017 possibile
1312 1965 1533 2005 hominem
1612 1952 1760 1988 worldty:

157 2043 196 2075 25
213 2033 373 2073 moveri
416 2033 544 2074 libere
582 2048 667 2088 quo
700 2034 870 2074 affeccio
902 2033 1055 2074 mentis
1086 2034 1229 2087 ipsum
1262 2048 1347 2074 non
1379 2035 1532 2087 tulerit,

210 2111 325 2155 patet
356 2104 474 2156 quod
506 2117 553 2143 ex
586 2103 782 2157 operibus
815 2103 938 2143 debet
970 2103 1123 2143 mentis
1145 2103 1312 2143 affeccio
1345 2104 1531 2144 iudicari.

210 2171 252 2211 Si
285 2185 383 2226 ergo
415 2173 530 2212 vides
565 2174 680 2226 quod
718 2172 1019 2213 ecclesiasticus
1064 2182 1272 2226 quantum
1303 2174 1354 2212 ad
1385 2188 1530 2227 perpe·
1547 2183 1587 2219 by
1608 2192 1772 2223 querness
1791 2189 1821 2212 to

210 2241 464 2293 tuacionem,
510 2251 718 2295 quantum
755 2243 807 2282 ad
839 2242 1127 2282 defensionem
1171 2252 1210 2282 et
1242 2252 1450 2295 quantum
1481 2244 1533 2283 ad
1560 2219 1664 2246 obiam
1684 2219 1811 2253 wealth3

210 2310 481 2351 amissionem
513 2312 813 2364 temporalium
844 2312 939 2364 plus
961 2312 1143 2363 insudat,
1177 2326 1305 2365 quam
1328 2312 1425 2352 facit
1456 2327 1532 2365 pro

154 2389 196 2422 30
211 2380 508 2433 spiritualibus,
557 2381 649 2435 quis
692 2381 857 2421 dubitat
900 2381 1002 2435 quin
1053 2381 1108 2420 eis
1153 2381 1286 2435 magis
1329 2379 1532 2422 afficitur?

172 2450 332 2491 aUnde
370 2458 576 2503 quantum
619 2451 671 2490 ad
714 2450 1088 2503 perpetuacionem
1132 2451 1430 2503 temporalium
1477 2451 1533 2490 sic

267 2570 288 2589 1.
303 2563 329 2588 A
345 2562 374 2590 in
395 2571 510 2598 marg.:
533 2563 705 2590 cincinnus.
779 2572 809 2597 4.
823 2562 942 2591 Codd.:
963 2562 1098 2598 respicit.
1117 2562 1253 2591 Correxi.
1309 2564 1334 2592 5.
1348 2563 1387 2590 13:
1409 2568 1532 2591 starum.

209 2616 236 2644 7.
257 2608 351 2643 AA1:
370 2609 475 2636 colore
495 2608 708 2644 cogitacionis.
791 2609 827 2636 15.
849 2610 941 2644 AA1:
963 2609 1053 2637 inter.
1130 2608 1169 2636 18.
1191 2612 1219 2636 A
1240 2608 1269 2636 in
1290 2617 1404 2645 marg:
1425 2609 1533 2637 Pastor

215 2654 373 2689 negligens
394 2655 540 2682 continue
560 2654 651 2682 infra.
673 2655 794 2689 (Above
815 2654 904 2690 1352.)
965 2662 1007 2681 22.
1023 2654 1084 2682 AB
1106 2655 1136 2682 in
1158 2663 1271 2691 marg:
1293 2655 1436 2684 Secundo
1457 2664 1531 2683 con-

207 2700 316 2727 clusio,
346 2700 368 2727 B
389 2701 419 2728 in
441 2708 556 2736 marg.:
587 2700 669 2729 Nota
696 2701 814 2736 optime
839 2701 996 2736 quomodo
1017 2709 1087 2729 vere
1113 2701 1353 2729 discernendum
1383 2707 1437 2738 est,
1464 2702 1533 2737 quis

208 2746 326 2781 appetit
345 2754 470 2781 preesse
491 2747 523 2774 in
543 2747 674 2774 ecclesia
694 2751 823 2782 propter
843 2747 995 2774 honorem
1016 2747 1071 2774 Dei
1093 2751 1121 2774 et
1142 2746 1335 2782 spiritualem
1356 2748 1531 2783 profectum

208 2791 393 2820 animarum.
500 2792 541 2820 25.
562 2792 601 2819 B:
624 2792 745 2821 affecto.

270 2887 300 2918 7.
329 2876 394 2907 and
426 2886 475 2908 11.
504 2876 693 2919 Gregorius
721 2879 741 2909 l.
769 2888 796 2910 c.
