2051 3273
208 227 294 254 CAP.
313 216 406 273 vm]
707 231 765 261 DE
791 230 1023 261 ECCLESIA.
1723 221 1789 259 181

54 345 83 376 T
110 334 394 376 153⁶instruxit
473 335 766 386 coapostolum
829 333 1120 385 Thymoteum
1186 336 1218 373 1³
1280 335 1507 386 Thymotei

202 405 288 454 V10,
324 404 366 442 85,
400 403 623 443 Habentes
655 417 760 456 ergo
795 404 996 442 alimenta
1042 411 1079 442 et
1119 405 1273 456 quibus
1307 411 1509 458 tegamur

161 474 281 514 ditiis
304 475 487 512 contenti
508 473 676 512 sinzzts‘?
707 472 925 525 Numquid
948 482 1007 512 est
1037 474 1292 513 contrarium
1318 474 1383 513 isti
1406 488 1504 513 con-

200 542 379 581 tencioni
413 543 580 595 aspirari
607 542 839 582 inordinate
871 543 921 581 ad
955 542 1196 582 habendum
1229 553 1433 596 perpetuo
1468 553 1506 583 et

166 612 537 653 5indissolubiliter
569 612 877 665 quantumlibet
909 612 1144 651 seculariter
1177 610 1440 652 dominium?

149 691 184 721 V
257 683 408 720 Nonne
441 682 538 721 dicit
571 682 714 721 beatus
750 681 973 733 Gregorius
1007 680 1071 735 (ut
1103 681 1266 720 recitavi
1302 683 1504 734 superius,
1556 689 1709 751 offlssogss
1728 690 1763 717 of

200 752 274 790 ΙΙΙ0
308 750 415 804 cap.)
449 752 565 804 quod
598 752 721 803 labor
755 751 961 804 querendi
992 758 1031 790 et
1064 751 1323 804 defendendi
1348 758 1505 804 tempo·
1652 733 1669 759 g
1709 733 1727 759 y

197 822 308 860 ralia
342 827 376 859 et
410 820 533 860 dolor
567 821 787 860 amittendi
818 821 981 871 eadem,
1026 821 1064 860 si
1107 828 1282 873 superat
1315 821 1502 860 laborem

196 898 232 929 et
257 891 446 929 dolorem
471 891 585 929 circa
618 891 727 929 hona
759 890 1004 942 spiritualia
1031 891 1193 943 quesita
1226 891 1294 930 vel
1318 892 1503 943 perdita,

142 960 357 999 ioindicat
393 967 667 999 terrenorum
703 960 980 1013 affeccionenz
1016 961 1260 999 inordinate
1293 962 1333 1000 in
1359 963 1503 1001 animo

186 1026 433 1081 presidere?
456 1030 606 1068 Nonne
639 1030 782 1068 beatus
806 1029 1066 1082 Augustinus
1098 1030 1139 1068 in
1171 1029 1275 1068 libro
1306 1031 1365 1069 De
1398 1032 1502 1071 Vera
1516 1048 1575 1074 and
1604 1049 1789 1082 Augustine.

192 1099 420 1151 Religione,
438 1098 572 1138 XCIIO
592 1113 695 1151 cap„
711 1099 808 1138 dicit
821 1096 955 1138 idem?
973 1099 1051 1139 Ubi
1065 1108 1293 1152 postquam
1308 1102 1499 1140 ostende—

191 1177 252 1207 rat
274 1168 375 1220 quid
408 1177 467 1206 est
499 1168 693 1208 adherere
715 1169 804 1208 Deo
839 1178 875 1208 et
908 1169 1060 1221 quibus
1087 1169 1258 1222 profluit
1281 1169 1499 1210 affluencia

191 1237 489 1289 temporalium
513 1247 602 1288 ete,
628 1239 869 1291 respondet:
899 1240 1015 1290 Cum,
1049 1239 1197 1292 inquit,
1233 1240 1496 1280 mutabilium

137 1313 173 1344 15
190 1308 397 1346 bonorum
423 1308 543 1347 adest
563 1310 698 1360 copia,
716 1321 797 1347 non
822 1310 881 1348 eis
904 1309 1090 1361 confidit,
1114 1309 1189 1348 sed
1212 1322 1304 1347 cum
1328 1310 1495 1349 subtra—

189 1377 365 1427 huntur,
420 1379 617 1430 agnoscit
670 1385 812 1417 utrum
867 1392 960 1418 eum
1008 1393 1092 1417 non
1138 1379 1340 1431 ceperint,
1395 1383 1495 1432 quia

181 1447 440 1499 plerumque
472 1461 567 1486 cum
603 1455 751 1487 assunt
781 1448 917 1500 nobis,
945 1456 1152 1500 putamus
1185 1449 1297 1501 qnod
1329 1463 1411 1488 non
1446 1464 1496 1489 ea

188 1516 427 1569 diligimus,
471 1517 547 1557 sed
591 1531 684 1557 cnm
726 1519 873 1557 abesse
913 1520 1117 1570 ceperint,
1151 1519 1391 1558 invenimus
1424 1521 1496 1571 qm·

186 1587 345 1634 Sinzzts,·
377 1586 455 1625 lzoc
487 1589 597 1626 enirn
631 1589 721 1626 sine
753 1601 900 1627 amore
924 1594 1071 1627 nostro
1096 1588 1250 1627 aderat
1271 1588 1383 1641 quod
1402 1590 1493 1629 sine

129 1671 169 1692 20
186 1654 334 1695 dolore
359 1656 548 1696 discedit.
569 1656 608 1696 Si
634 1671 729 1709 ergo
754 1657 884 1697 clerus
908 1657 1057 1710 aliquis
1080 1657 1131 1698 sit
1146 1659 1307 1697 mundo
1332 1658 1493 1698 deditus

185 1726 301 1777 quod
339 1725 433 1777 plus
478 1726 591 1765 dolet
634 1739 709 1778 pro
755 1726 978 1766 amissione
1022 1728 1321 1780 temporalium
1364 1743 1493 1781 quam

184 1793 359 1845 virtutis,
375 1795 469 1847 plus
492 1795 643 1834 insistit
658 1796 763 1835 circa
777 1796 1109 1849 adquisicionem
1124 1798 1189 1837 vel
1204 1797 1490 1838 defensionen]

184 1877 329 1902 eorum
363 1878 490 1917 quam
524 1865 622 1904 boni
655 1866 892 1918 spiritualis,
932 1876 977 1906 ut
1010 1867 1066 1906 sic
1099 1867 1332 1907 inhabilitat
1365 1882 1406 1907 se
1439 1870 1489 1908 ad

181 1933 423 1972 habendum
466 1934 540 1973 hee
583 1935 830 1987 temporalia
875 1945 913 1975 et
949 1950 1022 1989 per
1054 1951 1312 1990 consequens
1345 1938 1478 1990 digni-

127 2008 164 2040 25
182 2001 276 2042 fieat
309 2017 351 2042 se
382 2012 427 2042 ut
449 2005 592 2056 perdat
618 2005 698 2044 illa.
729 2006 814 2044 Nec
844 2014 904 2045 est
929 2006 995 2045 ille
1018 2007 1083 2045 cui
1105 2007 1179 2046 hec
1208 2016 1306 2047 sunt
1335 2009 1486 2049 donata

182 2072 251 2125 qui
270 2072 311 2110 in
330 2073 409 2112 isto
425 2073 566 2113 animo
582 2073 757 2113 finaliter
779 2085 1023 2127 perseverat,
1047 2077 1144 2129 quia
1168 2086 1227 2116 est
1249 2079 1487 2118 membrum

180 2141 332 2181 diaboli
367 2151 405 2181 et
437 2156 521 2182 non
555 2158 649 2195 pars
683 2144 850 2183 ecclesie
884 2144 948 2199 (ut
975 2155 1087 2198 patet
1119 2146 1160 2185 in
1192 2147 1402 2187 solutione
1424 2146 1485 2187 Vp

179 2212 413 2264 argumenti
445 2213 493 2251 de
526 2214 602 2253 VIO
637 2227 724 2266 cap.
758 2212 913 2269 huius).
960 2217 1068 2255 Nam
1106 2230 1201 2256 vera
1232 2217 1374 2270 religio
1407 2227 1487 2258 stat

178 2280 219 2319 in
257 2290 366 2320 recta
407 2281 632 2322 dileccione
665 2284 896 2335 beatorum,
945 2294 990 2324 ut
1033 2285 1072 2324 in
1119 2285 1223 2326 libro
1268 2287 1328 2326 De
1380 2288 1485 2328 Vera

229 2440 255 2467 (j.
276 2440 304 2466 A
324 2440 353 2467 in
374 2448 492 2474 marg.:
514 2440 697 2476 Gregorius3
720 2441 783 2468 XII.
806 2449 873 2477 cap.
897 2447 986 2470 reete.
1008 2443 1059 2470 HI.
1168 2452 1193 2478 7.
1217 2443 1315 2472 Codd.
1338 2453 1380 2473 12υ
1415 2454 1482 2481 cap.

175 2484 311 2512 Coi-rexi.
436 2494 468 2514 11.
491 2487 517 2513 A
538 2487 567 2514 in
590 2495 686 2522 marg.
708 2488 807 2515 Amor
826 2489 1042 2524 temporalium
1065 2491 1205 2518 occultus
1221 2492 1379 2526 quomodo
1401 2493 1481 2520 indi-

174 2536 269 2558 catur.
411 2540 447 2559 12.
470 2533 547 2560 Ain
576 2541 690 2568 marg:
728 2535 932 2569 Augustinus.
979 2536 1107 2572 Pomny,
1145 2538 1248 2571 glossa
1286 2539 1480 2566 tschechica:

174 2578 340 2605 Memento.
454 2586 492 2606 12.
512 2580 558 2606 A:
579 2580 756 2607 ostenderit.
881 2582 917 2609 15.
939 2583 967 2609 A
988 2583 1017 2609 in
1045 2590 1159 2618 marg:
1192 2583 1283 2611 Nota.
1310 2585 1342 2611 In
1373 2585 1480 2612 codd.:

174 2632 235 2651 non
256 2623 299 2651 eis
320 2625 450 2652 conficit.
482 2624 569 2652 Corr.
602 2634 637 2652 ex
657 2626 737 2661 Aug.
760 2626 778 2653 1.
800 2634 826 2653 c.
969 2628 1010 2656 16.
1032 2628 1066 2656 In
1087 2629 1197 2656 codd.:
1237 2635 1379 2665 separent
1400 2639 1478 2658 corr.

173 2678 188 2696 e
208 2674 291 2697 textu
306 2670 480 2705 Augustini.
621 2670 663 2699 25.
684 2673 712 2699 A
733 2672 763 2699 in
785 2681 899 2708 marg:
921 2673 1103 2702 Conclusio.

231 2773 263 2807 6.
292 2777 331 2808 V.
358 2787 463 2819 supra
488 2788 565 2820 pag.
602 2778 746 2819 52—54.
894 2791 942 2811 12.
969 2782 1056 2822 Aug.
1084 2792 1157 2824 cap.
1191 2783 1291 2824 XCH,
1323 2784 1398 2816 libri
1425 2786 1478 2816 De

171 2835 261 2866 Vera
289 2835 397 2876 Relig.
426 2835 518 2877 Opp.
548 2836 570 2875 Ι,
598 2846 676 2877 pag.
703 2835 780 2877 781.
902 2840 953 2870 28.
983 2839 1022 2869 V.
1049 2850 1153 2882 supra
1179 2851 1255 2883 pag.
1290 2840 1476 2874 136-138.
