2051 3343
229 220 384 279 CAP.v.]
737 233 797 265 DE
823 232 1057 266 ECCLESIA.
1752 225 1827 264 105

77 351 117 385 Μ
138 348 214 393 142d
228 339 418 379 cundum
450 351 577 392 quam
611 345 671 377 est
692 336 920 377 formaliter
940 351 1106 390 magna,
1129 346 1230 378 tunc
1252 338 1342 391 ipsa
1366 347 1425 378 est
1445 353 1541 379 vere

228 407 439 461 continua,
471 422 573 462 ymo
605 421 691 447 non
724 407 865 447 solum
896 407 1080 461 quelibet
1108 421 1201 461 pars
1223 406 1349 448 huius
1373 409 1541 449 ecclesie

229 478 498 519 continuatur
519 491 617 518 cum
639 477 779 531 aliqua
800 477 878 516 alia
902 476 989 516 eius
1011 485 1140 530 parte,
1159 478 1231 517 sed
1246 492 1392 518 omnes
1417 479 1541 519 simul

228 548 480 602 copulantur
511 549 563 588 ad
595 548 777 588 eundern
808 547 1040 587 terminum
1072 561 1361 588 communem.

196 629 212 662 5
284 618 365 658 Pro
397 631 483 671 quo
517 618 765 657 declarando
807 630 1005 670 suppono
1050 617 1180 671 quod,
1214 618 1320 657 sicut
1372 618 1542 658 ecclesia

228 696 289 727 est
339 701 475 727 unum
526 686 800 740 aggregative,
854 686 910 726 sic
953 687 1195 727 membrum
1246 688 1333 728 eius
1366 696 1405 728 et
1437 688 1540 727 acci-

227 756 374 797 dencia
405 769 479 796 sua
513 765 610 796 sunt
642 769 777 796 unum
809 757 1085 809 aggregative.
1127 757 1260 798 Aliter
1299 758 1412 797 enim
1454 771 1542 797 non

228 826 334 866 foret
351 826 640 866 multitudinis
664 825 936 866 credencium
963 840 1038 866 cor
1065 841 1197 867 unum
1222 836 1261 868 et
1283 828 1428 867 anima
1452 841 1538 867 una

231 894 296 950 (ut
328 896 531 949 scriptura
564 909 677 936 sacra
716 895 816 936 dicit
846 899 939 936 Act.
985 896 1062 937 IV0
1097 895 1183 951 32).
1218 898 1279 937 Ex
1311 911 1397 951 quo
1430 908 1543 952 patet

173 987 212 1017 10
229 966 345 1020 quod
376 979 525 1005 omnes
558 974 695 1019 partes
729 965 897 1006 ecclesie
932 966 1146 1006 collective
1169 967 1375 1007 intellecte
1410 982 1541 1021 copu-

226 1035 364 1075 lantur
395 1036 447 1075 ad
479 1036 661 1075 eundem
692 1035 921 1077 terminum
956 1049 1231 1076 communem
1264 1051 1311 1077 ex
1343 1038 1542 1079 omnibus

228 1105 527 1145 communibus
558 1105 745 1145 terminis
785 1105 953 1145 ecclesie
986 1115 1270 1160 aggregatum.
1315 1108 1425 1147 Nam
1468 1108 1543 1149 iste

228 1174 468 1214 communis
500 1175 706 1215 terminus
739 1176 910 1229 copulat
937 1176 1170 1230 quamlibet
1210 1186 1372 1230 partem
1409 1192 1541 1233 quan-

225 1244 430 1284 titativam
462 1245 631 1285 ecclesie
663 1259 761 1285 cum
793 1245 884 1293 alia,
925 1245 992 1285 hic
1025 1247 1259 1286 secundum
1291 1260 1420 1287 unam
1455 1248 1542 1288 eius

171 1326 209 1363 15
225 1323 387 1367 partem
418 1323 458 1354 et
488 1314 555 1354 hic
577 1316 813 1354 secundum
835 1315 972 1356 aliam.
996 1316 1109 1355 Ymo
1132 1314 1198 1372 (ut
1219 1317 1354 1370 logice
1375 1318 1541 1372 loquar)

224 1384 330 1424 sicut
360 1393 543 1437 punctus
564 1385 786 1438 replicatus
810 1394 870 1425 est
892 1394 978 1425 tota
1000 1387 1237 1427 substancia
1267 1387 1375 1427 linee
1396 1402 1539 1441 super-

223 1453 329 1493 ficiei
362 1463 402 1494 et
435 1454 620 1507 corporis
655 1455 912 1509 quantitatis,
948 1455 1005 1495 sic
1039 1456 1279 1496 substancia
1317 1459 1541 1498 materialis

224 1533 444 1578 aggregata
468 1533 528 1564 est
561 1524 804 1564 universum
836 1539 1089 1578 corporeum
1112 1535 1152 1566 et
1175 1527 1262 1567 eius
1284 1538 1420 1581 partes
1443 1538 1541 1569 sunt

224 1594 599 1648 proporcionaliter
614 1604 751 1648 partes
774 1595 937 1635 mundi.
953 1596 1086 1636 Aliter
1109 1597 1222 1637 enim
1238 1598 1359 1639 Deus
1379 1612 1461 1639 non
1478 1607 1541 1639 est

167 1686 209 1709 20
225 1665 484 1717 loculusper
499 1678 545 1705 os
558 1671 809 1705 sanctorum
831 1674 976 1705 contra
999 1666 1247 1719 scripturam
1266 1669 1380 1708 Luce
1399 1669 1448 1721 10,
1472 1683 1540 1723 70,

224 1747 299 1774 nec
322 1734 493 1774 ecclesia
512 1735 618 1775 foret
639 1736 856 1775 unanimis
878 1749 962 1775 uno
983 1749 1058 1776 ore
1077 1737 1367 1791 honorificans
1399 1738 1539 1779 Deum

224 1805 349 1844 Rom.
381 1805 492 1845 XV0.
530 1806 616 1845 Nec
661 1805 862 1846 distancia
904 1806 1047 1846 localis
1092 1821 1167 1846 nec
1205 1808 1540 1850 discontinuacio
1566 1822 1821 1851 Localdistance

134 1887 212 1928 143⁰
226 1874 519 1914 mathematice
537 1875 955 1929 quantitatisssobest,
971 1876 1069 1930 quia
1092 1877 1281 1917 similitas
1304 1879 1539 1919 secundum
1557 1857 1633 1920 diii-Z
1652 1862 1833 1920 &inditiis

223 1943 463 1984 interiorem
484 1944 705 1984 hominem
728 1954 767 1985 et
781 1945 1052 1986 adnascencia
1065 1947 1353 1987 membrorum
1369 1949 1539 1990 ecclesie
1641 1936 1749 1955 umon.

167 2025 205 2059 25
223 2015 458 2054 secundum
491 2015 703 2054 caritatem
734 2016 892 2055 excedit
923 2016 1128 2056 unitatem
1160 2017 1408 2058 sensibilem.

176 2095 212 2128 N
283 2084 478 2136 Ulterius,
512 2098 609 2124 cum
640 2085 777 2125 maior
809 2085 860 2125 sit
891 2086 1028 2126 unitas
1060 2087 1195 2140 gracie
1219 2101 1348 2141 quam
1380 2097 1540 2141 nature,
1588 2100 1653 2128 Not
1673 2101 1746 2138 only
1765 2101 1791 2128 is

225 2154 535 2195 ostendendum
565 2155 729 2195 videtur
768 2157 883 2210 quod
921 2170 1008 2196 non
1047 2157 1186 2196 solum
1226 2158 1410 2211 quelibet
1446 2173 1540 2211 pars
1555 2135 1657 2197 nffilss
1673 2141 1831 2207 ιῗοὲιζῃὲιᾏῑ

225 2224 394 2264 ecclesie
428 2225 698 2265 continuatur
720 2239 815 2267 cum
840 2226 930 2278 alia,
965 2240 1040 2265 nec
1075 2227 1216 2266 solum
1238 2229 1355 2281 quod
1388 2242 1539 2268 omnes
1554 2210 1827 2267 evissbgiffxiviiiffn

222 2303 359 2347 partes
406 2295 575 2335 ecclesie
622 2295 922 2336 continuantur
965 2298 1017 2336 ad
1063 2297 1257 2348 invicem,
1306 2299 1377 2337 sed
1421 2301 1539 2352 quod
1589 2283 1680 2311 every
1701 2275 1800 2312 other,

167 2374 207 2407 30
224 2364 408 2417 quelibet
440 2365 526 2404 eius
571 2378 666 2418 pars
711 2366 981 2406 continuatur
1025 2380 1122 2406 cum
1167 2367 1365 2420 qualibet.
1429 2370 1540 2410 Nam

224 2433 362 2473 omnis
407 2448 501 2487 pars
546 2435 714 2474 ecclesie
760 2436 983 2489 copulatur
1027 2436 1197 2476 cuilibet
1239 2451 1313 2490 per
1356 2439 1539 2479 eundem

222 2504 451 2544 terminum
485 2518 777 2553 communem,
813 2519 911 2559 ergo
945 2506 1084 2546 omnis
1117 2520 1211 2559 pars
1234 2492 1403 2547 eccleSIe
1437 2522 1536 2548 con-

220 2574 407 2614 tinuatur
429 2574 609 2614 cuilibet.
628 2576 710 2614 Pro
732 2585 951 2629 assumpto
975 2589 1174 2629 suppono
1197 2578 1313 2630 quod
1332 2579 1540 2619 mediator

221 2643 297 2682 Dei
350 2651 389 2683 et
419 2643 647 2684 hominum
701 2644 892 2685 Christus
943 2646 1060 2685 Jesus
1112 2646 1263 2699 plenus
1312 2648 1447 2701 gracie
1500 2645 1638 2689 etsince
1655 2647 1830 2683 eachhelps

165 2721 204 2755 35
220 2712 402 2753 veritatis
454 2713 576 2753 faciat
629 2714 861 2768 quamlibet
902 2724 1066 2769 partem
1118 2716 1287 2756 ecclesie
1337 2719 1537 2770 prodesse
1666 2682 1715 2719 ³1¹⁷

276 2833 304 2858 9.
325 2825 364 2852 B:
386 2830 413 2853 et
434 2826 596 2861 scriptura.
617 2827 662 2854 A:
684 2828 753 2854 Act.
774 2827 819 2853 10.
981 2836 1024 2855 22.
1046 2829 1078 2856 In
1101 2830 1197 2857 codd.
1217 2829 1284 2857 Joh.
1306 2830 1380 2865 XV3
1403 2832 1535 2858 correxi.

222 2872 265 2898 26.
279 2872 348 2899 Ain
360 2880 475 2907 marg:
491 2872 672 2901 Conclusio.
686 2872 767 2901 Nota
789 2873 926 2909 quelibet
939 2883 1008 2910 pars
1030 2877 1160 2904 ecclesie
1183 2876 1380 2904 continuatur
1401 2876 1534 2905 cuilibet.
