2051 3273
190 190 267 228 536
906 198 1130 229 JOHANNIS
1158 197 1355 229 wchF.
1560 182 1666 240 [CAP.
1690 194 1781 222 xxn.

473 304 612 342 ciones
644 315 747 342 suas
781 315 862 341 non
905 301 1139 341 continebit.
1191 301 1274 341 Sed
1320 302 1416 354 quia
1462 301 1575 340 dixit'
1618 315 1784 341 sacrum
1801 311 1933 346 201<¹N

476 373 690 412 psalmum
725 372 958 424 intelligere
993 372 1042 410 de
1066 371 1270 410 membris
1305 371 1389 410 suis
1414 371 1710 423 predestinatis
1742 371 1783 409 in

475 442 628 494 quibus
663 450 884 494 peccatum
934 450 994 480 est
1040 441 1225 480 mutacio
1272 441 1440 479 dextere
1481 440 1644 492 excelsi,
1688 440 1784 480 ideo

475 511 747 564 prosequitur
780 511 941 550 dicens:
983 509 1082 549 Hoc
1117 509 1282 562 quidem
1317 522 1402 549 non
1435 509 1527 548 ideo
1566 510 1784 563 confirmo,

188 590 289 616 buthe
308 588 459 616 abhorred
474 581 676 632 quoniam
707 593 788 619 non
814 580 978 619 resisto.
1015 580 1107 618 Hoc
1132 589 1272 618 autem
1299 579 1527 632 utrobique
1553 579 1785 618 detestatur
1802 590 1818 622 5

185 624 234 651 the
263 625 370 650 notion
398 623 483 656 that,

185 658 552 720 “gssseegssoffldthssfflsoe
585 659 754 689 sanctus
789 663 884 688 cum
931 650 1020 688 aliis
1066 649 1180 701 quod
1224 648 1290 687 vel
1344 661 1449 700 pena
1495 649 1785 689 membrorum

200 726 453 789 pfflisfflgzgetdef
478 720 647 772 dyaboli
681 733 758 772 pro
793 719 965 759 instanti
999 718 1206 770 temporis
1241 717 1427 768 finiatur,
1460 718 1524 756 vel
1559 727 1785 771 postquam

477 790 556 828 fuit
589 788 794 828 intensior
834 802 909 842 per
949 788 1121 827 ecclesie
1163 787 1362 840 suffragia
1397 788 1652 840 remittatur,
1691 789 1787 827 licet

477 859 587 898 credi
633 868 776 911 posset
810 858 1087 911 probabiliter
1132 858 1247 910 quod
1288 870 1413 896 omne
1453 866 1691 909 peccatum*
1727 867 1787 897 est

475 928 614 967 minus
660 928 821 967 malum
870 937 909 967 et
954 927 1095 966 minus
1140 926 1331 979 punibile
1381 936 1555 979 propter
1587 926 1845 967 meritumm

474 998 570 1037 Jesu
619 997 791 1037 Christi.
847 997 969 1038 Unde
1021 997 1119 1050 quia
1153 996 1437 1048 Augustinus,
1492 1010 1580 1048 cap.
1636 996 1787 1048 XV110,

475 1068 569 1107 libri
614 1064 738 1119 XXIi,
787 1067 933 1106 recitat
988 1067 1208 1118 quomodo
1261 1066 1437 1118 quidam
1488 1066 1788 1105 commendant

475 1138 596 1176 istam
632 1136 904 1187 sentenciam,
935 1136 1034 1188 quia
1069 1136 1149 1188 pia,
1175 1135 1246 1174 sed
1281 1134 1346 1189 (ut
1386 1135 1539 1187 arguit,
1576 1149 1669 1174 cum
1705 1149 1787 1174 non

476 1207 602 1245 habet
636 1205 935 1246 auctoritatem
961 1219 1008 1244 ex
1039 1205 1247 1257 scriptura
1280 1205 1352 1244 sed
1387 1205 1474 1244 eius
1508 1204 1788 1261 oppositum),

477 1282 576 1315 tunc
592 1275 719 1329 foret
750 1274 901 1314 melior
932 1280 970 1313 et
1001 1274 1155 1325 verior,
1188 1275 1227 1314 si
1259 1273 1591 1314 misericordior.
1630 1274 1789 1314 Exten-
1811 1283 1846 1316 15

476 1345 607 1385 datur
638 1358 742 1398 ergo
772 1344 883 1398 fons
929 1343 1056 1383 huius
1101 1343 1395 1383 misericordie
1438 1343 1494 1382 ad
1540 1343 1791 1397 dampnatos

476 1415 681 1470 quoslibet
702 1415 817 1469 quod
850 1414 1084 1467 punientur
1114 1427 1221 1466 pena
1246 1413 1518 1453 solummodo
1551 1415 1788 1467 temporali,

477 1486 541 1524 vel
587 1485 750 1525 dicatur
795 1483 1112 1523 misericordius
1153 1484 1269 1536 quod
1314 1496 1421 1535 pena
1467 1484 1535 1523 illa
1580 1484 1657 1523 erit
1701 1485 1790 1523 bre-

477 1555 662 1607 vissima,
688 1555 752 1594 vel
773 1554 904 1594 tercio
938 1552 1327 1592 misericordissime
1360 1553 1475 1606 quod
1509 1554 1683 1593 omnino
1708 1567 1790 1593 non

478 1625 556 1664 erit
588 1624 666 1663 alia
690 1637 799 1677 pena
832 1632 928 1676 post
962 1631 1157 1674 mortem,
1191 1622 1263 1662 sed
1298 1630 1385 1661 tota
1418 1623 1625 1675 scriptura
1659 1633 1719 1662 est
1751 1624 1791 1663 in
1809 1639 1851 1661 20

478 1695 555 1733 ista
587 1703 706 1747 parte
739 1693 1048 1733 conminatoria
1072 1693 1142 1732 sed
1168 1705 1253 1731 non
1282 1705 1390 1731 vera.
1425 1691 1469 1732 Si
1500 1693 1606 1745 quis,
1640 1692 1791 1746 inquit,

479 1764 637 1803 audeat
667 1764 745 1803 ista
768 1775 980 1812 asserere,
1012 1768 1127 1801 tanto
1149 1761 1363 1802 invenitur
1384 1774 1535 1801 errare
1557 1761 1793 1815 deformius

480 1840 519 1873 et
550 1839 702 1873 contra
736 1839 851 1873 recta
875 1833 957 1872 Dei
989 1832 1116 1872 verba
1142 1832 1407 1884 perversius,
1439 1838 1598 1884 quanto
1629 1831 1794 1871 videtur

478 1904 636 1943 sentire
666 1902 745 1942 sibi
775 1902 1041 1942 clemencius.
1090 1903 1184 1941 Non
1225 1901 1399 1941 seducat
1439 1915 1514 1940 nos
1557 1914 1657 1952 ergo
1698 1914 1791 1940 ceca

481 1973 613 2025 pietas
647 1985 744 2025 que,
787 1984 882 2010 cum
924 1972 976 2010 sit
1011 1971 1176 2010 veritati
1216 1980 1254 2010 et
1287 1970 1394 2009 fonti
1428 1970 1592 2009 iusticie
1626 1983 1671 2009 ac
1703 1971 1790 2023 pie·
1810 1978 1849 2010 25

482 2043 578 2081 tatis
625 2041 849 2091 contraria,
901 2049 962 2079 est
1012 2041 1258 2092 blasphema
1310 2040 1528 2091 impietas;
1577 2052 1674 2077 nam
1720 2052 1793 2092 per

482 2111 569 2150 eius
604 2111 853 2164 oppositum
877 2109 980 2149 fides
1005 2110 1212 2149 catholica
1236 2110 1486 2162 integratur,
1521 2109 1791 2147 conversacio

483 2180 702 2220 militantis
756 2179 926 2219 ecclesie
974 2179 1126 2218 timore
1172 2191 1278 2231 pene
1325 2179 1571 2217 melioratur
1616 2188 1655 2218 et
1699 2192 1792 2231 spes

483 2251 652 2289 maioris
694 2249 965 2289 beatitudinis
1000 2247 1300 2300 confirmatur;
1340 2258 1380 2288 et
1415 2249 1794 2300 correspondenter

483 2320 540 2359 illi
612 2320 683 2372 qui
750 2319 949 2358 videntur
1014 2319 1146 2370 magis
1201 2318 1363 2371 placere
1418 2318 1600 2371 dyabolo
1659 2319 1791 2368 magis
1809 2324 1850 2354 30

485 2398 649 2438 nocent,
697 2398 736 2428 et
781 2389 877 2427 hinc
922 2388 1096 2427 indubie
1141 2398 1320 2441 possunt
1360 2396 1577 2440 expectare
1611 2388 1791 2440 amplius

485 2467 806 2498 nocumentum.
840 2458 935 2498 Non
972 2471 1071 2510 ergo
1095 2471 1265 2497 oramus
1298 2471 1375 2510 pro
1410 2457 1592 2511 dyabolo
1627 2457 1690 2496 vel
1714 2457 1791 2496 sibi

536 2610 573 2631 12.
595 2605 623 2631 A
643 2603 674 2630 in
687 2611 784 2637 marg.
799 2612 804 2629 :
820 2602 935 2631 Contra
952 2604 1141 2631 sentenciam
1155 2611 1214 2639 que
1227 2604 1313 2639 ponit
1326 2604 1444 2631 nullum
1458 2609 1603 2639 perpetue
1619 2604 1791 2640 dampnari.

485 2656 531 2676 20.
548 2650 622 2683 alia;
642 2650 687 2676 A:
709 2649 811 2684 aliter3
832 2650 890 2685 A1:
912 2650 1019 2685 alicui3
1041 2650 1076 2677 B:
1101 2651 1174 2685 alie;
1197 2649 1335 2678 Correxi.
1451 2648 1493 2677 23.
1516 2649 1554 2676 B:
1576 2654 1683 2678 contra
1703 2651 1791 2678 recia.

486 2703 532 2731 24.
553 2695 591 2722 B:
613 2695 672 2723 sibi
692 2703 744 2723 sor
763 2696 916 2732 (sequitur
937 2697 1071 2731 lacuna).

551 2812 597 2834 ιι.
623 2811 701 2845 pag.
726 2801 804 2843 637.
