2051 3273
188 230 276 259 CAP.
293 219 421 278 xvnt]
707 233 765 264 DE
792 231 1025 264 ECCLESIA.

55 350 82 383 S
107 351 184 394 ¹89⁰
199 337 367 377 haberet
399 337 450 375 ad
473 336 657 389 aliquam
680 344 843 388 partem
875 336 951 387 sui,
988 335 1084 389 quia
1118 335 1173 374 sic
1196 348 1280 374 una
1313 336 1512 374 medietas

200 406 302 446 foret
348 405 607 445 indivisibilis
653 414 691 445 et
736 405 814 444 alia
845 405 1045 444 medietas
1090 404 1362 458 quantitativa
1407 404 1513 444 foret

199 476 356 529 equalis
404 488 480 513 suo
519 474 610 526 toti,
655 474 685 512 si
731 474 878 513 debeat
922 475 1001 513 dici
1045 483 1204 525 totum3
1250 482 1288 512 et
1321 474 1376 512 sic
1410 473 1511 512 illud

198 553 338 584 totum
360 543 528 583 haberet
549 552 731 596 quatuor
755 543 995 582 medietates
1018 543 1246 596 inequales,
1271 553 1317 582 ut
1341 543 1511 582 ecclesia

164 628 246 661 5ex
290 622 472 667 quatuor
515 613 759 652 hominibus
792 613 1057 665 inequalibus
1090 613 1261 651 haberet
1293 613 1398 652 duos
1433 612 1509 651 mi-

198 697 320 723 nores
371 682 566 722 homines
612 691 651 721 et
695 690 877 735 quatuor
927 682 1169 721 medietates
1214 681 1510 735 quantitativas

196 752 367 791 illorum
411 761 593 805 quatuor
636 752 863 791 hominum
895 766 970 804 pro
1004 752 1087 791 suis
1133 751 1438 802 medietatibus,
1474 760 1511 790 et

198 821 253 860 sic
293 821 333 860 in
373 835 626 874 quacunque
667 821 947 873 proporcione
979 821 1161 860 volueris
1194 834 1277 859 una
1310 820 1510 860 medietas

134 907 180 937 10
198 900 257 930 est
290 890 424 929 maior
455 891 626 943 reliqua.
661 891 716 929 Et
747 890 903 929 mirum
934 890 1099 929 videtur
1128 891 1243 944 quod
1276 904 1382 942 pars,
1421 904 1506 928 me—

143 985 181 1007 10
197 961 340 1011 dietas,
376 961 560 999 mundus
597 969 635 998 et
671 959 804 999 maior
846 973 939 1012 pars
972 973 1109 998 rerum
1146 959 1423 999 artificialium
1459 959 1510 998 sit

196 1029 335 1080 nichil,
375 1043 473 1068 nam
512 1029 712 1081 scriptura
747 1029 801 1068 ita
830 1029 1030 1068 Johannis
1065 1030 1122 1069 VO
1152 1029 1250 1068 dicit
1295 1029 1507 1080 spiritum,

195 1112 351 1152 aquam
387 1106 425 1138 et
455 1099 710 1152 sanguinem
745 1112 836 1138 esse
862 1112 1007 1149 unum,
1031 1107 1070 1137 et
1093 1098 1374 1138 communiter
1396 1107 1508 1151 patet

194 1168 305 1207 idem
328 1169 378 1207 de
400 1168 488 1207 aliis
513 1168 740 1221 aggregatis
765 1182 845 1221 que
868 1168 1063 1207 dicuntur
1076 1181 1225 1209 unum.
1249 1169 1358 1207 Nam
1373 1168 1508 1221 predi-

195 1248 287 1277 cato
323 1252 396 1290 per
431 1251 471 1277 se
506 1237 685 1277 inferiori
722 1238 958 1290 predicatur
991 1251 1065 1290 per
1098 1252 1140 1277 se
1175 1237 1377 1290 superius,
1404 1246 1451 1277 ut
1478 1238 1509 1276 si

141 1322 177 1354 15
195 1307 365 1346 ecclesia
388 1307 439 1346 sit
459 1320 651 1359 persona,
674 1316 774 1346 tunc
800 1316 859 1346 est
887 1307 1106 1346 racionalis
1128 1316 1273 1347 nature
1295 1307 1509 1347 individua

195 1377 443 1416 substancia.

149 1461 179 1494 Τ
252 1447 484 1486 Redeundo
519 1459 615 1499 ergo
649 1446 700 1485 ad
732 1446 1000 1498 propositum
1039 1447 1275 1486 notandum
1310 1455 1370 1486 est
1398 1446 1509 1486 fideli

194 1516 310 1568 quod
362 1515 579 1568 diligenter
630 1524 771 1555 caveat
815 1517 864 1554 ab
908 1515 1036 1555 heresi
1090 1516 1167 1554 ista
1221 1516 1371 1556 recenti
1426 1530 1509 1569 qua

194 1585 343 1625 dicitur
386 1586 501 1639 quod
545 1594 639 1624 ante
681 1594 863 1625 mortem
908 1586 1058 1626 Christi
1113 1599 1198 1624 non
1245 1586 1323 1626 fuit
1369 1595 1508 1626 sancta

137 1681 178 1702 20
194 1664 325 1694 mater
357 1654 529 1694 ecclesia
562 1668 636 1694 nec
683 1656 799 1708 quod
833 1669 879 1694 ex
912 1655 1117 1695 militante
1151 1665 1189 1694 et
1222 1656 1508 1709 triumphante

192 1733 252 1763 est
298 1738 381 1763 una
424 1724 562 1763 totalis
596 1725 764 1764 ecclesia
809 1725 1037 1765 constituta
1076 1726 1147 1764 sed
1187 1727 1302 1778 quod
1341 1725 1508 1779 presciti

192 1804 232 1833 et
264 1793 453 1832 membra
487 1794 654 1846 dyaboli
689 1803 785 1833 sunt
817 1804 953 1847 partes
987 1804 1126 1834 sancte
1159 1795 1302 1834 matris
1326 1795 1507 1846 ecclesie,

193 1864 346 1902 domus
384 1863 459 1902 Dei
494 1873 532 1902 et
564 1864 740 1916 speciale
771 1864 1059 1904 habitaculum
1091 1864 1299 1914 trinitatis,
1323 1865 1420 1917 quia
1444 1864 1508 1918 (ut

194 1946 290 1985 sepe
322 1931 547 1987 assumpsi)
582 1933 844 1986 Augustinus
888 1934 929 1972 in
970 1934 1253 1973 Eucheridion
1294 1935 1405 1974 LVIO
1439 1948 1505 1973 ex-

135 2017 174 2049 25
192 2016 355 2055 ponens
400 2001 527 2041 fidem
574 2003 742 2043 ecclesie
787 2017 910 2056 super
948 2003 1025 2042 ista
1064 2003 1266 2055 particula
1307 2004 1504 2043 Sanctam

192 2073 410 2112 ecclesiam
444 2073 692 2111 catholicam
717 2073 772 2112 ita
794 2073 951 2112 scribit:
983 2074 1138 2112 Rectus
1171 2074 1310 2126 itaque
1342 2074 1505 2126 confes-

192 2142 321 2181 sionis
360 2141 463 2180 ordo
488 2142 692 2194 poscebat
729 2149 774 2181 ut
805 2143 983 2181 trinitati
1012 2143 1348 2196 subizmgeretur
1379 2144 1503 2182 eccle-

191 2212 255 2251 sia
295 2218 512 2263 tamquam
547 2212 776 2250 habitatori
807 2212 956 2252 domus
988 2225 1068 2251 sua
1105 2219 1143 2251 et
1170 2212 1261 2251 Deo
1301 2213 1502 2265 templum

192 2294 316 2320 suum
335 2287 373 2320 et
388 2281 594 2320 conditori
617 2281 760 2321 civitas
777 2293 882 2331 sua,·
903 2295 982 2334 que
996 2288 1080 2320 tota
1098 2282 1164 2320 lzic
1181 2282 1422 2333 accipienda
1445 2289 1507 2322 est

135 2365 177 2397 30
195 2364 275 2389 non
319 2351 457 2390 solum
504 2364 557 2389 ex
601 2357 730 2404 parte
774 2364 853 2403 quc
892 2351 1204 2404 peregrinatur
1241 2352 1281 2389 in
1321 2352 1446 2391 terris
1478 2366 1503 2391 a

191 2421 292 2460 solis
332 2427 428 2459 ortu
468 2434 599 2473 usque
630 2420 686 2459 ad
717 2433 911 2460 occasum
947 2420 1129 2460 laudans
1162 2434 1312 2460 nomen
1347 2421 1506 2460 domini

192 2496 231 2528 et
283 2496 383 2542 post
443 2491 721 2542 captivitatem
784 2491 1000 2529 vetustatis
1063 2497 1241 2529 cantans
1294 2491 1502 2530 canticum

244 2613 280 2641 13.
302 2621 344 2647 ¹4-
365 2613 404 2640 B:
426 2614 612 2647 predicatur.
739 2621 779 2649 ¹7·
800 2614 829 2642 A
850 2614 878 2641 in
901 2621 1016 2648 marg.:
1038 2614 1117 2641 Nota
1138 2614 1224 2641 bene.
1363 2622 1402 2650 ¹9-
1426 2616 1452 2642 A
1473 2615 1501 2642 in

193 2667 310 2694 marga
349 2659 455 2695 Longe
487 2664 556 2687 ante
582 2659 699 2687 Christi
726 2663 857 2686 mortem
881 2659 939 2687 fuit
959 2664 1064 2687 sancta
1079 2660 1207 2687 ecclesia
1221 2660 1258 2687 de
1279 2668 1339 2695 qua
1355 2668 1415 2688 non
1432 2665 1502 2688 sunt

191 2706 313 2740 presciti
342 2706 457 2739 (Below
479 2705 546 2741 ¹89⁸
567 2706 697 2733 without
718 2707 805 2733 mark
826 2705 860 2733 of
887 2705 1063 2739 reference).
1206 2714 1255 2740 24.
1284 2709 1312 2734 A
1334 2708 1363 2734 in
1386 2715 1501 2740 marga

191 2752 399 2786 Augustinus
542 2760 587 2787 24.
609 2752 642 2779 In
658 2753 749 2779 codd.
771 2752 879 2780 LXIV.
1026 2754 1071 2781 26.
1093 2754 1124 2780 In
1141 2753 1248 2780 codd.:
1270 2753 1378 2780 Rectus
1398 2754 1502 2790 itaque

196 2803 224 2825 et
245 2798 416 2825 conformis
437 2799 523 2826 ordo.
548 2798 673 2826 Corrcxi
690 2807 704 2825 e
718 2803 801 2825 textu
816 2800 952 2833 August.
974 2799 1129 2827 Enchirid.
1144 2807 1210 2834 cap.
1228 2799 1303 2827 LVI.
1327 2799 1408 2834 Opp.
1424 2804 1499 2826 torn.

190 2843 243 2877 VI,
265 2852 334 2879 pag.
355 2851 413 2879 217.
555 2853 602 2880 29.
621 2844 656 2871 In
677 2844 754 2872 codd
778 2854 785 2871 ι
806 2846 947 2872 creatori.
970 2845 1097 2872 Correxi
1118 2853 1133 2872 e
1154 2850 1236 2872 textu
1256 2846 1338 2880 Aug.

1525 895 1614 923 Thus
1625 905 1671 923 we
1687 897 1799 923 should

1543 932 1578 957 be
1600 931 1732 966 brought
1750 937 1781 958 to

1541 968 1591 992 the
1611 966 1783 993 wonderful

1524 1000 1706 1028 conclusion
1736 1001 1799 1028 that

1525 1035 1680 1062 almostall
1696 1035 1798 1070 things

1553 1077 1602 1096 are
1624 1070 1762 1104 nothing.

1553 1463 1620 1490 The
1642 1463 1760 1491 faithful

1546 1503 1629 1525 must
1651 1500 1771 1525 beware

1548 1533 1583 1560 of
1599 1534 1649 1560 the
1670 1533 1780 1569 heresy

1532 1569 1596 1594 that
1616 1568 1700 1595 there
1720 1576 1784 1594 was

1567 1610 1607 1629 no
1628 1602 1751 1630 Church

1531 1637 1606 1664 until
1627 1639 1677 1664 the
1699 1637 1787 1664 death

1575 1672 1610 1699 of
1627 1671 1740 1699 Christ.
