2051 3343
230 246 307 285 124
948 241 1171 273 JOHANle
1198 240 1393 272 WYCLIF.
1644 226 1750 285 [CAP.
1765 235 1819 265 vr.

511 347 703 387 macione
740 347 848 387 Abel
884 346 982 387 iusti
1023 354 1062 386 et
1099 345 1278 385 aliorum
1318 353 1562 385 sanctorum
1598 357 1731 399 usque
1771 345 1822 384 ad
1841 353 1971 396 145⁰H

510 417 869 468 incarnacionem,
928 424 1124 456 manente
1180 415 1378 455 continue
1436 415 1582 454 eadem
1639 416 1821 469 despon-

512 487 691 539 sacione,
726 501 825 527 cum
856 485 983 527 Cesar
1015 499 1179 539 semper
1210 488 1429 538 Augustus
1462 484 1659 525 continue
1699 493 1823 538 auget

222 570 258 608 iq
276 569 327 597 the
352 570 496 596 incarna-
511 557 669 597 dotem.
693 556 718 585 ἧς
742 557 786 596 In
818 555 1110 595 incarnacione
1142 569 1240 594 vero
1274 554 1370 594 fecit
1402 555 1603 595 secundas
1635 554 1821 607 nupcias,
1842 562 1920 606 145<¹

222 604 496 678 ste¹gfi¹niii1unssi¹1⁸iis‚
512 627 690 666 creando
723 626 938 680 quandam
968 625 1156 677 reginam
1179 633 1340 677 partem
1372 624 1508 664 tocius
1541 624 1710 664 ecclesie
1742 632 1855 678 que5

238 678 485 736 ἒῗιῗῆῐὲὲἒὴιῖῗέιῒι
512 697 696 750 quadam
742 695 998 749 proprietate
1031 694 1181 734 dicitur
1213 693 1384 733 ecclesia
1416 693 1650 733 christiana.
1699 694 1823 734 Tunc

241 749 271 771 to
294 744 330 771 be
352 743 472 779 Queen.
513 766 625 805 enim
649 767 732 805 dux
755 774 793 805 et
814 764 958 818 legifer
972 774 1111 804 noster
1132 763 1374 803 familiarius
1387 763 1606 817 alloquens
1622 776 1823 816 sponsam

513 849 634 875 suam
667 833 732 890 (ut
764 835 863 874 dicit
894 834 1111 887 apostolus
1137 835 1264 875 Hebr.
1299 833 1352 887 10)
1386 847 1458 886 per
1481 833 1823 885 assumpcionem

514 905 787 946 humanitatis
819 905 979 945 inducit
1011 918 1125 944 arma
1157 913 1298 944 nostra
1330 912 1369 943 et
1392 912 1438 943 ut
1469 902 1582 956 gigas
1615 903 1824 956 superavit

511 976 655 1015 hostes
688 975 870 1027 ecclesie,
902 975 1112 1014 redimens
1145 983 1307 1027 partem
1345 986 1497 1026 sponse
1529 973 1882 1013 incarceratamm

515 1054 554 1085 et
592 1046 748 1086 docens
786 1045 912 1084 aliam
952 1045 1172 1098 quomodo
1217 1051 1460 1097 sequeretur
1503 1042 1592 1082 eius
1636 1042 1823 1096 vestigia.

513 1116 634 1157 Unde
679 1124 766 1157 tota
810 1115 999 1155 doctrina
1037 1114 1259 1155 christiana
1297 1122 1377 1154 stat
1419 1113 1463 1152 in
1506 1113 1584 1153 ista
1630 1112 1824 1152 oracione

513 1186 683 1226 ecclesie
727 1200 811 1239 qua
842 1199 1040 1239 rogamus
1073 1199 1282 1238 sponsum
1314 1198 1387 1238 per
1409 1185 1639 1224 adventum
1670 1183 1759 1222 eius
1781 1181 1825 1221 in

513 1270 693 1308 carnem,
740 1265 786 1295 ut
835 1257 983 1296 doceat
1025 1269 1102 1294 nos
1144 1264 1302 1295 terrena
1353 1253 1562 1307 despicere
1606 1262 1644 1293 et
1686 1265 1825 1292 amare

513 1326 689 1366 celestia.
723 1325 957 1378 Despicere,
989 1325 1031 1364 id
1047 1333 1120 1377 est,
1143 1324 1185 1363 in
1209 1323 1435 1364 affeccione
1463 1332 1730 1376 postponere.
1754 1322 1825 1361 Ille
1845 1330 1880 1363 15

514 1396 627 1436 enim
664 1396 839 1449 despicit
876 1395 1124 1448 temporalia
1161 1395 1233 1448 qui
1271 1408 1294 1434 a
1337 1407 1504 1434 summa
1548 1393 1644 1433 sede
1687 1392 1825 1431 anime

512 1466 603 1518 ipsa
635 1466 759 1506 abicit
803 1475 843 1505 et
887 1465 983 1506 facit
1031 1465 1120 1518 ipsa
1157 1464 1384 1505 intencioni
1430 1463 1646 1503 celestium
1689 1461 1823 1502 abiec-

512 1536 672 1576 tissime
715 1535 962 1575 ministrare.
1004 1536 1058 1575 Et
1100 1535 1204 1574 bene
1252 1533 1360 1573 foret
1406 1533 1482 1573 sibi
1527 1533 1598 1587 qui
1644 1532 1825 1586 perfecte

512 1606 699 1647 didicerit
750 1605 875 1646 istam
918 1605 1108 1657 regulam
1150 1603 1386 1657 religionis,
1430 1612 1531 1643 tunc
1570 1602 1682 1642 enim
1720 1601 1826 1642 foret

511 1675 554 1714 in
586 1684 695 1716 recta
726 1675 792 1715 via
823 1675 1024 1729 sequendi
1058 1687 1263 1727 sponsum
1301 1682 1342 1713 et
1378 1681 1641 1726 assumptam
1678 1672 1822 1712 iuven·
1840 1688 1882 1710 20

514 1746 652 1785 culam
684 1745 726 1784 in
758 1758 937 1799 regnum
969 1745 1169 1785 celorum.

222 1825 263 1851 At
283 1823 333 1850 the
362 1823 420 1850 last
449 1823 499 1850 ad·
572 1815 724 1855 Tercio
757 1829 855 1855 vero
887 1815 930 1854 in
962 1814 1114 1855 ultimo
1147 1814 1331 1854 adventu
1355 1813 1476 1853 faciet
1497 1826 1629 1867 agnus
1653 1812 1825 1866 nupcias

223 1863 295 1885 vent
324 1857 374 1885 the
400 1858 497 1885 Lamb

223 1893 497 1961 *ssisslgssn‘ssffigffif'
514 1894 842 1938 consummatas,
867 1885 1111 1925 coronando
1135 1895 1174 1924 et
1197 1883 1487 1924 confirmando
1510 1883 1698 1937 reginam
1719 1882 1824 1922 inte·
1839 1888 1858 1921 Ι

234 1963 479 2024 ffiffifeaggutrtffi'
513 1970 629 2009 gram
672 1969 754 2009 que
798 1964 859 1996 est
902 1969 986 1995 una
1030 1954 1228 1994 columba
1271 1963 1310 1994 et
1352 1953 1596 1993 universalis
1642 1952 1825 2004 ecclesia,

222 2032 497 2102 wirgbpchJaned
512 2039 599 2065 non
638 2038 732 2078 pars
764 2024 933 2065 alterius
973 2024 1142 2064 ecclesie
1176 2022 1242 2078 (ut
1279 2031 1393 2077 patet
1423 2026 1557 2076 Apoc.
1590 2020 1740 2076 XX10).
1774 2023 1828 2062 Et
1843 2026 1882 2060 25

443 2088 449 2094 ⁶
513 2109 639 2149 super
670 2095 748 2135 ista
781 2094 1119 2134 consideracione
1149 2093 1357 2146 dependet
1390 2106 1542 2146 magna
1564 2106 1657 2145 pars
1680 2105 1826 2132 sensus

514 2167 716 2219 scripture
749 2174 790 2205 et
829 2164 987 2205 servicii
1026 2164 1207 2204 ecclesie.
1256 2164 1366 2203 Nam
1410 2176 1457 2202 ex
1500 2161 1581 2202 fide
1626 2161 1699 2201 erit
1743 2175 1827 2201 una

514 2236 654 2276 totalis
694 2235 866 2276 ecclesia
902 2234 1130 2288 glorificata
1174 2242 1269 2286 post
1317 2232 1429 2271 diem
1474 2231 1631 2283 iudicii,
1675 2240 1714 2271 et
1758 2231 1828 2270 illa

513 2306 748 2346 secundum
780 2318 978 2357 magnam
1011 2312 1173 2356 partem
1205 2311 1266 2342 est
1297 2302 1428 2341 modo
1462 2315 1617 2355 sponsa
1647 2302 1690 2340 in
1723 2302 1825 2354 celo,

513 2377 556 2415 in
587 2375 831 2429 purgatorio
856 2383 895 2414 et
926 2374 968 2412 in
1000 2374 1176 2413 mundo.
1203 2373 1301 2413 Ideo
1335 2373 1404 2412 illa
1426 2381 1487 2413 est
1518 2372 1718 2412 continue
1741 2385 1825 2411 una
1841 2374 1883 2407 30

513 2445 757 2485 universalis
792 2453 831 2484 et
862 2453 1006 2484 sancta
1037 2452 1169 2484 mater
1201 2443 1384 2494 ecclesia,
1418 2451 1457 2483 et
1496 2443 1566 2482 illa
1598 2451 1659 2483 est
1697 2455 1826 2496 quam

564 2579 595 2605 4.
614 2572 644 2598 A
663 2571 693 2599 in
709 2578 806 2606 marg.
819 2581 825 2598 ε
837 2569 978 2597 Christus
990 2570 1019 2597 in
1036 2569 1254 2597 incarnacione
1266 2567 1428 2604 originavit
1440 2569 1601 2596 ecclesiam
1614 2567 1825 2596 christianam.

513 2616 541 2646 8.
560 2618 588 2645 Α
608 2618 639 2645 in
660 2625 776 2653 marg:
796 2616 918 2652 Nupcie
940 2615 1057 2644 Christi
1078 2624 1134 2652 per
1155 2616 1418 2644 incarnacionem.
1559 2624 1598 2644 12.
1618 2615 1640 2642 B
1662 2615 1693 2643 in
1708 2622 1823 2649 marg.:

513 2663 594 2691 Tota
615 2664 756 2692 doctrina
775 2663 944 2691 christiana
964 2667 1023 2690 stat
1041 2663 1071 2691 in
1092 2671 1152 2690 una
1172 2663 1328 2690 oracione.
1521 2661 1559 2691 15.
1580 2662 1619 2689 B:
1641 2670 1824 2697 preponere.

512 2718 557 2738 22.
577 2712 605 2738 A
626 2711 657 2737 in
677 2719 792 2746 marg:
812 2709 935 2746 Nupcie
954 2710 1218 2738 consumacionis,
1239 2709 1275 2737 B:
1301 2709 1431 2745 nupcias
1452 2714 1664 2745 consumptas
1712 2708 1755 2737 25.
1782 2708 1823 2735 B:

513 2755 677 2785 Moralium
698 2757 779 2785 XXI.

573 2865 602 2897 3.
629 2864 680 2897 Cf.
707 2864 865 2907 Wyclif’s
903 2866 953 2896 De
981 2863 1168 2896 Benedicta
1200 2862 1444 2897 Incarnacione
1482 2873 1556 2906 cap.
1587 2863 1625 2904 V,
1652 2872 1729 2905 pag.
1758 2861 1813 2905 67.
