2051 3273
248 244 336 273 CAP.
357 233 455 292 xix]
758 248 818 279 DE
845 247 1077 279 ECCLESIA.

110 360 244 404 Q192b
263 351 445 390 ecclesie.
503 351 555 390 Et
605 351 758 390 iterum
809 351 1184 404 proporcionaliter
1234 359 1281 390 ut
1333 350 1571 389 membrum

261 420 429 460 ecclesie
474 420 597 460 habet
640 421 734 473 plus
788 421 837 460 de
881 421 1033 460 talibus
1078 419 1412 473 possessionibus
1466 419 1572 458 foret

262 489 487 542 perfeccior
519 498 557 530 et
589 490 757 529 ecclesie
790 490 1055 542 necessarior,
1094 499 1133 529 et
1165 490 1220 529 sic
1253 489 1394 529 fratres
1427 497 1467 528 et
1497 488 1571 527 viri

262 559 577 612 contemplativi
602 559 740 599 forent
762 560 838 598 sub
862 573 948 599 non
971 560 1103 612 gradu
1127 558 1380 598 necessitatis
1404 558 1572 597 ecclesie

228 637 300 671 5et
343 642 518 682 persone
563 629 726 668 mundo
772 628 918 668 divites
963 628 1143 668 maxime
1188 627 1427 679 necessarie,
1476 626 1573 680 quia

261 698 415 737 nullius
458 698 667 751 possessio
712 707 772 738 est
815 699 1067 738 necessarior
1115 698 1284 738 ecclesie
1336 711 1465 750 quam
1515 705 1574 736 est

262 768 362 820 ipse.
408 768 489 807 Sed
533 767 632 820 quid
678 768 773 820 plus
812 778 1062 821 repugnaret
1109 768 1313 821 scripture
1358 780 1470 807 sacre
1508 766 1573 805 vel

261 837 382 877 sacris
413 837 574 890 legibus
613 838 663 877 de
702 846 831 877 status
869 835 1130 878 minoritate?
1173 838 1269 877 Ideo
1311 836 1570 876 consulerem

262 907 453 947 fratribus
491 908 605 961 quod
650 907 826 947 omnino
859 907 1095 948 resisterent
1126 908 1189 947 isti
1223 906 1443 958 sentencie,
1477 906 1575 959 quia

205 995 244 1017 10
264 978 419 1017 nedum
453 978 669 1031 derogaret
700 977 951 1030 perfeccioni
983 991 1056 1017 sue
1078 977 1325 1017 retrahendo
1359 976 1574 1026 seculares,

262 1060 313 1086 ne
345 1046 548 1099 accipiant
580 1047 773 1086 ordinem
807 1047 1043 1100 evangelice
1075 1046 1343 1100 paupertatis,
1383 1046 1454 1084 sed
1487 1044 1573 1083 ani-

261 1126 393 1156 maret
416 1116 561 1156 divites
584 1117 711 1156 seculi
742 1130 792 1156 ne
825 1116 996 1156 faciliter
1018 1116 1316 1169 imperciantur
1339 1115 1395 1154 eis
1418 1115 1574 1154 elemo-

263 1186 371 1226 sinas
411 1187 660 1239 corporales.
715 1187 889 1226 Possent
933 1186 1045 1225 enim
1091 1186 1293 1225 seculares
1340 1185 1473 1224 dicere
1513 1189 1577 1238 (ut

262 1255 399 1295 audivi
434 1257 642 1309 quosdam
670 1257 895 1296 instructos
918 1256 1063 1296 exista
1092 1253 1338 1310 sentencia):
1373 1255 1441 1293 Tu
1475 1253 1576 1292 dicis

211 1326 380 1378 15qu0d
413 1335 499 1365 tam
530 1326 760 1366 necessaria
794 1335 855 1366 est
883 1326 1014 1365 modo
1037 1325 1248 1378 possessio
1278 1323 1577 1377 temporalium

264 1410 392 1449 quam
440 1397 666 1436 necessaria
714 1396 791 1436 fuit
835 1397 876 1435 in
921 1396 1132 1449 primitiva
1177 1395 1349 1435 ecclesia
1391 1402 1575 1447 potestas

265 1465 440 1505 faciendi
492 1466 705 1518 miracula,
768 1467 839 1505 sed
899 1465 1107 1519 possessio
1158 1464 1460 1517 temporalium
1519 1472 1579 1503 est

265 1535 433 1574 ecclesie
466 1536 607 1575 utilior
651 1544 690 1575 et
734 1535 1039 1588 congruencior
1081 1535 1123 1573 in
1162 1534 1416 1574 secularibus
1450 1547 1578 1586 quam

264 1605 306 1643 in
339 1606 464 1644 clero.
513 1606 609 1645 Ideo
645 1619 772 1659 quan]
806 1604 1036 1645 necessaria
1069 1604 1146 1644 fuit
1176 1604 1217 1643 in
1253 1604 1362 1643 clero
1395 1612 1578 1655 potestas

208 1690 249 1712 20
266 1674 441 1714 faciendi
474 1675 673 1714 miracula
706 1675 747 1713 in
783 1675 991 1727 primitiva
1024 1674 1208 1726 ecclesia,
1241 1682 1329 1713 tam
1352 1672 1579 1712 necessaria

265 1754 325 1784 est
356 1745 480 1784 hodie
513 1745 554 1783 in
588 1745 841 1784 secularibus
875 1744 1088 1798 possessio
1122 1753 1294 1785 terrena.
1339 1743 1420 1783 Sed
1451 1756 1578 1781 nemo

265 1814 305 1853 in
358 1815 568 1867 primitiva
619 1815 790 1855 ecclesia
843 1815 1095 1855 diminueret
1148 1815 1198 1854 de
1249 1822 1455 1867 potestate
1507 1826 1581 1851 sua

266 1884 440 1924 faciendi
465 1885 664 1924 miracula
686 1894 856 1938 propter
881 1884 1232 1924 communionem
1255 1898 1351 1923 cum
1375 1883 1580 1933 fratribus,

267 1967 363 2006 ergo
398 1968 472 1994 nec
516 1955 709 1994 secularis
748 1955 870 1994 debet
910 1954 1225 1994 communicare
1259 1967 1356 1993 cum
1390 1953 1581 1992 fratribus

212 2028 251 2062 25
267 2025 317 2063 de
350 2025 614 2077 possessione
647 2024 960 2078 temporalium,
1001 2039 1051 2064 ne
1085 2024 1344 2064 diminuatur
1377 2022 1581 2076 perfeccio

268 2094 343 2133 sibi
376 2095 624 2147 necessaria3
669 2103 708 2134 et
746 2094 801 2134 sic
835 2094 957 2134 frater
990 2094 1061 2148 qui
1101 2095 1152 2133 ad
1184 2094 1264 2133 hoc
1297 2093 1487 2132 hortatur
1518 2092 1583 2131 vel

268 2164 460 2216 consulit,
502 2164 639 2204 deficit
671 2179 693 2204 a
726 2164 905 2216 caritate,
946 2164 1084 2203 nitens
1117 2162 1414 2216 dampnificare
1448 2162 1583 2215 gracia

269 2242 439 2286 questus
462 2235 761 2287 temporalium
785 2233 952 2274 fratrem
976 2248 1114 2274 suum.
1139 2234 1219 2273 Sed
1243 2232 1337 2286 quis
1360 2241 1582 2286 temptaret

267 2303 402 2343 taliter
434 2304 673 2343 membrum
707 2301 885 2344 Christi?

217 2376 255 2409 R
328 2373 369 2413 Si
402 2373 552 2413 dicitur
591 2375 705 2427 quod
738 2382 910 2427 propter
942 2372 1249 2425 dispersionem
1280 2371 1584 2424 temporalium

271 2452 517 2483 accresceret
562 2443 854 2483 elemosinanti
899 2444 1062 2482 donum
1094 2442 1308 2494 spirituale
1340 2440 1583 2494 perfeccius,

240 2513 351 2559 1hoc
383 2522 587 2566 repugnat
619 2513 828 2553 sentencie
857 2521 1029 2566 propter
1052 2512 1154 2551 duo:
1188 2511 1331 2551 Primo
1365 2511 1462 2564 quia
1484 2519 1583 2549 tunc

272 2584 379 2623 foret
412 2583 634 2636 expediens
679 2582 915 2636 cuicunque
953 2581 1102 2621 clerico
1140 2580 1454 2634 possessionato
1487 2580 1583 2633 plus

324 2739 352 2764 4.
372 2730 414 2766 Α1
433 2731 589 2765 corrigere
604 2731 683 2758 vult:
706 2730 762 2757 sub
780 2738 841 2757 uno
857 2737 976 2765 genere.
1120 2727 1147 2756 8.
1168 2729 1242 2756 Ain
1257 2736 1373 2764 marg:
1396 2728 1583 2756 Consilium.

272 2786 306 2805 11.
332 2785 369 2805 12.
391 2778 430 2805 B:
452 2778 475 2805 si
503 2777 665 2805 animaret.
813 2784 854 2804 22.
876 2776 1064 2804 diminueret
1086 2776 1116 2803 in
1137 2776 1245 2803 codd.:
1266 2776 1316 2802 An
1337 2774 1586 2803 diminueretur?

271 2832 317 2859 24.
341 2825 380 2852 B:
401 2825 471 2852 ideo
494 2832 559 2852 nec.
667 2823 708 2851 25.
729 2822 768 2850 13:
791 2831 827 2850 ne
847 2823 941 2850 deest.
1063 2822 1110 2850 30.
1130 2822 1158 2849 A
1178 2821 1200 2848 B
1222 2821 1250 2849 in
1273 2829 1389 2857 marga
1410 2821 1584 2856 Responsio

272 2871 416 2907 quedam.

1606 910 1711 939 Friars
1733 910 1845 937 should

1619 954 1739 981 oppose
1760 946 1835 972 such

1651 981 1804 1014 reaching,

1617 1268 1652 1287 or
1672 1260 1692 1287 it
1715 1268 1783 1295 may
1805 1260 1841 1286 be

1602 1295 1711 1322 turned
1733 1294 1851 1329 against

1683 1330 1777 1357 tlicm.
