2051 3273
213 212 292 252 292
932 208 1155 241 JOHANNIS
1180 208 1373 241 WYCLIF.
1613 194 1718 253 [CAP.
1732 205 1812 235 xm.

500 314 616 365 quod
639 313 670 352 si
695 313 951 352 dislocantur
981 322 1020 352 et
1053 312 1341 352 innaturaliter
1374 321 1614 365 pascuntur,
1644 326 1811 352 necesse
1831 324 1964 367 170¹²M

501 391 560 421 est
592 391 637 422 ut
669 382 710 421 in
744 382 832 422 aliis
865 382 1066 422 membris
1097 381 1170 422 fiat
1203 382 1419 422 discordia.

240 461 360 489 Authe
381 461 456 487 evils
558 452 680 492 Unde
734 452 855 491 credo
908 453 1023 505 quod
1074 465 1296 505 nunquam
1338 452 1380 490 in
1426 465 1599 505 corpore
1644 452 1813 491 ecclesie

228 495 473 565 ngptffigcfhrgffih
501 521 675 560 cessabit
719 521 962 574 simpliciter
1008 521 1180 573 bellum,
1226 521 1349 561 dolus
1401 530 1525 574 atque
1578 521 1811 573 contencio,

247 566 454 592 worialmess.
500 599 728 644 antequam
771 591 866 630 cleri
912 591 1148 642 dislocacio‚
1183 590 1376 630 secularis
1409 590 1535 630 officii
1568 591 1806 644 usurp-acio,
1831 603 1847 636 5

502 669 541 699 et
573 674 645 713 per
678 673 941 713 consequens
976 660 1102 700 officii
1150 661 1420 713 speculatoris
1454 660 1627 700 omissio
1661 660 1712 700 sit
1743 674 1816 713 per

499 730 700 769 virtutem
732 730 949 783 regitivam
982 730 1151 770 ecclesie
1181 730 1388 781 restituta3
1420 730 1462 768 in
1494 738 1608 770 tanta
1631 743 1814 783 namque

499 799 689 838 armonia
733 800 959 839 constituta
1004 808 1065 839 est
1110 813 1202 852 pars
1255 799 1404 839 mundi
1457 799 1646 852 superior
1699 800 1814 853 quod

501 870 735 908 secundum
784 869 1180 909 Commentatorem
1230 883 1314 909 una
1366 869 1482 909 stella
1534 868 1672 908 addita
1725 869 1814 908 celo

499 938 564 977 vel
609 947 800 978 moveret
833 952 930 978 cum
963 938 1213 991 fatigacione
1245 947 1283 978 et
1315 952 1436 991 pena,
1468 938 1533 977 vel
1574 938 1815 991 simpliciter
1836 961 1873 982 [ο

500 1020 587 1047 11011
621 1016 830 1060 moveret;
863 1018 903 1048 et
935 1008 1071 1047 multo
1104 1007 1237 1061 magis
1260 1007 1303 1046 in
1324 1021 1453 1060 regno
1484 1008 1672 1047 celorum
1701 1009 1815 1061 quod

501 1086 560 1117 est
599 1078 769 1117 ecclesia
810 1078 1082 1117 contrariacio
1123 1078 1390 1131 superiorum
1424 1091 1500 1117 suo
1533 1077 1689 1117 motori
1722 1077 1817 1117 facit

500 1148 615 1200 quod
659 1156 746 1187 tota
779 1148 948 1187 ecclesia
981 1147 1245 1201 fatigabiliter
1268 1147 1319 1186 sit
1341 1147 1516 1186 turbata.
1542 1147 1653 1187 Tota
1675 1155 1816 1187 autem

501 1217 775 1256 contrariacio
825 1226 905 1256 stat
948 1217 990 1256 in
1035 1217 1116 1256 hoc
1149 1217 1265 1270 quod
1297 1217 1409 1256 bona
1441 1216 1689 1269 temporalia
1721 1217 1815 1269 plus

500 1286 621 1326 bonis
666 1286 878 1339 perpetuis
913 1295 1011 1326 sunt
1055 1295 1204 1328 amata.
1254 1287 1351 1325 Ideo
1384 1300 1433 1325 ve
1464 1286 1544 1325 illis
1588 1286 1661 1339 qui
1693 1286 1872 1329 stulte15

501 1355 658 1395 faciunt
705 1356 748 1395 111
803 1355 1028 1396 affeccione
1078 1366 1293 1409 pastorum
1349 1356 1597 1409 temporalia
1648 1355 1814 1408 spiritu-

500 1425 633 1465 alibus
665 1425 877 1478 anteponi.

239 1496 308 1525 Tne
328 1498 461 1534 seem-ny
559 1496 601 1535 Si
634 1505 776 1535 autem
809 1495 954 1548 prelati
987 1495 1069 1535 sint
1101 1495 1234 1549 magis
1266 1495 1390 1546 avari,
1414 1495 1587 1535 honoris
1610 1495 1817 1535 mundani

225 1534 290 1560 that
310 1541 415 1560 comes
437 1532 473 1560 of

218 1569 433 1595 endowments
454 1567 479 1594 is
501 1565 595 1617 plus
640 1565 794 1618 cupidi,
827 1566 921 1618 plus
966 1565 1151 1605 viventes
1197 1566 1431 1605 secundun]
1475 1564 1630 1605 fastum
1674 1565 1815 1616 seculi,

248 1611 263 1630 a
284 1603 359 1630 mise
380 1610 449 1630 one.
500 1648 573 1687 per
595 1634 700 1673 bella
734 1635 910 1675 excitata
938 1636 988 1674 de
1022 1635 1141 1675 bonis
1171 1648 1408 1688 pauperum
1436 1635 1485 1674 ad
1514 1634 1814 1674 vindicandum
1834 1657 1874 1678 20

500 1705 689 1757 proprias
736 1705 908 1744 iniurias
955 1705 1137 1758 amplius
1183 1705 1437 1745 secularibus
1481 1705 1731 1756 insistentes,
1777 1713 1816 1743 et

502 1773 637 1829 (quod
690 1775 1095 1827 periculosissimum
1148 1773 1224 1827 est)
1279 1776 1355 1815 sub
1408 1775 1535 1828 pallio
1588 1774 1816 1814 sanctitatis

502 1844 702 1897 quicquid
735 1845 1060 1897 perpetraverint
1098 1844 1195 1884 fuco
1228 1844 1487 1885 adulterandi
1527 1845 1703 1884 verbum
1742 1843 1818 1883 Dei

502 1913 727 1966 sophistice
780 1914 1063 1966 defendentes,
1117 1916 1338 1968 quomodo
1392 1928 1489 1954 cum
1532 1914 1613 1953 isto
1662 1914 1816 1953 circulo

504 1983 681 2036 quinarii
715 1984 838 2024 stabit
870 1981 1073 2037 regnum?
1097 1984 1193 2024 Scio
1218 1985 1333 2038 quod
1366 1985 1406 2023 in
1440 1984 1517 2023 ista
1549 1993 1639 2023 rota
1673 1997 1817 2023 currus
1836 1993 1874 2026 25

502 2052 657 2092 diaboli
691 2054 989 2093 seducerentur
1033 2053 1086 2107 (si
1119 2052 1204 2092 fieri
1239 2052 1394 2107 potest)
1442 2053 1574 2093 eciam
1607 2053 1738 2105 electi,
1779 2062 1817 2092 et

502 2136 587 2161 non
611 2123 666 2161 sic
690 2132 934 2175 preparatur
965 2124 1016 2163 ad
1048 2123 1114 2162 hic
1148 2124 1390 2176 augendum
1414 2123 1623 2175 populum
1654 2122 1815 2162 domini

501 2193 571 2231 sed
604 2193 830 2232 satellitum
862 2193 1118 2232 Antichristi.

560 2262 612 2301 Et
658 2272 866 2315 quantum
898 2264 950 2302 ad
983 2263 1210 2302 secundam
1242 2271 1405 2315 partem
1438 2261 1657 2314 assumpti,
1703 2270 1865 2314 patetN

502 2333 617 2385 quod
648 2331 871 2373 infideliter
914 2333 1156 2371 vendicatur
1190 2347 1213 2371 a
1247 2332 1402 2371 clericis
1436 2332 1477 2370 in
1511 2332 1662 2371 talibus
1695 2332 1813 2370 dota·
1833 2342 1874 2373 30

502 2401 693 2441 cionibus
738 2416 761 2441 a
805 2402 967 2441 mundo
1014 2402 1229 2451 securitas3
1295 2416 1393 2441 nam
1453 2410 1562 2441 carta
1614 2400 1815 2451 evangelii

501 2484 631 2523 quam
664 2470 856 2511 Christus
890 2471 1095 2511 concessit
1148 2485 1233 2511 non
1276 2480 1415 2523 potest
1447 2470 1631 2510 deficere.
1697 2470 1817 2510 Unde

501 2540 676 2579 Matthei
722 2541 812 2590 V10‚
861 2543 926 2593 25,
971 2541 1146 2594 precipit
1185 2542 1293 2580 clero
1333 2555 1410 2581 suo
1444 2554 1494 2580 ne
1525 2541 1578 2580 sit
1608 2540 1817 2580 sollicitus

554 2733 580 2762 3.
602 2736 629 2763 A
649 2734 680 2761 in
702 2742 817 2770 marg:
838 2733 928 2762 Nota.
1030 2733 1070 2761 18.
1092 2734 1120 2761 A
1140 2734 1170 2761 in
1191 2741 1306 2768 marga
1326 2733 1408 2761 Nota
1428 2733 1574 2770 quinque.
1660 2741 1697 2761 21.
1712 2741 1753 2761 22.
1775 2734 1812 2761 13:

503 2786 530 2809 et
552 2790 606 2816 pei·
626 2782 719 2817 quod.
853 2788 897 2816 27.
924 2781 960 2808 13:
985 2782 1041 2808 hoc
1062 2782 1253 2816 augendum3
1276 2783 1330 2816 Al:
1353 2781 1396 2808 sic
1417 2781 1580 2816 agendum.
1707 2788 1752 2817 29.
1774 2780 1813 2808 B:

504 2827 628 2855 terciam
651 2833 779 2863 partem.
