2051 3343
222 244 312 272 cap.
338 233 376 289 r]
730 248 787 278 DE
814 248 1047 279 ECCLESIA.
1766 244 1813 281 23

70 360 109 393 R
131 351 398 392 1312declarat
418 351 610 391 XXVIIIo
631 351 855 390 Moralium
879 365 965 404 cap.
983 351 1071 406 XI),
1096 353 1236 393 dicens
1264 355 1392 406 quod,
1417 357 1525 395 sicut
1541 365 1587 404 No
1605 364 1815 404 localchurqh

221 421 412 459 membra
445 422 642 471 corporis
674 433 757 459 non
785 427 883 460 sunt
914 423 1053 473 ipsum
1087 435 1260 474 corpus,
1299 423 1361 462 sic
1382 426 1524 475 parti·
1541 400 1814 462 ¹30¹r¹³521gffiii1r¹ss¹i2¹s

219 490 390 529 culares
434 490 609 529 ecclesie
655 503 737 528 non
780 497 880 529 sunt
920 491 996 530 illa
1029 499 1177 531 sancta
1211 493 1405 540 ecclesia,
1452 494 1528 534 sed

218 556 283 607 (ut
313 559 433 597 docet
464 559 683 610 apostolus
715 564 754 597 10
780 559 878 598 Cor.
902 558 1009 609 XII,
1043 559 1105 614 12)
1140 562 1331 600 membra
1364 562 1468 601 eius.

184 635 200 667 5
275 627 365 666 Istis
398 627 544 679 positis
590 627 683 667 dico
728 629 844 681 quod
887 642 962 668 nec
1010 629 1208 669 dominus
1240 631 1527 671 Ardmacanus

216 710 292 735 nec
315 696 462 749 aliquis
485 697 632 736 doctor
655 696 881 736 catholiCus
905 698 1025 738 debet
1048 712 1225 738 asserere
1247 700 1363 752 quod
1380 700 1528 753 aliquis

217 765 461 805 christianus
494 766 545 805 sit
566 774 689 818 caput
712 766 951 806 universalis
974 768 1045 807 sed
1066 768 1322 820 particularis
1347 770 1527 821 ecclesie,

216 849 313 874 cum
344 848 430 874 non
464 835 514 874 sit
547 835 678 874 color:
715 836 808 874 Hoc
842 845 967 888 caput
998 846 1058 876 est
1079 838 1188 876 illius
1212 838 1393 889 ecclesie,
1427 852 1523 891 ergo

216 904 295 943 hoc
328 913 389 944 est
422 913 546 957 caput
576 904 686 943 illius
720 904 907 955 ecclesie;
941 919 1015 945 nec
1048 914 1107 945 est
1130 907 1262 947 color:
1296 907 1337 947 Si
1358 908 1439 946 hoc
1463 917 1523 947 est

161 992 199 1013 10
214 982 340 1026 caput
370 973 495 1026 partis
526 973 636 1013 illius
675 973 858 1025 ecclesie,
909 988 1006 1027 ergo
1038 975 1118 1015 hoc
1151 985 1211 1015 est
1243 985 1367 1029 caput
1408 977 1518 1016 illius

214 1042 395 1084 ecclesie.
446 1043 511 1082 Sic
551 1043 664 1082 enim
709 1043 847 1082 omnis
891 1043 951 1082 vir
982 1043 1088 1083 foret
1130 1054 1254 1098 caput
1286 1046 1375 1097 Dei,
1421 1046 1527 1086 sicut

213 1112 351 1151 omnis
401 1112 582 1164 prelatus
639 1111 810 1151 inferior
866 1112 972 1152 foret
1035 1123 1160 1166 caput
1216 1128 1288 1154 sue
1346 1114 1525 1155 matricis

213 1181 393 1221 ecclesie.

169 1260 197 1292 S
270 1251 351 1290 Sed
373 1250 591 1303 apostolus
621 1251 866 1291 contradicit
888 1251 975 1291 istis
998 1252 1187 1304 arguciis,
1219 1259 1257 1291 10
1276 1253 1373 1293 Cor.
1392 1254 1461 1305 XI,
1487 1253 1524 1304 3,

160 1330 195 1361 15
213 1319 372 1360 dicens:
413 1318 513 1360 Volo
547 1327 687 1360 autem
720 1334 792 1361 vos
823 1322 935 1361 scire
966 1321 1079 1373 quod
1110 1324 1250 1362 omnis
1281 1324 1364 1362 viri
1395 1331 1526 1374 caput

212 1396 271 1429 est
307 1390 513 1438 Christus,
557 1398 686 1442 caput
727 1398 869 1431 autem
910 1393 1104 1432 mulieris
1136 1394 1216 1440 vir,
1261 1400 1390 1445 caput
1423 1407 1523 1433 vero

216 1459 372 1498 Christi
403 1459 535 1499 Deus.
590 1460 634 1498 In
679 1474 764 1513 quo
809 1461 920 1500 dicto
958 1470 1071 1513 patet
1115 1462 1220 1501 ordo
1260 1462 1445 1521 capitum
1485 1473 1523 1502 et

211 1528 394 1568 deteccio
426 1528 594 1568 illarum
626 1528 895 1571 fallaciarum.
942 1530 1053 1579 Quia
1085 1530 1201 1570 aliter
1233 1544 1338 1584 eque
1371 1531 1523 1572 diceret

210 1606 377 1637 econtra
409 1598 524 1650 quod
556 1607 681 1651 caput
705 1598 858 1638 Christi
891 1608 930 1638 et
952 1600 1027 1638 Dei
1060 1599 1165 1639 foret
1196 1609 1282 1639 tarn
1304 1600 1364 1639 vir
1396 1615 1523 1654 quam

154 1667 370 1708 20mulier.
424 1667 607 1707 Ecclesia
648 1668 789 1721 itaque
823 1668 1035 1721 catholica,
1082 1670 1315 1709 secundum
1354 1671 1523 1711 beatum

210 1737 460 1790 Gregorium
497 1750 621 1789 super
651 1737 722 1776 illo
746 1737 917 1777 Matthei
940 1739 1110 1790 XX1110,
1146 1738 1219 1790 34:
1259 1740 1370 1780 Ecce
1402 1742 1518 1781 mitto
1595 1752 1745 1790 Gregory.

208 1806 264 1845 ad
297 1819 369 1846 vos
400 1807 614 1858 sapientes
646 1813 686 1845 et
714 1807 892 1857 scribas,
916 1816 974 1846 est
1005 1807 1124 1847 vinea
1154 1809 1315 1848 domini
1338 1810 1521 1863 plantata
1589 1834 1682 1862 What
1701 1836 1750 1863 the

209 1890 231 1913 a
264 1875 468 1928 principio
502 1875 649 1914 mundi
682 1889 815 1929 usque
847 1877 897 1915 ad
930 1876 1059 1917 finem
1090 1877 1355 1929 fructificans,
1395 1889 1519 1932 quot·
1584 1869 1707 1897 Cliurch
1728 1871 1763 1898 ³⁵·

208 1953 314 1997 quot
358 1953 522 1984 sanctos
567 1944 699 1997 gignit
741 1954 804 1984 tot
842 1946 1034 1997 palmites
1074 1948 1279 2000 producit.
1333 1949 1386 1989 Et
1418 1949 1521 1989 sicut

152 2023 191 2055 25
208 2027 333 2053 nemo
380 2022 439 2053 est
482 2014 723 2054 naturaliter
762 2024 887 2067 caput
923 2016 1064 2055 matris
1102 2031 1174 2056 sue
1214 2018 1284 2057 sed
1316 2032 1409 2070 pars
1442 2019 1521 2058 nisi

208 2082 416 2122 Christus:
440 2083 496 2122 sic
520 2084 658 2122 nullus
683 2084 862 2123 aliorum
882 2094 1125 2125 sanctorum
1148 2095 1207 2126 est
1230 2096 1354 2140 caput
1376 2089 1518 2128 matris

210 2153 378 2192 ecclesie
402 2154 473 2192 sed
499 2154 750 2193 membrum.
786 2154 851 2193 Sic
871 2154 983 2193 enim
1005 2155 1103 2195 dicit
1126 2156 1270 2196 beatus
1295 2158 1519 2210 Gregorius
1534 2182 1600 2209 The
1626 2182 1727 2211 Saints
1757 2192 1808 2211 are

208 2221 297 2275 (ubi
330 2221 472 2276 supra)
513 2225 630 2276 quod
663 2224 804 2263 beatus
836 2225 926 2275 Job,
969 2224 1111 2264 beatus
1144 2225 1288 2264 Petrus
1328 2236 1366 2266 et
1398 2228 1517 2267 ceteri
1534 2219 1806 2289 0‘}¹¹l¹1{1}¹²{¹³flffregfi7

207 2304 406 2343 precones
439 2292 580 2331 matris
613 2292 782 2332 ecclesie
816 2303 912 2333 sunt
935 2308 980 2332 os
1005 2294 1106 2346 eius,
1140 2303 1179 2334 et
1202 2296 1390 2348 breviter,
1424 2298 1516 2350 qui·
1580 2292 1633 2315 Ποῖ
1653 2288 1759 2315 heads.

265 2411 284 2430 1.
299 2404 366 2431 Ain
382 2412 484 2438 marg:
500 2404 696 2432 Particularis
711 2405 839 2433 ecclesia
855 2414 916 2433 non
931 2412 975 2434 est
990 2407 1171 2434 universalis
1186 2408 1235 2435 illa
1250 2416 1360 2443 magna
1376 2409 1516 2437 ecclesia.

205 2450 226 2476 Β
248 2449 277 2476 in
299 2458 401 2484 marg:
423 2449 559 2477 Ecclesie
580 2451 780 2486 particulares
802 2460 893 2480 unam
915 2453 1099 2480 catholicam
1115 2454 1316 2482 constituunt.
1409 2465 1436 2489 4.
1452 2455 1473 2483 B
1488 2455 1518 2484 in

205 2504 306 2530 marg:
330 2504 337 2522 1
355 2495 426 2523 Cor.
439 2495 506 2523 XII.
613 2504 638 2531 7.
662 2497 688 2523 8.
710 2499 754 2524 A:
781 2497 844 2525 Nec
866 2500 891 2525 si
914 2499 971 2525 hoc
992 2504 1037 2526 est
1057 2504 1149 2533 caput
1169 2500 1249 2527 illius
1271 2502 1364 2536 partis
1379 2503 1518 2537 ecclesie,

205 2550 295 2577 ergo;
318 2542 356 2568 B:
376 2541 440 2569 Nec
458 2559 492 2562 —
513 2543 640 2571 ecclesie
661 2543 690 2571 in
712 2553 808 2579 marg.
894 2553 935 2579 η.
957 2546 979 2572 B
1000 2546 1030 2573 in
1051 2554 1152 2581 marg:
1175 2554 1183 2573 1
1208 2546 1279 2574 Cor.
1301 2547 1351 2575 XI.
1433 2557 1475 2584 ¹9·
1496 2549 1517 2576 Β

205 2589 235 2615 in
256 2597 357 2621 marg:
378 2588 521 2616 Econtra.
629 2598 668 2617 21.
688 2593 715 2618 A
729 2591 749 2617 P,
771 2592 801 2618 in
823 2600 924 2626 marg:
948 2591 1127 2627 Gregorius.
1155 2594 1183 2620 A
1203 2594 1233 2620 in
1254 2602 1358 2628 marg:
1380 2595 1519 2623 Ecclesia

204 2635 275 2670 quid
298 2639 351 2662 est.
374 2635 396 2662 B
412 2635 441 2662 in
458 2644 559 2671 marg:
580 2636 685 2664 Mattli.
702 2636 745 2664 23.
818 2646 862 2673 27.
882 2639 906 2665 A
930 2640 959 2665 iu
980 2647 1082 2672 marg:
1104 2639 1243 2667 Membra
1264 2646 1367 2669 sancte
1389 2642 1515 2669 ecclesie

204 2689 317 2715 sponse
339 2680 452 2709 Christi
474 2688 544 2710 sunt
563 2683 663 2711 solum
686 2684 792 2711 sancti.
814 2684 834 2711 Β
856 2685 885 2711 in
907 2693 1009 2719 marg:
1033 2685 1214 2720 Gregorius,
1317 2696 1364 2724 29.
1386 2688 1425 2715 13:
1448 2693 1519 2715 sunt

207 2734 274 2753 esse
295 2735 371 2754 eius.

269 2810 292 2829 1.
309 2799 410 2841 Greg.
426 2801 545 2833 Moral.
560 2801 682 2843 XVIII,
709 2813 781 2845 cap.
796 2804 937 2844 XXXV;
963 2804 1110 2845 XXVIII,
1129 2815 1202 2847 cap.
1218 2806 1256 2836 X.
1284 2806 1374 2848 Opp.
1393 2807 1415 2846 I,
1439 2817 1517 2849 904,

207 2854 281 2886 581.
380 2867 431 2889 21.
459 2858 561 2900 Greg.
588 2859 622 2890 in
649 2860 770 2902 Evang
809 2861 883 2892 Lib.
913 2861 933 2891 I.
963 2862 1113 2893 Homilia
1139 2863 1224 2903 XIX,
1252 2862 1342 2906 Opp.
1366 2864 1386 2894 I.
1421 2865 1514 2896 1510.
