2051 3273
195 257 294 286 CAP.
313 242 410 301 vni]
704 259 763 291 DE
788 257 1022 291 ECCLESIA.
1721 262 1733 286 1
1748 247 1797 301 59

57 381 90 413 A
112 378 188 411 150e
202 366 409 405 honorent
430 363 689 404 meretricem
720 377 861 402 secum
894 363 1124 402 adulteram
1156 372 1374 416 tamquam
1404 363 1509 416 regi-

202 449 300 475 nam
333 443 371 474 et
402 442 580 473 matrem
610 432 798 472 fidelium
821 446 1022 485 sponsam
1045 432 1211 472 Christi.
1236 433 1358 472 Unde
1389 432 1509 472 istam

202 503 457 546 sentenciam
485 504 535 543 de
558 502 760 556 quiditate
793 511 932 542 sancte
965 502 1108 542 matris
1142 502 1310 541 ecclesie
1343 510 1511 555 oportet

200 584 247 614 ut
277 574 602 613 fundamentum
633 585 883 624 supponere,
917 580 963 610 ut
994 571 1146 611 sciatur
1177 571 1250 625 qui
1288 581 1512 624 procurant

167 657 275 697 5pro
319 643 406 682 eius
448 642 553 681 veris
597 641 822 695 privilegiis
866 650 905 680 et
949 641 1020 693 qui
1053 642 1316 694 degenerant,
1350 641 1393 680 in
1426 656 1510 694 quo

107 724 186 758 150d
200 713 388 753 consistit
418 725 564 752 verum
601 710 866 764 privilegium
888 710 911 731 a
935 724 980 749 ac
1013 709 1226 750 edificacio
1265 710 1433 750 ecclesie
1473 719 1512 750 et

199 783 240 821 in
273 796 358 835 quo
392 790 472 821 stat
504 781 590 820 eius
614 780 862 833 oppositum
885 781 1116 819 secundum
1140 779 1268 819 fidem
1297 779 1510 832 scripture,

199 861 238 892 et
270 853 320 891 de
352 850 611 903 congruitate
644 859 774 889 status
807 849 1000 889 moderni
1032 849 1075 887 in
1107 849 1426 902 comparacione
1459 850 1510 888 ad

199 921 347 961 floren]
379 920 496 961 etatis
529 920 698 959 ecclesie
729 919 843 958 iuxta
864 920 1040 958 modum
1064 918 1265 972 loquendi
1296 919 1508 972 scripture.

150 1004 184 1037 Β
256 990 337 1030 Sed
367 990 410 1028 in
441 990 519 1029 ista
551 989 721 1029 materia
754 998 852 1028 sunt
883 988 1055 1042 quidam
1088 988 1278 1028 moderni
1318 989 1510 1028 doctores
1541 996 1637 1025 Some
1658 997 1783 1026 doctors

198 1059 477 1113 approbantes
526 1059 794 1098 mendacium
840 1068 878 1098 et
922 1058 1103 1098 dicentes
1154 1058 1272 1112 quod
1320 1058 1511 1098 veritates
1526 1033 1804 1100 saffitlzqqpenfsarfsgem

196 1129 296 1168 tales
329 1129 531 1182 scripture
563 1142 649 1168 non
683 1137 780 1168 sunt
812 1128 985 1168 dicende
1018 1137 1111 1168 tum
1142 1137 1313 1181 propter
1350 1137 1509 1180 pertur-
1526 1103 1801 1174 opmzogggg'such

196 1198 415 1238 bacionem
460 1198 642 1250 ecclesie,
695 1207 787 1238 tum
832 1198 963 1237 eciam
1007 1207 1179 1251 propter
1225 1197 1377 1237 scelera
1429 1211 1511 1250 que

194 1268 335 1308 hostes
382 1268 550 1308 ecclesie
582 1282 630 1308 ex
663 1282 810 1308 eorum
842 1267 1016 1307 audacia
1046 1276 1343 1320 perpetrarent.
1388 1268 1512 1308 Unde

143 1354 179 1387 15
195 1338 383 1390 arguitur
415 1348 454 1378 et
484 1347 649 1379 tenetur
681 1339 797 1391 quod
829 1339 1021 1377 doctores
1053 1337 1190 1377 vocati
1222 1351 1270 1377 ex
1308 1338 1509 1377 mandato

195 1408 356 1447 domini
387 1408 492 1461 regis
524 1417 564 1448 et
594 1408 714 1448 iurati
747 1408 798 1447 ad
831 1408 1056 1448 dicendum
1086 1407 1302 1447 veritatem
1335 1408 1384 1446 de
1413 1420 1509 1446 casu

195 1478 266 1530 qui
311 1492 444 1531 nuper
489 1478 664 1531 contigit
705 1477 747 1516 in
779 1477 1161 1517 Westmonasterio
1206 1477 1257 1515 ad
1299 1476 1507 1516 honorem

194 1547 283 1599 Dei⁷
316 1548 367 1586 ad
400 1547 622 1587 utilitatem
657 1547 827 1586 ecclesie
860 1556 899 1587 et
933 1548 983 1586 ad
1017 1546 1370 1599 expurgacionem
1395 1560 1503 1586 erro-

194 1631 287 1656 rum
318 1617 360 1656 in
393 1631 535 1671 regno,
581 1625 628 1656 ut
671 1616 817 1656 exinde
856 1625 934 1657 stet
973 1616 1237 1657 constancius
1269 1617 1311 1655 in
1342 1616 1508 1669 virtute,

138 1712 178 1733 20
194 1686 359 1726 mentiri
412 1688 640 1726 debuerant
693 1695 865 1739 propter
925 1687 1030 1726 duo:
1087 1686 1226 1739 primo
1272 1700 1349 1739 pro
1399 1686 1509 1726 fama
1522 1692 1571 1720 sor
1586 1693 1646 1741 ‚the
1675 1694 1745 1721 sake
1766 1693 1801 1721 of

195 1769 268 1795 sua
305 1757 505 1796 servanda
543 1756 613 1811 qui
646 1765 817 1796 actenus
849 1756 1027 1809 reputati
1062 1765 1159 1796 sunt
1201 1756 1342 1796 hostes
1376 1756 1504 1795 eccle-
1523 1735 1582 1755 one
1596 1736 1797 1799 stptxixgqbrepu-

195 1825 271 1877 sie3
295 1826 469 1879 quilibet
490 1835 630 1867 autem
647 1826 769 1866 debet
791 1825 1036 1878 diligencius
1052 1839 1209 1865 servare
1228 1824 1384 1864 famam
1406 1839 1505 1878 pro-

194 1895 329 1948 priam
361 1909 489 1948 quam
522 1895 678 1936 famam
722 1895 901 1935 alienam
933 1908 1010 1947 pro
1051 1909 1133 1948 qua
1173 1895 1216 1934 in
1255 1909 1352 1934 casu
1385 1908 1505 1934 men-

193 1964 259 2004 tiri
292 1974 351 2005 est
381 1965 556 2005 licitum.
589 1965 785 2006 Secundo
809 1965 1039 2004 debuerant
1070 1964 1237 2004 mentiri
1265 1965 1317 2003 ad
1341 1977 1572 2032 comer-tgre
1586 1971 1801 2041 Lqiaelaeiygzgigf

138 2049 178 2082 25
192 2035 380 2074 vandum
411 2034 625 2089 privilegia
657 2034 825 2075 ecclesie
854 2048 936 2087 que
969 2042 1104 2073 essent
1136 2034 1252 2074 aliter
1284 2035 1505 2086 destructa,
1556 2041 1605 2068 the
1627 2026 1760 2069 Chui'ch.

192 2104 361 2144 veritate
384 2105 544 2144 detecta
567 2104 749 2144 dominis
772 2103 1075 2157 temporalibus
1099 2112 1137 2143 et
1160 2103 1360 2157 patronis.
1395 2103 1507 2144 Cum

193 2182 333 2214 autem
356 2174 464 2214 dicta
486 2174 697 2227 privilegia
720 2174 801 2214 sint
823 2173 1103 2227 prestanciora
1118 2187 1248 2226 quam
1261 2173 1344 2213 vita
1367 2173 1505 2212 homi-

193 2243 256 2282 nis
288 2257 364 2297 pro
397 2257 480 2297 qua
501 2245 700 2283 servanda
721 2243 885 2283 licitum
913 2251 974 2283 est
996 2242 1178 2294 mentiri,
1212 2242 1349 2282 multo
1372 2242 1505 2295 magis

194 2313 427 2353 debuerunt
470 2313 634 2353 mentiri
678 2327 755 2366 pro
799 2313 879 2353 illis
924 2312 1149 2366 privilegiis
1195 2312 1503 2352 conservandis.

163 2395 181 2427 1
253 2384 474 2431 Quantum
516 2384 568 2423 ad
611 2382 865 2436 principium
910 2383 1019 2422 illius
1067 2382 1275 2422 sentencie
1306 2390 1420 2434 patet
1458 2396 1506 2421 ex

194 2440 370 2492 tractatu
414 2453 733 2510 DeMendacio
784 2453 901 2506 quod
953 2462 1012 2493 est
1064 2451 1233 2492 cuilibet
1278 2451 1389 2491 fideli
1434 2452 1505 2490 de-

192 2522 380 2562 testabile
412 2530 458 2562 ut
480 2521 712 2562 hereticum
733 2530 772 2562 et
796 2521 1103 2575 blasphemum.
1137 2522 1247 2560 Nam
1270 2521 1301 2559 si
1334 2520 1505 2573 aliquod

193 2591 459 2632 mendacium
483 2592 534 2632 sit
565 2591 825 2632 meritorium
858 2600 897 2632 et
927 2591 1102 2645 aliquod
1131 2590 1504 2644 superhabundans

244 2746 266 2768 1.
286 2740 327 2767 B:
348 2740 503 2768 honorent
523 2740 742 2768 meretricium.
866 2738 892 2766 5.
913 2739 953 2766 B:
976 2738 1060 2775 quod
1089 2738 1154 2766 eius
1180 2738 1272 2766 veris.
1414 2745 1455 2771 ¹4·
1476 2738 1505 2765 A

193 2785 223 2814 in
244 2794 360 2821 marg.:
382 2787 509 2822 Opinio.
650 2794 694 2814 22.
721 2786 743 2813 Β
775 2786 806 2814 in
836 2794 949 2821 marg:
981 2785 1077 2814 Fame
1106 2793 1198 2813 causa
1218 2785 1289 2812 licet
1308 2783 1442 2812 mentiri.
1464 2783 1504 2810 B:

193 2833 306 2868 quibus
327 2838 428 2861 autem
445 2834 544 2861 debet.
686 2840 735 2866 24.
757 2831 873 2860 Codd.:
897 2831 1079 2859 debuerunt.
1222 2831 1268 2859 30.
1289 2832 1317 2859 A
1338 2830 1368 2858 in
1389 2837 1502 2865 marga

191 2879 374 2914 Responsio.
406 2879 522 2908 Contra
545 2880 731 2908 sentenciam
753 2887 811 2915 que
832 2878 905 2906 dicit
925 2879 1040 2906 licitum
1063 2883 1108 2906 est
1128 2878 1257 2907 mentiri.
