2051 3343
210 239 262 290 98
934 246 1156 281 JOHANNIS
1182 248 1378 281 WYCLIF.
1629 234 1736 294 [CAP.
1764 247 1804 275 v.

498 362 655 393 metros
688 366 835 392 eorum
870 366 951 406 que
973 352 1085 405 paria
1118 360 1274 405 puncta
1291 352 1447 404 precise
1469 353 1730 404 continuant,
1753 354 1808 393 sic
1829 365 1905 408 141³
1923 367 1958 400 D

497 423 667 463 indubie
702 431 1079 476 quantumcunque
1112 435 1265 473 magna
1296 421 1417 460 fuerit
1448 421 1578 475 figura
1612 425 1811 476 quadrata

500 492 706 544 contingit
737 491 921 545 accipere
955 491 1234 545 dyametrum,
1268 504 1349 544 que
1381 491 1496 544 paria
1518 501 1674 545 puncta
1707 506 1807 532 con-

498 563 627 602 tineat
658 576 756 602 cum
787 575 865 600 suo
897 561 1035 612 latere,
1076 570 1123 601 ut
1162 560 1366 613 capiendo
1419 561 1685 615 dyametrum
1729 576 1810 616 que

499 633 549 671 de
582 630 765 684 qualibet
797 639 912 670 costa
944 629 1239 669 transversatili
1262 629 1418 682 precise
1441 630 1654 671 contineat
1675 645 1809 671 unum
1827 645 1843 677 5

497 709 717 754 punctum.
735 701 858 740 Tunc
873 699 1031 753 precise
1063 708 1168 753 quot
1200 708 1296 739 sunt
1317 708 1474 752 puncta
1505 700 1547 739 in
1569 709 1696 749 costa,
1719 714 1808 753 pre-

499 770 578 809 cise
609 779 672 810 tot
695 779 791 809 sunt
814 769 941 809 latera
963 768 1297 820 transversatilia‚
1323 777 1361 808 et
1386 769 1543 822 precise
1565 778 1629 809 tot
1657 779 1811 822 puncta

498 839 684 880 continet
716 840 810 879 data
843 841 1067 893 dyameter.
1113 840 1166 879 Et
1203 848 1343 878 tamen
1384 839 1588 892 contingit
1625 839 1809 892 accipere

497 909 621 949 aliam
673 909 924 949 diametrum
968 909 1010 948 in
1065 909 1183 949 cuius
1237 908 1600 962 composicionem
1645 909 1811 949 racione

497 979 802 1033 obliquacionis
834 979 954 1032 plura
985 979 1052 1018 vel
1083 978 1282 1032 pauciora
1319 987 1475 1032 puncta
1512 978 1808 1031 ingrediantur.
1829 1003 1867 1024 10

495 1049 582 1088 Nec
615 1048 766 1088 scietur
797 1048 973 1088 diffinite
1005 1048 1229 1102 proporcio
1263 1057 1334 1088 aut
1372 1048 1580 1102 quantitas
1621 1048 1811 1088 diametri

496 1127 687 1172 respectu
720 1119 869 1170 lateris,
903 1118 980 1158 nisi
1005 1118 1105 1158 scita
1126 1117 1358 1172 quantitate
1373 1118 1537 1158 numeri
1552 1128 1811 1171 punctorum

498 1203 546 1228 ex
590 1188 743 1242 quibus
776 1188 1061 1241 componitur,
1099 1188 1196 1228 Ideo
1229 1188 1494 1242 querendum
1539 1197 1599 1228 est
1645 1189 1696 1227 de
1728 1201 1812 1242 qua

497 1259 702 1298 diametro
735 1271 911 1311 arguens
943 1258 1043 1297 velit
1064 1257 1195 1311 loqui,
1230 1271 1327 1297 cum
1359 1257 1466 1297 inter
1487 1259 1633 1298 eadem
1656 1266 1812 1312 puncta

497 1327 703 1382 contingit
724 1327 910 1381 accipere
941 1327 1124 1368 infinitas
1147 1328 1289 1380 lineas,
1325 1342 1505 1382 quarum
1535 1328 1650 1368 nulla
1672 1328 1810 1367 divisi·
1832 1340 1868 1373 15

496 1398 631 1438 biliter
663 1397 822 1438 excedit
852 1412 876 1438 a
906 1398 1157 1438 rectitudine
1188 1398 1353 1438 racione
1392 1397 1638 1438 variacionis
1677 1411 1811 1451 punc-

496 1477 637 1508 torum
695 1470 961 1522 dyametrum
1007 1467 1278 1521 quantitative
1330 1467 1700 1521 componencium.
1760 1468 1813 1506 Et

496 1537 553 1577 sic
626 1538 909 1578 communiter
971 1546 1031 1578 est
1092 1538 1308 1592 dyameter
1375 1551 1499 1591 super
1560 1551 1642 1591 qua
1704 1536 1812 1577 cadit

495 1607 747 1661 imaginacio
788 1607 922 1647 maior
975 1616 1102 1661 costa,
1154 1616 1201 1648 ut
1253 1607 1537 1647 communiter
1578 1607 1728 1647 dicitur
1769 1606 1811 1645 in

495 1677 717 1717 medietate
753 1677 1046 1730 proporcionis
1082 1678 1223 1731 duple,
1257 1678 1328 1717 sed
1361 1677 1565 1717 certitudo
1599 1676 1737 1716 deficit
1768 1676 1811 1715 in
1830 1699 1870 1720 20

495 1746 567 1786 tali
598 1746 917 1800 imaginacione,
943 1761 1040 1787 curn
1065 1761 1178 1787 error
1200 1761 1345 1787 sensus
1369 1747 1412 1786 in
1445 1747 1649 1800 capiendo
1681 1746 1810 1786 lineas

495 1816 713 1869 corrigitur
735 1816 761 1844 ἦέ
783 1831 831 1856 ex
855 1817 1084 1857 subtilitate
1106 1817 1341 1857 intellectus
1379 1815 1444 1872 (ut
1466 1817 1564 1857 alias
1600 1815 1808 1870 exposui).
1829 1830 1908 1868 142²

202 1888 272 1916 Men
292 1887 384 1925 judge
405 1891 478 1918 each
554 1885 636 1925 Sed
659 1886 875 1926 redeundo
909 1888 960 1926 ad
992 1887 1208 1927 materiam
1233 1888 1284 1926 de
1307 1886 1478 1926 ecclesia
1501 1886 1651 1926 dicitur
1672 1885 1840 1939 primo1
1870 1896 1903 1930 F

214 1932 232 1950 Ο

221 1925 478 2023 ῡῑὲοῗυζέῑῗῖἷέῑῖῖἀ
494 1955 610 2008 quod
643 1955 749 1995 sicut
780 1969 925 1995 sensus
959 1965 1064 1996 errat
1096 1956 1201 1996 circa
1240 1956 1577 2010 magnitudinem
1617 1965 1656 1995 et
1688 1955 1808 1995 recti-

203 1994 380 2057 ffrinliitirriaiii
400 1994 476 2058 213er
495 2024 687 2064 tudinem
718 2025 839 2079 linee,
874 2026 971 2080 quia
1004 2026 1168 2080 ignorat
1201 2040 1426 2066 numerum
1464 2034 1724 2079 punctorum
1763 2039 1811 2064 ex
1832 2037 1872 2070 25

493 2093 645 2146 quibus
679 2095 965 2148 componitur,
1000 2096 1056 2134 sic
1087 2095 1247 2135 viantes
1280 2104 1417 2135 errant
1455 2095 1561 2135 circa
1598 2094 1810 2148 magnitu-

493 2162 637 2203 dinem
685 2164 898 2217 dignitatis
950 2166 1016 2205 vel
1059 2166 1196 2206 meriti
1239 2165 1410 2218 viantis,
1469 2165 1569 2219 quia
1619 2165 1813 2219 ignorant

492 2245 721 2273 numerum
756 2244 795 2274 et
826 2249 1071 2275 mensuram
1104 2235 1145 2274 in
1179 2235 1332 2289 quibus
1365 2235 1540 2274 verbum
1580 2234 1813 2274 eternaliter

493 2301 706 2355 disposuit
737 2318 895 2357 ponere
918 2319 1119 2358 sponsam
1141 2318 1274 2345 suam.
1309 2304 1431 2344 Multi
1457 2304 1570 2344 enim
1592 2304 1812 2358 obliquant

492 2385 515 2410 a
546 2373 793 2412 rectitudine
825 2373 999 2426 iusticie,
1025 2384 1064 2415 et
1096 2388 1240 2414 sensus
1272 2373 1387 2413 infixi
1410 2374 1452 2413 in
1474 2374 1636 2425 legibus
1658 2373 1808 2413 huma·
1828 2386 1869 2419 30

224 2467 399 2507 Thestudy
418 2471 453 2498 of
492 2440 554 2479 nis
595 2441 675 2481 hoc
720 2456 807 2482 non
852 2444 1102 2497 percipiunt,
1149 2445 1219 2484 sed
1263 2444 1498 2483 intellectus
1543 2443 1810 2484 considerans

200 2503 475 2568 scssgffis‘ssffgss’nffld
491 2510 708 2551 veritatem
742 2526 787 2551 ac
821 2512 1074 2565 sapienciam
1106 2514 1309 2567 scripture
1331 2513 1601 2566 probabiliter
1635 2512 1811 2566 percipit

286 2574 387 2602 wiser.
491 2580 607 2632 quod
647 2581 859 2621 declinant
901 2596 924 2621 a
967 2583 1176 2623 mandatis
1222 2583 1398 2636 domini,
1443 2583 1541 2637 quia
1584 2584 1725 2623 solum
1766 2583 1808 2622 in

491 2650 663 2701 speculo
708 2651 909 2704 scripture
956 2665 1068 2692 sacre
1111 2652 1296 2704 discitur,
1340 2662 1505 2694 tenetur
1555 2662 1594 2693 et
1637 2654 1810 2693 docetur

490 2718 700 2770 sapiencia
733 2721 1046 2762 mandatorum.
1825 2734 1864 2766 35

538 2837 552 2856 2
574 2830 613 2857 B:
635 2831 723 2866 signa
744 2833 902 2867 quadrata.
1024 2842 1064 2869 ¹7·
1086 2836 1129 2861 A:
1153 2835 1365 2870 quantitatem.
1440 2833 1481 2861 23.
1499 2836 1524 2862 A
1546 2835 1576 2862 in
1592 2843 1706 2870 marga
1729 2834 1809 2862 Nota

486 2875 541 2902 tria
563 2876 651 2903 dicta.
