2051 3273
200 223 292 252 CAP.
311 214 393 273 xx]
710 228 770 261 DE
797 227 1035 260 ECCLESIA.

45 341 270 386 H194⁶¹sue
314 332 506 385 potencie
550 332 830 385 promerendi.
892 333 945 372 Et
992 331 1153 371 utinam
1204 345 1290 371 non
1339 339 1509 384 propter

195 401 338 441 ocium
381 401 464 441 sive
509 401 760 441 demeritum
801 401 921 441 vinea
964 401 1042 441 ista
1081 410 1261 441 transeat
1292 400 1333 440 in
1367 409 1508 440 ortum

195 471 372 511 olerum.
417 471 538 511 Unde
579 471 674 524 quia
719 484 815 525 ager
855 471 931 510 iste
974 471 1016 510 in
1061 471 1227 511 racione
1271 471 1435 511 colendi
1469 480 1508 510 et

193 540 438 593 possidendi
471 539 642 593 requirit
680 540 865 580 laborem
906 540 1132 580 sollicitum
1172 548 1212 579 et
1250 540 1506 589 ordinatum,

153 609 287 653 6ideo
335 618 449 649 sexto
495 609 686 649 subditur
729 610 778 648 de
823 610 996 649 muliere
1035 609 1130 649 forti
1163 610 1346 663 predicta
1390 611 1507 663 quod

192 679 651 733 accinxitfortitudine
674 679 838 719 lumbos
860 692 961 719 suos
984 686 1024 719 et
1045 680 1262 719 roboravit
1284 679 1506 719 brachium

191 762 331 789 suum.
385 750 492 788 Nam
536 748 684 788 ancilla
726 757 923 801 apparate
969 749 1148 789 serviens
1193 758 1310 789 tanto
1351 762 1507 802 sponso

193 819 351 857 nedum
384 818 547 870 stringit
580 818 763 857 carnales
786 817 1153 870 concupiscencias
1187 832 1293 857 zona
1325 818 1507 871 precepti

193 889 407 940 dominici,
441 890 513 928 sed
545 897 693 928 cuncta
728 902 854 941 opera
887 902 963 928 sua
995 888 1091 928 facit
1113 889 1164 927 ad
1186 888 1375 941 regulam
1404 888 1510 928 inter

139 978 177 1000 10
194 958 531 998 habundanciam
555 968 594 998 et
617 958 841 1009 defectum,
876 972 926 997 ne
949 958 1216 1011 spiritualiter
1253 958 1510 998 adulteretur

193 1042 290 1068 cum
321 1028 410 1067 viro
448 1027 544 1079 alio,
592 1028 648 1067 sic
681 1029 796 1081 quod
829 1028 879 1067 ad
914 1042 1042 1068 omne
1074 1042 1184 1081 opus
1216 1028 1429 1081 agendum
1467 1028 1509 1066 in

99 1106 177 1150 ¹95⁸
191 1111 290 1150 agro
323 1097 538 1137 dominico
560 1097 586 1125 ἧς
608 1097 658 1137 sit
679 1106 843 1150 parata3
886 1107 925 1137 et
955 1098 1007 1137 ad
1039 1098 1116 1138 ista
1147 1097 1370 1152 requiritur
1393 1097 1508 1137 forti-

190 1168 294 1207 tudo
346 1167 563 1207 resistendi
617 1176 656 1207 et
707 1167 945 1220 prevalendi
1006 1167 1165 1207 cunctis
1223 1167 1507 1221 spiritualibus

190 1236 380 1276 inimicis,
425 1238 477 1276 Et
521 1236 685 1276 videtur
727 1251 849 1290 posse
900 1237 1074 1290 intelligi
1126 1237 1167 1276 in
1219 1237 1509 1290 predicacione

139 1317 174 1350 15
192 1307 425 1347 secundum
457 1320 627 1346 causam
658 1320 731 1360 per
762 1320 911 1359 agrum
938 1306 1172 1359 predictum
1207 1305 1349 1359 ipsum
1383 1315 1509 1359 caput

192 1375 375 1428 ecclesie,
415 1376 532 1415 cuius
566 1376 890 1429 participacione
924 1389 1071 1416 omnes
1103 1375 1373 1429 predestinati
1412 1385 1509 1416 sunt

190 1458 368 1498 regnum
412 1446 620 1497 celorum;
665 1446 737 1499 qui
782 1446 878 1485 licet
922 1445 1004 1485 sint
1035 1446 1269 1485 secundum
1314 1454 1509 1486 naturam

190 1515 416 1567 sensibiles,
449 1515 559 1555 racio
592 1524 732 1555 tamen
767 1529 849 1569 qua
882 1524 979 1555 sunt
1010 1515 1180 1555 ecclesia
1213 1523 1252 1554 et
1283 1515 1326 1554 in
1357 1524 1506 1568 poten-

190 1584 251 1624 cia
302 1584 593 1625 beatificabiles
647 1594 708 1625 est
770 1585 1033 1625 insensibilis.
1094 1585 1158 1624 Ad
1217 1585 1509 1625 reducendum

133 1676 174 1698 20
189 1654 429 1706 potenciam
467 1656 589 1695 istam
627 1657 677 1694 ad
719 1665 861 1695 actum
892 1655 1115 1709 requiritur
1152 1655 1271 1694 labor
1303 1654 1506 1707 assiduus,

189 1732 228 1763 et
274 1723 376 1763 illud
410 1724 655 1764 exercicium
701 1724 894 1764 fortificat
933 1724 1171 1777 potenciam
1205 1724 1427 1777 operandi,
1469 1734 1508 1764 et

188 1792 282 1833 ideo
315 1793 526 1847 signanter
558 1794 709 1833 dicitur
740 1795 856 1847 quod
888 1794 1100 1834 roboravit
1122 1794 1342 1833 brachium
1365 1808 1505 1845 suum,

189 1876 263 1902 nec
296 1872 358 1903 est
388 1863 466 1903 ista
498 1863 741 1903 exercitacio
774 1863 955 1903 nimium
988 1864 1161 1904 tediosa.

107 1945 126 1978 1
152 1946 174 1980 '7
245 1933 343 1972 Ideo
376 1933 556 1986 septimo
590 1933 799 1973 subditur:
840 1933 1033 1973 Gustavit
1054 1940 1094 1973 et
1127 1933 1232 1974 vidit
1260 1933 1362 1987 quia
1396 1933 1505 1973 bona

132 2015 172 2047 25
189 2009 250 2042 est
282 2003 527 2056 negocz'acz‘o
551 2003 664 2054 eius,·
686 2016 770 2042 non
794 2004 1076 2057 extinguetur
1107 2003 1148 2042 in
1183 2009 1302 2042 nocte
1326 2004 1503 2043 lucerna

189 2073 291 2112 eius.
345 2072 523 2125 Quibus,
569 2072 707 2126 inquit
750 2072 1026 2126 Augustinus,
1070 2080 1133 2113 est
1172 2073 1373 2126 palatum
1426 2086 1507 2126 quo

187 2148 391 2194 gustatur
434 2142 490 2182 sic
534 2142 848 2182 indulcoratum
901 2142 1176 2194 terrestribus,
1229 2151 1275 2182 ut
1318 2142 1508 2182 videatur

188 2211 375 2251 laborem
419 2225 494 2264 pro
539 2212 796 2252 beatitudine
841 2226 929 2251 esse
976 2226 1171 2252 amarum
1209 2211 1279 2264 eis,
1319 2225 1405 2251 non
1446 2221 1508 2252 est

189 2281 324 2320 celum
375 2295 530 2321 carum.
582 2280 799 2321 Rectificat
836 2291 978 2321 autem
1016 2290 1189 2334 gustum
1228 2281 1366 2320 anime
1405 2295 1505 2320 con-

133 2362 173 2393 30
190 2350 365 2389 sciencia
397 2351 521 2402 bona,
554 2364 635 2403 que
664 2351 695 2389 si
729 2350 930 2404 pungitur
952 2360 1123 2403 peccato
1147 2364 1286 2390 amara
1314 2350 1509 2390 videntur

189 2419 333 2459 omnia
377 2419 530 2473 quibus
574 2420 714 2459 anima
757 2420 993 2460 nutriretur.
1055 2421 1149 2469 Que
1194 2433 1293 2472 ergo
1332 2419 1508 2459 dulciter

239 2585 265 2605 2.
286 2578 326 2606 B:
347 2578 438 2606 vinea
459 2583 514 2605 est.
660 2586 700 2606 10.
721 2578 760 2605 B:
794 2586 889 2614 super
916 2578 1181 2606 habundanciam.
1219 2577 1257 2606 Et
1285 2578 1453 2614 sequencia
1476 2579 1505 2606 in

189 2632 334 2652 sermone
364 2624 509 2652 XXXVII
542 2625 710 2660 Augustini
740 2625 777 2652 de
808 2625 953 2653 Proverb.
981 2632 1048 2660 cap.
1085 2624 1185 2652 XXXI
1224 2625 1351 2652 mutatis
1387 2625 1508 2660 aliquot

190 2671 290 2698 verbis
310 2671 458 2698 invenies.
603 2670 641 2698 15.
663 2670 780 2699 Codd.:
804 2679 857 2706 per
877 2671 1006 2699 dictum.
1168 2679 1210 2706 ¹9·
1232 2670 1272 2698 B:
1293 2670 1505 2699 verificabileS.

186 2717 235 2745 30.
255 2717 284 2744 A
303 2718 361 2752 A1:
384 2717 502 2752 pungit.

248 2837 276 2870 5.
304 2836 355 2867 Cf.
385 2837 473 2878 Aug.
500 2836 520 2866 l.
548 2845 577 2866 c.
603 2846 683 2878 pag.
724 2835 796 2867 185.

1347 2894 1385 2926 31

1581 684 1676 711 Verse
1698 692 1737 719 17.

1551 719 1619 746 The
1640 718 1762 757 Cllurch

1589 762 1727 789 requires

1564 790 1700 823 strength
1720 793 1752 815 10

1546 823 1680 851 contend
1701 823 1773 850 with

1587 857 1726 896 spiritual

1585 900 1734 920 enemles.

1580 1945 1676 1973 Verse
1698 1945 1740 1973 18.

1550 1979 1620 2007 The
1641 1986 1717 2008 taste
1740 1981 1766 2008 is

1544 2015 1674 2051 purified
1696 2016 1736 2052 by
1755 2024 1769 2043 a

1570 2050 1653 2085 good
1675 2058 1748 2077 con-

1587 2085 1723 2112 science.
