2051 3273
216 221 302 249 CAP.
325 209 423 268 xvi]
740 223 798 254 DE
825 221 1057 254 ECCLEsrA.
1736 209 1785 262 37
1793 209 1812 247 5

76 343 111 375 N
137 328 485 373 181³nutrimento
520 339 558 367 et
593 336 837 380 tegumento
871 325 947 364 ista
980 325 1196 365 conclusio
1242 325 1292 364 sit
1325 325 1531 377 paulative

227 406 266 438 et
297 397 470 450 provide
502 396 737 450 practizata.

284 467 408 506 Sexto
442 466 638 518 arguitur,
673 466 879 505 sumendo
914 465 1030 518 quod
1061 464 1266 517 principes
1299 472 1337 503 ct
1369 465 1531 503 domini
1558 506 1563 509 ,
1595 470 1775 506 Obiection:

225 537 477 589 temporales
532 535 641 574 licite
685 544 724 575 et
765 535 922 587 absque
965 544 1137 587 peccato
1176 534 1363 573 vendunt
1406 543 1531 573 terras
1547 505 1825 568 O'exgitlleysiritlsiiiclsim

193 615 264 650 §et
310 614 545 644 tenementa
592 617 666 643 sua
697 603 793 643 viris
840 603 1121 643 ecclesiasticis
1166 612 1205 643 et
1248 603 1331 643 suis
1370 617 1530 643 succes-
1547 576 1821 646 ῑὶιῖἶνσᾝῒειὲᾚγὲ

226 675 387 714 soribus
434 674 474 712 in
507 683 772 727 perpetuum,
819 687 915 726 ergo
949 687 970 711 a
1004 673 1171 712 forciori
1204 672 1439 712 conferrent
1478 673 1533 712 eis

226 744 474 797 temporalia
517 744 557 781 in
599 752 869 796 perpetuum3
926 751 964 782 et
1008 752 1272 795 assumptum
1317 743 1532 795 probatur,

227 813 428 866 ponendo
452 814 568 865 quod
590 812 738 866 aliquis
763 811 962 851 dominus
995 811 1187 851 secularis
1210 811 1260 851 sit
1282 811 1534 851 constitutus

226 883 268 922 in
302 892 482 922 extrema
516 882 771 933 necessitate,
804 882 910 921 sicut
942 890 1039 920 sunt
1070 881 1222 921 milites
1255 881 1385 921 nostri
1426 882 1533 934 capti

174 977 212 998 10
228 952 277 991 ab
299 951 493 991 hostibus
516 952 555 990 in
580 951 764 1004 partibus
793 951 1093 1003 transmarinis,
1116 965 1190 990 nec
1221 951 1370 991 habeat
1402 951 1534 990 dictus
1604 956 1763 992 Example.

228 1021 427 1061 dominus
475 1021 587 1061 unde
634 1035 674 1060 se
720 1021 858 1074 ipsum
901 1021 1076 1061 redimat
1113 1020 1189 1060 nisi
1233 1021 1454 1060 alienando
1494 1021 1534 1060 in

226 1100 474 1144 perpetuum
522 1104 645 1130 suum
690 1091 939 1142 manerium,
984 1100 1022 1130 et
1068 1105 1166 1131 cum
1210 1091 1292 1131 hoc
1335 1105 1534 1144 suppono

228 1162 343 1215 quod
390 1161 529 1200 nullus
573 1160 623 1200 sit
667 1161 738 1213 qui
771 1161 868 1200 velit
912 1175 1048 1201 emere
1092 1160 1252 1201 dictum
1298 1161 1534 1201 manerium

227 1231 303 1269 nisi
327 1230 552 1283 collegium
576 1239 769 1270 nostrum
791 1230 855 1269 vel
877 1230 989 1269 aliud
1013 1230 1048 1269 ei
1082 1230 1228 1282 simile,
1261 1240 1360 1270 tunc
1389 1231 1534 1270 datum

175 1313 211 1345 15
228 1299 455 1352 collegium
486 1308 650 1339 tenetur
681 1301 857 1339 relevare
891 1300 1050 1340 dictum
1082 1300 1255 1340 militem
1289 1300 1330 1339 in
1354 1310 1534 1340 extrema

227 1370 467 1409 necessitate
500 1370 698 1422 positum,
735 1379 773 1409 et
804 1370 885 1409 hoc
918 1370 994 1409 sub
1018 1384 1125 1423 pena
1147 1370 1302 1422 peccati
1326 1370 1533 1422 mortalis;

228 1440 297 1478 sed
346 1452 433 1477 non
492 1448 632 1492 potest
678 1439 813 1492 ipsum
865 1440 1043 1479 relevare
1096 1439 1172 1478 nisi
1220 1450 1329 1479 emat
1375 1441 1425 1479 ab
1482 1454 1531 1479 eo

230 1509 476 1560 manerium,
534 1523 632 1561 ergo
680 1518 843 1549 tenetur
885 1510 927 1547 in
974 1523 1069 1549 casu
1113 1510 1189 1548 sub
1233 1523 1339 1562 pena
1377 1510 1532 1563 peccati

228 1578 414 1617 mortalis
459 1592 594 1618 emere
635 1593 657 1618 a
701 1578 813 1618 dicto
860 1579 988 1618 milite
1032 1593 1109 1632 pro
1157 1588 1362 1632 perpetuo
1407 1594 1532 1620 suum

171 1671 213 1693 20
229 1648 474 1690 manerium.

286 1719 363 1757 Iste
408 1732 525 1757 casus
570 1718 677 1758 foret
723 1718 849 1757 michi
894 1718 1017 1757 nimis
1051 1718 1242 1770 difficilis,
1289 1733 1363 1759 nec
1408 1720 1530 1759 video
1609 1734 1756 1760 Answer:

227 1788 413 1827 colorem
447 1789 670 1840 quomodo
705 1787 811 1827 foret
848 1787 1056 1840 possibilis
1101 1788 1178 1826 nisi
1223 1787 1328 1828 forte
1372 1768 1729 1838 dictumisiotsiifclctiiiee
1744 1777 1819 1830 {gi-

210 1857 455 1909 'collegium
487 1856 607 1896 fuerit
639 1871 712 1909 per
749 1857 973 1896 dominum
1016 1857 1142 1897 huius
1186 1858 1312 1898 seculi
1357 1838 1818 1910 vinculisgiiiiffiffnooii'igtbfffl

226 1927 521 1966 insolubilibus
553 1941 798 1966 mammone
845 1927 1075 1980 iniquitatis
1120 1928 1225 1967 adeo
1265 1928 1532 1968 cathenatum

170 2009 209 2042 25
229 1997 344 2050 quod
367 2011 414 2036 ex
445 1996 716 2036 induracione
749 1996 978 2036 necessario
1002 1997 1257 2050 dampnabili
1289 2011 1378 2036 non
1399 1998 1532 2050 possit

227 2066 386 2106 dictum
434 2066 610 2105 militem
653 2066 972 2106 misericorditer
1015 2067 1206 2118 relevare,
1250 2068 1320 2105 sed
1366 2080 1531 2107 necesse

224 2136 374 2176 habeat
395 2149 492 2174 eum
513 2136 562 2174 de
578 2135 804 2176 hereditate
822 2144 993 2189 paterna
1007 2136 1327 2189 dampnabiliter
1341 2136 1529 2189 spoliare.

227 2206 307 2245 Sed
345 2219 420 2244 nec
466 2218 609 2244 casum
641 2205 762 2244 illum
792 2205 966 2245 libenter
998 2206 1260 2245 admitterem
1303 2219 1377 2245 nec
1419 2206 1531 2246 aliud

226 2275 459 2314 relevamen
492 2273 634 2314 militis
658 2275 836 2314 omnino
861 2276 1141 2327 excluderem;
1164 2275 1243 2314 tale
1267 2275 1379 2314 enim
1403 2275 1528 2314 colle-

169 2345 343 2397 30gium
387 2345 418 2384 si
463 2345 570 2385 foret
614 2354 718 2385 esset
764 2359 927 2385 summe
977 2345 1260 2399 dyabolicum,
1318 2344 1415 2397 quia
1465 2343 1529 2399 (ut

225 2413 428 2469 innuitur)
453 2430 540 2454 non
573 2424 714 2468 posset
745 2428 817 2467 per
839 2415 1114 2454 elemosinam
1142 2415 1212 2453 sed
1242 2426 1328 2452 non
1351 2413 1427 2452 nisi
1458 2427 1530 2465 per

135 2492 210 2526 18112
226 2484 485 2537 sacrilegium
505 2482 530 2511 Ψ
553 2484 712 2523 dictum
744 2484 921 2524 militem
951 2484 1144 2535 relevare,
1178 2492 1215 2522 et
1246 2497 1385 2522 revera
1416 2484 1527 2522 Deus

223 2565 311 2591 non
356 2562 496 2606 posset
541 2553 694 2592 salvare
737 2553 816 2592 tale
859 2553 1085 2605 collegium
1125 2553 1174 2591 de
1218 2565 1291 2591 sua
1333 2553 1527 2604 potencia

223 2622 426 2662 absoluta.

274 2791 298 2820 3.
321 2792 346 2818 A
368 2792 397 2819 in
419 2800 533 2826 marg:
555 2791 645 2820 Sexta
666 2790 757 2819 racio.
871 2791 895 2818 5.
918 2791 956 2818 B:
978 2795 1005 2818 et
1024 2799 1079 2826 per
1098 2796 1283 2819 tenementa.
1399 2799 1427 2826 9.
1449 2792 1476 2818 A
1496 2791 1525 2818 in

224 2846 339 2873 marg:
361 2837 470 2866 Casus.
616 2846 652 2865 21.
676 2838 704 2865 A
724 2838 754 2866 in
775 2845 889 2872 marg:
910 2837 1093 2872 Responsio.
