2051 3273
244 215 325 254 244
966 212 1190 245 JOHANNIS
1217 213 1411 246 WYCLIF.
1664 199 1769 257 [CAP.
1791 209 1841 237 xi.

523 323 654 369 pater
706 320 783 356 ait:
838 316 885 356 Si
935 318 1031 369 quis
1076 324 1328 369 peccantem
1381 316 1639 370 defenderit,
1695 318 1995 359 acrius163stM

530 398 658 439 quam
706 387 778 426 ille
822 387 896 439 qui
932 388 1131 439 peccavit
1174 388 1470 427 coherceatur.
1533 387 1654 427 Hinc
1706 389 1843 428 eciam

531 457 644 496 alius
678 463 811 508 pater
842 457 921 496 ait:
964 456 1010 495 Si
1039 458 1136 510 quis
1167 456 1348 497 alterius
1380 458 1524 497 errori
1554 459 1836 507 consenserit,

528 527 637 566 sciat
666 539 711 566 se
743 539 839 565 cum
870 527 945 566 illo
965 526 1100 566 simili
1123 527 1250 566 modo
1273 526 1527 579 culpabilem
1551 526 1843 567 iudicandum.

530 595 692 635 Sufficit
725 609 822 648 ergo
856 596 1077 649 prepositis
1109 604 1328 649 peccatum
1370 596 1593 650 proprium
1637 596 1713 636 etsi
1758 604 1885 637 nonb

531 665 749 704 cumulent
779 665 978 706 alienum.
1012 665 1186 719 Insuper
1207 666 1320 706 aliud
1351 666 1506 706 mirum
1535 675 1596 706 est
1624 667 1844 720 quomodo

531 743 715 774 extortus
768 744 828 775 est
880 749 1024 775 sensus
1076 736 1326 789 nephandus
1378 750 1425 775 ex
1469 736 1581 776 dicto
1626 735 1845 789 privilegio

529 805 644 858 quod
677 804 771 844 licet
794 805 1117 846 sceleratissimis
1147 806 1297 845 cubare
1320 805 1476 846 ibidem
1497 805 1539 845 in
1568 820 1646 846 suo
1674 805 1846 846 crimine

531 874 617 913 sine
662 875 931 928 correpcione
975 876 1116 929 penali
1154 889 1230 929 pro
1274 885 1363 916 tota
1395 890 1473 917 suo
1512 876 1701 929 periodo,
1747 889 1843 916 cum

531 957 606 983 nec
654 945 779 985 verba
823 945 1027 999 privilegii
1070 946 1174 985 illud
1207 946 1444 988 annuerint.
1477 948 1587 986 Nam
1624 945 1903 999 potissimexo

532 1023 848 1068 extorqueretur
891 1017 941 1055 de
988 1016 1068 1056 isto
1111 1016 1238 1056 verbo
1292 1017 1407 1070 quod
1464 1016 1644 1056 habeant
1685 1016 1843 1055 ibidem

533 1084 829 1124 omnimodam
874 1085 1120 1126 libertatem.
1183 1086 1265 1126 Sed
1308 1100 1448 1126 revera
1494 1100 1543 1125 ex
1584 1086 1672 1126 istis
1709 1085 1843 1125 verbis

532 1163 720 1208 patenter
751 1155 925 1195 infertur
957 1156 1219 1209 oppositum,
1252 1170 1350 1196 cum
1382 1156 1547 1196 libertas
1579 1156 1631 1195 ad
1663 1169 1844 1208 pausan-

533 1226 636 1264 dum
680 1225 721 1264 in
766 1225 945 1278 peccatis
990 1239 1077 1264 non
1121 1225 1226 1265 foret
1270 1226 1448 1278 libertas,
1494 1239 1544 1266 eo
1589 1226 1706 1279 quod
1744 1234 1845 1265 tunc

532 1295 701 1348 spiritus
734 1295 954 1335 infernales
988 1295 1122 1335 forent
1154 1296 1364 1336 liberrimi.
1864 1300 1901 1331 15

256 1368 324 1397 The
345 1369 453 1404 period
475 1368 509 1396 of
593 1365 645 1404 Et
674 1365 705 1404 si
736 1374 931 1418 queratur
960 1375 1164 1419 quantam
1185 1366 1415 1407 libertatem
1439 1366 1653 1407 habebunt
1674 1366 1843 1417 ibidem,
1859 1370 1884 1402 3
1909 1369 1946 1402 Ν

301 1404 467 1440 immunity

260 1439 501 1501 Ηῃεῖὶῑῑῑῖιὲῐάεὺςείη
534 1435 683 1475 dicitur
722 1436 838 1489 quod
880 1450 1033 1489 magna
1076 1436 1241 1476 libertas
1287 1445 1346 1476 est
1385 1449 1582 1476 concessa
1619 1450 1642 1475 a
1679 1435 1843 1489 regibus

382 1495 390 1509 ,

244 1508 517 1579 Ot'ffifss'ggssffs’
534 1505 704 1544 ecclesie
721 1506 963 1559 Anglicane,
987 1507 1093 1546 ultra
1116 1506 1197 1546 hoc
1220 1507 1337 1560 quod
1351 1507 1505 1546 habent
1526 1519 1650 1559 regna
1678 1505 1756 1545 alia
1778 1505 1843 1544 vel

533 1575 773 1628 exprimunt
790 1576 880 1616 iura
904 1575 1117 1627 canoniCa,
1141 1575 1297 1616 scilicet
1319 1576 1435 1630 quod
1458 1575 1631 1629 quilibet
1646 1574 1845 1628 fugitivus

534 1646 584 1683 ad
604 1659 902 1699 quamcunque
919 1645 1134 1686 ecclesiam
1150 1645 1191 1684 in
1208 1645 1361 1699 Anglia
1384 1659 1460 1699 pro
1484 1644 1669 1699 qualibet
1692 1644 1845 1685 felonia
1862 1658 1903 1681 20

532 1714 683 1755 habeat
735 1715 892 1755 ibidem
943 1725 1110 1769 tempus
1163 1715 1437 1769 quadraginta
1494 1715 1658 1755 dierum
1717 1714 1847 1754 instar

533 1785 817 1825 Ninivitarum
851 1794 889 1826 et
922 1786 1210 1839 penitencium
1248 1786 1290 1825 in
1324 1785 1656 1839 Quadragesima
1694 1784 1846 1838 quibus

534 1864 598 1895 tot
629 1864 821 1908 tempora
853 1855 1087 1908 penitencie
1118 1864 1215 1895 sunt
1247 1869 1456 1896 concessa.
1486 1856 1568 1894 Pro
1600 1854 1672 1894 illo
1706 1863 1847 1894 tamen

534 1925 631 1964 loco
660 1925 818 1965 excedit
840 1925 944 1964 illud
967 1925 1233 1979 privilegium
1254 1925 1297 1965 in
1320 1926 1504 1965 duobus:
1539 1924 1677 1978 primo
1700 1923 1743 1963 in
1766 1923 1846 1963 hoc

257 1994 337 2024 Two
358 1996 461 2031 points
483 1995 513 2024 in
537 1996 666 2048 quod,
699 1995 769 2035 ubi
801 1995 844 2034 in
874 1995 963 2034 aliis
994 1995 1096 2036 locis
1127 1995 1386 2050 restringitur
1417 1995 1520 2035 situs
1551 1995 1603 2034 ad
1634 1993 1845 2034 basilicam
1862 1997 1902 2030 25

268 2031 368 2058 wh'ch
454 2040 497 2058 s-

247 2040 376 2093 minslter
391 2032 520 2094 {2⁷50ssss
538 2064 603 2103 vel
634 2078 793 2118 paucos
816 2079 963 2119 passus
997 2074 1109 2105 extra
1141 2065 1372 2117 ecclesiam,
1405 2064 1463 2103 ibi
1495 2072 1673 2117 possunt
1705 2077 1847 2103 secure

247 2102 334 2128 omer
348 2101 519 2128 Chumhes‘
535 2134 745 2188 quiescere
778 2149 852 2188 per
882 2144 1021 2175 totum
1062 2135 1324 2188 precinctum
1355 2133 1737 2186 westmonasterii,
1773 2133 1846 2172 ubi

535 2204 667 2244 eciam
688 2204 730 2243 in
753 2204 842 2244 aliis
866 2205 1045 2245 ecclesiis
1067 2204 1270 2245 limitatur
1298 2218 1421 2244 causa
1443 2203 1539 2257 fuge
1560 2203 1611 2243 ad
1635 2203 1846 2255 feloniam,

534 2273 591 2313 ibi
623 2274 858 2314 extenditur
902 2275 953 2314 ad
997 2275 1284 2329 quodcunque
1329 2273 1488 2314 facinus
1519 2274 1585 2313 vel
1634 2273 1846 2325 delictum,

535 2357 633 2383 cum
655 2358 742 2398 quo
765 2352 844 2385 stat
865 2344 979 2397 regni
1012 2344 1265 2397 prosperitas
1298 2352 1336 2384 et
1368 2343 1581 2397 integritas
1611 2342 1771 2396 regalie.
1805 2342 1845 2382 Si
1863 2345 1905 2378 30

535 2422 677 2453 autem
708 2414 888 2466 placeret
911 2413 994 2466 regi
1028 2423 1068 2453 et
1096 2427 1173 2453 suo
1198 2413 1377 2453 consilio
1411 2413 1639 2453 concedere
1663 2411 1846 2465 fugitivis

535 2482 645 2523 illius
688 2483 768 2523 loci
801 2483 1034 2523 libertatem
1077 2483 1295 2535 maiorem,
1335 2483 1560 2537 gauderem
1604 2491 1643 2521 et
1685 2482 1848 2522 assidue

535 2566 816 2606 procurarem,
839 2554 911 2593 sed
927 2552 977 2607 (si
994 2567 1079 2592 non
1097 2551 1233 2608 fallor)
1258 2567 1305 2593 ex
1327 2553 1467 2593 debito
1483 2565 1606 2592 sensu
1624 2552 1848 2591 verborum

535 2621 736 2675 privilegii
782 2626 868 2663 n‘on
915 2631 1055 2676 potest
1104 2623 1236 2663 homo
1294 2623 1539 2663 convincere
1584 2621 1846 2675 ampliorem.

587 2801 607 2820 1.
630 2793 662 2821 ln
685 2794 818 2823 decret.:
839 2794 986 2822 defendit.
1118 2795 1158 2823 31.
1175 2795 1203 2823 A
1222 2795 1280 2830 Al:
1300 2794 1431 2830 fugitivi.
1556 2791 1593 2828 34
1624 2792 1652 2820 A
1672 2794 1731 2827 A,:
1753 2793 1848 2821 homo

536 2839 637 2874 deest;
660 2842 714 2874 Al:
737 2842 941 2869 committere.
963 2842 989 2868 A
1013 2840 1051 2868 B:
1073 2841 1253 2876 convictu-<25
1274 2842 1403 2869 correxi.
