2051 3273
247 229 334 258 CAP.
358 218 455 276 xm]
757 232 816 262 DE
843 230 1075 262 ECCLESIA.

96 349 132 381 N
158 337 288 391 173bin
333 336 411 374 hiis
456 335 586 374 tribus
630 335 732 374 locis
776 334 975 374 fundatur
1006 333 1244 372 dominacio
1279 332 1406 372 civilis
1440 332 1552 371 cleri-

1762 218 1841 270 317

209 419 410 449 acorum.
457 404 599 443 Primo
643 404 684 442 in
729 404 800 442 illo
846 404 957 442 Luce
990 404 1139 453 XXIIO,
1180 403 1245 453 25,
1282 403 1352 441 26:
1415 402 1844 454 RegesThreetextstli-at

1606 445 1702 479 might
1727 446 1766 471 do
1788 446 1812 471 it·

247 476 446 528 gencium
480 473 761 512 dominantur
792 486 953 518 eorum,
980 486 1051 513 vos
1083 478 1221 511 autem
1256 484 1337 510 non
1370 471 1452 518 sic‚·
1484 469 1553 508 ubi
1586 482 1658 515 they
1678 480 1767 506 coum
1790 480 1826 506 be

160 556 232 600 173⁰
248 553 398 583 notum
431 552 491 582 est
511 545 534 568 ÷÷
558 543 673 596 quod
706 542 895 582 Christus
928 541 1175 594 approbavit
1214 540 1555 580 dominacionem

214 626 229 658 5
249 613 474 653 secularem
496 626 640 664 regum
663 611 895 665 gentilium,
919 620 964 650 ut
986 620 1100 663 patet
1132 611 1181 649 de
1212 611 1303 661 Job,
1328 610 1378 648 de
1411 609 1553 648 Nabu-

252 682 521 722 chodonosor
564 690 603 720 et
646 682 696 720 de
740 680 828 719 aliis
875 680 1040 732 regibus
1073 689 1159 719 tam
1191 678 1394 732 preteritis
1427 692 1556 732 quam

248 751 410 792 futuris.
457 751 538 790 Sed
584 751 698 790 iuxta
730 751 900 790 beatum
930 750 1190 789 Bernardum
1222 748 1432 788 interdixit
1463 762 1555 788 eam

208 821 335 866 bsuis
358 822 572 873 apostolis.
600 820 817 860 Secundus
848 820 965 859 locus
998 819 1197 871 scripture
1230 819 1271 857 in
1305 832 1390 871 quo
1422 818 1556 857 taliter

250 890 494 930 fundaretur
524 890 707 929 seculare
729 889 967 928 dominium
992 888 1237 928 clericorum
1261 888 1365 928 foret
1387 901 1555 940 precep-

249 968 343 1000 tum
377 959 530 1000 Christi
562 959 735 999 Matthei
765 959 838 1010 XO,
873 968 916 1009 9:
963 959 1106 998 Nolite
1129 959 1359 1010 possidere
1398 971 1554 996 aarum

250 1042 385 1082 neque
407 1037 664 1083 argentium·
694 1029 807 1068 iuxta
830 1029 944 1081 quod
976 1028 1145 1067 locutus
1178 1036 1240 1067 est
1271 1028 1415 1066 Petrus
1446 1040 1555 1076 ceco,

251 1108 297 1138 ut
318 1099 469 1152 legitur
489 1103 696 1139 Actorum
718 1098 784 1149 III,
801 1098 861 1147 60,
885 1097 1046 1136 dicens:
1071 1097 1310 1150 Argentum
1335 1102 1374 1135 et
1396 1108 1555 1135 aurum

247 1182 330 1208 non
370 1175 430 1208 est
468 1169 586 1217 mihi,
633 1167 745 1221 quod
783 1174 924 1206 autem
964 1167 1098 1206 habeo
1138 1168 1216 1206 hoc
1259 1166 1334 1205 tibi
1378 1165 1443 1206 do.
1507 1165 1559 1204 Et

246 1238 341 1277 hinc
374 1238 498 1278 tradit
519 1251 595 1291 pro
618 1238 773 1290 regula,
809 1238 866 1277 V0
901 1236 1086 1289 capitulo
1110 1249 1181 1275 sue
1204 1236 1336 1288 prime
1366 1234 1554 1287 epistole,

195 1318 230 1350 15
248 1308 363 1360 quod
394 1320 481 1347 non
515 1307 644 1346 simus
676 1307 944 1346 dominantes
971 1307 1011 1345 in
1036 1307 1150 1345 clero
1173 1306 1247 1345 sed
1267 1306 1426 1360 forma
1443 1304 1560 1358 facti

247 1377 399 1430 gregis
432 1378 483 1415 ad
516 1377 792 1416 deserendum
823 1376 1034 1415 mundum
1067 1384 1105 1415 et
1139 1375 1225 1415 eius
1256 1373 1555 1426 concupiscen-

250 1446 343 1497 cias,
388 1459 476 1484 non
520 1454 661 1485 coacte
694 1454 732 1484 et
763 1445 905 1496 invite,
939 1446 1010 1484 sed
1042 1454 1191 1498 sponte
1230 1453 1269 1484 et
1312 1458 1366 1483 ex
1404 1444 1558 1482 animo.

212 1514 423 1559 oTercius
454 1516 571 1555 locus·
604 1514 804 1567 scripture
838 1523 898 1553 est
931 1515 1090 1553 dictum
1128 1514 1338 1566 Apostoli,
1373 1513 1409 1551 Ia
1445 1512 1558 1551 Tim.

248 1584 339 1635 V10,
374 1583 412 1635 8,
458 1584 651 1624 dicentis:
686 1584 911 1623 Habentes
954 1596 1060 1637 ergo
1093 1584 1299 1622 alimenta
1334 1589 1372 1623 et
1408 1582 1560 1634 quibus

192 1676 232 1698 20
249 1660 463 1706 tegamur,
516 1655 598 1694 hiis
636 1656 822 1693 contenti
872 1654 1018 1692 simus.
1064 1653 1133 1692 Ille
1177 1661 1319 1692 autem
1363 1665 1448 1691 non
1501 1660 1560 1690 est

249 1732 469 1763 contentus
508 1724 707 1763 alimento
743 1732 782 1762 et
812 1732 1059 1774 tegumento
1094 1722 1164 1775 qui
1197 1723 1302 1761 ultra
1333 1722 1407 1760 hec
1437 1720 1562 1773 exigit

248 1795 406 1833 nedum
427 1793 727 1846 temporalium
747 1792 1137 1845 superaffluenciam
1161 1792 1212 1830 ad
1235 1791 1561 1830 ministrandum

249 1864 320 1902 sed
363 1864 415 1902 ad
459 1863 780 1913 dominandum,
824 1876 899 1901 nec
944 1862 1085 1901 solum
1117 1861 1356 1900 clericaliter
1387 1861 1457 1900 sed
1497 1873 1559 1898 se-

248 1932 451 1972 culariter.
515 1933 637 1972 Unde
682 1931 975 1971 contendimus
1018 1931 1245 1970 instancius
1285 1930 1392 1969 circa
1436 1929 1558 1968 iuris-

192 2012 231 2045 25
249 2002 483 2042 diceionem
506 2011 545 2041 et
567 2002 797 2041 secularem
826 2001 1169 2040 dominacionem
1199 2010 1416 2053 tamquam
1439 1998 1560 2038 nobis

249 2071 511 2124 privilegium
541 2071 803 2124 requisitum,
828 2072 944 2124 quod
975 2070 1107 2122 tangit
1129 2070 1287 2109 Doctor
1308 2068 1560 2121 Solempnis,

249 2142 325 2181 V10
360 2141 575 2194 quolibeto
608 2156 648 2195 q.
682 2142 853 2194 XXIIIa,
898 2141 970 2179 sed
1014 2154 1110 2179 cum
1156 2139 1398 2190 formidine;
1431 2138 1559 2191 quod,

249 2211 399 2264 inquit,
431 2212 710 2251 ecclesiastici
739 2211 1043 2263 temporalium
1077 2210 1260 2248 habeant
1280 2202 1559 2261 jurisdiccio-

251 2294 345 2320 nem
364 2280 488 2333 forte
521 2294 601 2319 non
635 2281 815 2320 multum
840 2279 1008 2332 expedit
1040 2286 1079 2318 et
1100 2285 1193 2318 erat
1209 2278 1335 2331 forte
1356 2290 1560 2317 venenum

302 2471 328 2497 7.
357 2462 383 2490 8.
417 2463 457 2490 B:
486 2471 553 2490 eam
583 2462 745 2498 apostolis.
863 2461 898 2489 15.
929 2461 1059 2497 Azrsub
1086 2460 1198 2487 forma.
1303 2467 1342 2494 ¹7·
1376 2459 1418 2486 13:
1443 2463 1472 2486 et
1490 2459 1561 2486 vite.

253 2508 295 2536 18.
326 2510 372 2536 A:
402 2510 537 2544 apostoli
566 2509 710 2544 apostoli.
852 2515 898 2543 27.
924 2508 953 2534 A
979 2507 999 2533 Β
1026 2507 1055 2534 in
1086 2515 1201 2541 marg:
1222 2505 1378 2533 Henricus
1401 2506 1435 2539 (B
1460 2506 1560 2533 addit:

253 2556 418 2590 hereticus)
441 2556 478 2583 de
494 2555 664 2589 Gandano;
686 2555 840 2582 hereticus
862 2569 891 2573 —-
914 2554 968 2580 hec
990 2553 1153 2580 distinccio
1174 2560 1237 2580 non
1258 2552 1295 2579 ad
1315 2551 1485 2580 Henricum
1508 2552 1562 2579 sed

250 2602 288 2629 ad
306 2601 477 2629 Johannem
499 2602 536 2628 de
557 2601 706 2628 Gandavo
728 2601 869 2636 pertinet.

313 2731 364 2763 27.
394 2721 525 2751 Doctor
539 2719 724 2751 Solemnis.
751 2718 839 2750 This
866 2718 893 2749 is
911 2717 970 2749 the
989 2717 1260 2760 distinguishing
1279 2727 1381 2749 name
1406 2716 1445 2748 of
1468 2717 1562 2748 Hen·

251 2778 343 2810 ricus
369 2779 411 2811 de
437 2778 607 2810 Gandano
634 2777 670 2819 (†
700 2776 817 2819 1295);
851 2787 964 2819 comp.
990 2776 1127 2816 Jocher,
1153 2775 1494 2814 Gelehrtenlexicon,
1525 2774 1563 2813 II,

257 2835 359 2876 15033
389 2835 575 2875 Fabricius,
602 2835 688 2866 Bibl.
715 2835 772 2866 lat.
798 2834 852 2873 ΙΙΙ,
881 2844 958 2866 200.

1609 520 1697 542 taken
1719 514 1809 541 ironi-

1663 549 1751 585 cally.

1619 2157 1756 2191 opinion
1778 2157 1812 2185 of

1633 2193 1739 2228 Henry
1759 2193 1795 2219 de

1633 2228 1796 2255 Gandano.
