2051 3273
236 199 324 227 CAP.
354 186 481 243 xxm]
720 201 777 233 DE
806 201 1040 233 ECCLESIA.
1744 185 1822 225 585

118 317 153 350 Y
180 318 206 350 8
284 307 389 344 Dico
422 314 574 344 octavo
607 306 720 358 quod
756 306 995 345 sacerdotes
1021 304 1196 356 Christi,
1231 305 1326 342 licet
1351 304 1534 343 habeant
1597 312 1781 380 (ffihltggisesssgr

130 377 207 417 207⁰
223 383 478 428 potestatem
513 375 562 413 ad
598 376 903 414 absolvendum
939 375 1133 414 subditos
1158 388 1179 412 a
1204 387 1311 426 pena
1337 383 1375 413 et
1400 375 1534 426 culpa,
1577 381 1690 450 lsffigilff
1714 388 1810 450 53ngst

226 459 309 484 non
368 454 509 484 tamen
556 445 711 484 debent
754 446 971 485 absolvere
1017 445 1096 483 sub
1145 445 1223 483 hac
1271 446 1405 482 forma
1460 457 1534 482 nec
1553 451 1826 513 nogggdgiiivgnaffn-

228 515 406 553 subiecti
440 514 542 553 illud
578 523 786 567 expetere,
821 514 898 553 nisi
932 514 1012 553 hoc
1046 514 1103 553 eis
1139 513 1375 566 specialiter
1414 513 1538 552 fuerit
1597 520 1783 548 absolution.

195 585 473 626 5revelatum.
521 584 660 623 Prima
702 597 796 637 pars
842 592 959 636 patet
992 597 1040 623 ex
1075 583 1153 622 hoc
1187 583 1302 636 quod
1343 584 1538 622 sacerdos

229 661 368 705 potest
428 654 788 693 sacramentaliter
847 654 1071 692 ostendere
1124 653 1201 692 sibi
1264 652 1538 692 confitentem

230 722 368 761 taliter
414 724 673 774 absolutum,
721 724 793 776 qui
839 724 889 762 ad
936 731 1102 763 tantum
1152 722 1385 762 conteritur
1423 723 1538 775 quod

230 794 369 832 statim
415 793 620 832 decedens
666 793 754 832 sine
799 806 905 845 pena
952 793 1187 845 purgatorii
1221 792 1453 844 advolaret,
1503 802 1542 832 et

230 864 310 902 hoc
350 871 412 902 est
444 863 706 902 sacerdotem
740 862 973 902 absolvere.
1020 862 1107 901 Nec
1148 871 1209 902 est
1247 870 1434 915 potestas
1470 863 1540 902 ali-

177 951 214 973 10
233 933 352 972 cuius
387 932 616 972 sacerdotis
651 932 690 971 in
727 945 824 972 casu
857 933 1009 972 ultime
1038 932 1297 975 necessitatis
1322 933 1380 971 sic
1414 932 1542 984 ligata

231 1003 348 1056 quin,
396 1011 603 1055 quantum
639 1003 752 1041 Deus
787 1002 974 1041 revelans
1007 1002 1260 1054 permiserit,
1306 1002 1439 1054 possit
1471 1003 1542 1041 ab·

231 1073 414 1123 solvere3
475 1071 583 1110 foret
642 1081 786 1111 autem
846 1073 975 1111 nimia
1035 1071 1305 1124 presumpcio
1359 1072 1543 1126 aliquem

233 1141 392 1181 Christi
424 1141 629 1180 vicarium
660 1141 978 1180 absolucionem
1010 1141 1136 1180 talem
1169 1142 1434 1194 pretendere,
1466 1142 1543 1182 nisi

236 1211 350 1250 Deus
386 1211 464 1249 hoc
495 1211 573 1249 sibi
599 1211 847 1250 revelaverit
871 1211 1127 1263 faciendum,
1152 1225 1203 1250 ne
1227 1211 1335 1250 forte
1358 1212 1545 1251 incurrat

179 1289 216 1322 15
234 1281 530 1333 blasphemum
561 1281 846 1320 mendacium.
895 1281 1010 1330 Quid
1057 1294 1156 1333 ergo
1190 1281 1300 1320 valet
1333 1281 1545 1321 subiectos

233 1352 490 1403 inoportune
529 1352 846 1391 absolucionem
886 1353 1013 1391 talem
1055 1361 1262 1404 expetere,
1298 1364 1394 1390 cum
1435 1360 1545 1391 certe

235 1423 391 1475 debent
425 1423 595 1462 credere
629 1423 745 1476 quod
784 1424 1169 1476 correspondenter
1202 1423 1250 1461 ad
1286 1435 1361 1461 sua
1396 1421 1545 1461 merita

233 1493 298 1531 vel
333 1493 535 1531 demerita
568 1490 852 1533 taxabuntur?
888 1493 1003 1532 Licet
1038 1502 1181 1531 autem
1213 1491 1397 1531 sufficiat
1432 1492 1545 1544 apud
1560 1494 1628 1522 The
1660 1497 1837 1521 sacrament

1601 1529 1613 1556 f
1652 1527 1814 1556 enanceis

236 1562 455 1602 Christum
498 1563 655 1616 ubique
696 1571 936 1615 presentem
976 1563 1193 1613 contricio,
1230 1571 1370 1601 tamen
1412 1537 1685 1601 sacra-11c23-20l3ful
1716 1562 1835 1597 though

140 1634 220 1679 207¹¹
236 1641 428 1672 mentum
452 1631 474 1655 ἧς
497 1633 734 1684 penitencie
760 1641 821 1672 est
844 1633 964 1671 valde
998 1632 1296 1681 necessarium,
1330 1633 1426 1671 licet
1463 1645 1547 1671 non
1580 1598 1810 1696 Ψῑῐὶῖξῖξίξέῡΰ·

238 1703 429 1754 proderit
461 1703 549 1741 sine
576 1702 656 1741 illa.
692 1703 791 1741 Ideo
818 1703 926 1741 foret
961 1702 1146 1742 stulticia
1178 1702 1445 1741 sacerdotem
1479 1702 1544 1741 cui

238 1785 320 1811 non
367 1771 413 1811 fit
458 1773 508 1810 ad
556 1772 635 1811 hoc
681 1772 887 1812 revelacio
933 1771 1116 1811 diffinire
1157 1772 1273 1825 quod
1313 1772 1548 1824 penitencia

239 1842 301 1880 vel
347 1841 459 1880 aliud
505 1850 817 1881 sacramentum
865 1855 943 1881 suo
988 1842 1235 1893 suscipienti
1268 1842 1459 1894 proderit
1498 1842 1548 1880 ad

239 1910 430 1950 salutem.
479 1911 546 1950 Sic
595 1911 705 1950 enim
754 1921 913 1950 vetaret
958 1922 1004 1950 ut
1052 1925 1129 1964 pro
1179 1911 1375 1951 absoluto
1409 1925 1487 1950 suo
1529 1925 1549 1949 a

183 1982 346 2033 25pena
392 1990 431 2020 et
477 1981 598 2033 culpa
643 1982 683 2020 in
730 1981 877 2021 mortis
924 1982 1102 2020 articulo
1141 1980 1260 2020 fieret
1301 1980 1551 2033 suffragium

242 2051 426 2101 ecclesie,
465 2051 573 2090 sicut
613 2064 697 2090 non
738 2051 917 2090 facimus
965 2065 1042 2103 pro
1077 2063 1338 2103 quocunque
1379 2059 1551 2090 mortuo

242 2133 368 2173 quem
404 2130 568 2160 constat
601 2121 722 2160 nobis
757 2121 841 2159 iam
875 2134 962 2160 esse
999 2122 1184 2162 beatum.
1227 2120 1354 2160 Istam
1388 2129 1553 2159 senten-

243 2190 350 2229 ciam
384 2191 434 2229 de
468 2191 677 2243 suffragiis
714 2201 753 2231 et
786 2191 1066 2244 indulgenciis
1098 2191 1273 2230 dixerim
1297 2191 1349 2229 ad
1374 2190 1553 2229 instruc—

244 2261 409 2299 cionem
450 2260 701 2300 inferiorum
743 2262 927 2313 ecclesie,
968 2270 1007 2300 et
1047 2261 1360 2313 exposicionem
1395 2273 1555 2299 correc-

188 2329 371 2381 3qcioni,
408 2331 674 2383 supplecioni
700 2340 738 2371 et
762 2331 1068 2384 approbacioni
1102 2331 1371 2383 superiorum
1404 2343 1553 2369 secun-

248 2399 350 2438 dum
402 2401 566 2452 regulas
627 2401 934 2453 scripturarum
990 2410 1029 2440 et
1081 2400 1195 2452 leges
1248 2400 1456 2439 humanas
1510 2413 1555 2439 ac

247 2469 412 2508 decreta
446 2478 746 2522 potentatuum
780 2470 941 2523 precise
975 2471 1026 2509 acl
1060 2478 1228 2508 tantum
1263 2469 1496 2522 apprecior.

201 2541 231 2575 Z
307 2538 385 2577 Sed
433 2540 483 2578 ad
530 2540 754 2578 materiam
800 2541 849 2578 de
904 2540 1065 2592 peccati
1110 2539 1369 2592 purgacione
1427 2552 1555 2592 quam

249 2608 368 2660 tetigi
401 2610 442 2648 in
476 2610 674 2662 proximo
710 2618 963 2661 argumento
997 2610 1167 2648 videtur
1200 2609 1303 2647 mihi
1337 2610 1556 2661 probabile

191 2679 231 2712 35
250 2679 366 2730 quod
413 2680 593 2732 quilibet
640 2679 888 2732 purgandus
932 2687 1019 2718 tam
1066 2679 1138 2717 diu
1173 2679 1301 2717 habet
1333 2687 1556 2732 peccatum

302 2825 342 2853 18.
366 2825 402 2852 ss:
425 2831 525 2853 autem
548 2825 670 2853 afficiat.
814 2824 856 2853 33.
880 2826 918 2853 13:
940 2826 1175 2860 inpurgacione.
