2051 3273
188 210 276 238 CAP.
302 199 385 257 xv]
685 213 745 244 DE
771 213 1004 245 EchEsm.
1707 208 1785 261 357

33 328 71 361 X
93 316 345 371 178⁰Omnia
379 323 520 356 vestra
551 322 665 364 sunt,
698 325 737 355 et
767 317 893 356 Marci
938 318 1009 368 XO,
1051 331 1116 370 29,
1164 318 1260 357 dicit
1306 319 1496 360 Christus

184 386 298 439 quod
329 386 567 438 quicunque
590 385 809 437 reliquerit
834 386 1042 425 mundum
1067 396 1106 427 et
1128 389 1294 427 carnem
1317 399 1489 441 propter

183 469 339 494 nomen
386 469 524 505 suum,
576 456 751 507 accipiet
795 457 957 496 cencies
1000 463 1179 498 tantum.
1220 458 1272 497 Et
1322 457 1363 496 in
1413 459 1492 498 hoc

183 525 343 563 mundo
387 524 576 563 sacerdos
622 524 856 578 (inquiunt)
903 534 941 564 et
992 526 1222 578 specialiter
1273 527 1490 580 religiosus

151 594 305 636 §habet
335 594 399 633 ius
431 594 547 646 quod
581 603 641 633 est
664 593 901 633 dominium
933 596 985 633 ad
1017 595 1092 634 toti
1128 597 1289 635 mundo
1323 598 1482 636 secula-

182 664 279 703 riter
311 663 632 713 dominandum,
666 672 705 702 et
728 664 784 703 sic
809 663 998 703 Christus
1022 665 1165 703 docuit
1188 679 1258 704 eos
1283 667 1494 705 mundum

182 733 428 785 relinquere,
474 741 520 771 ut
566 732 791 772 secularius
826 742 1137 773 conversentur.
1202 734 1280 773 Sed
1327 735 1492 787 quesito

184 802 215 840 si
246 801 353 855 layci
384 802 665 854 relinquentes
699 811 847 841 cuncta
880 816 956 854 pro
982 802 1151 842 Christo
1176 813 1297 842 erunt
1320 804 1375 843 eis
1399 818 1491 856 par-

181 871 338 924 ticipes,
364 871 395 910 si
419 885 526 911 unus
549 871 771 910 excludens
794 871 923 910 alium
947 871 1041 911 facit
1062 872 1136 910 sibi
1160 872 1367 924 iniuriam,
1396 887 1493 913 cum

128 961 167 982 10
183 940 269 980 aliis
309 955 389 994 que
434 950 693 980 concernunt
725 940 841 979 civile
874 941 1126 993 dominium,
1165 942 1387 995 paciuntur
1418 957 1490 982 an·
1519 951 1677 1013 aisdtiioeig
1696 951 1774 979 head

180 1010 349 1063 gustias.
409 1010 506 1050 Ideo
563 1009 792 1049 defendunt
849 1024 981 1050 unum
1039 1011 1300 1063 capitaneum
1365 1026 1491 1066 quem
1619 994 1634 1013 e
1678 993 1748 1021 ope.

180 1094 334 1132 papam
378 1080 600 1120 nominant
648 1080 724 1118 sub
772 1079 889 1119 cuius
934 1080 1081 1119 umbra
1124 1080 1343 1121 infideliter
1394 1091 1491 1122 sunt

180 1150 368 1202 protecti.

133 1227 169 1260 Y
242 1219 293 1258 Et
324 1218 356 1257 si
387 1218 564 1257 obicitur
595 1219 711 1272 quod
745 1218 855 1258 curia
877 1220 1069 1258 Romana
1101 1220 1302 1274 extinguit
1333 1221 1490 1261 multos
1531 1218 1597 1256 Tlie
1618 1234 1705 1268 qourt
1725 1232 1757 1257 ot

130 1297 165 1330 15
183 1301 352 1339 errores,
386 1288 536 1327 dicitur
572 1289 687 1341 quod
733 1289 783 1327 de
826 1298 942 1328 tanto
977 1298 1036 1330 est
1066 1290 1285 1329 laudabilis
1323 1299 1362 1330 et
1405 1290 1488 1329 suis
1503 1263 1781 1326 {cinriieisssshi‘ssvffisst

182 1357 355 1410 satrapis
388 1366 449 1397 est
480 1358 727 1410 parendum.
783 1358 825 1397 Si
856 1368 997 1398 autem
1029 1360 1174 1411 vulpes
1208 1361 1376 1412 parvule
1409 1374 1489 1413 que
1590 1334 1688 1361 foxes.

181 1427 467 1467 demoliuntur
505 1427 772 1480 particulares
816 1427 956 1466 vineas
999 1428 1154 1468 habent
1205 1428 1306 1468 inibi
1351 1428 1491 1469 foveas

181 1496 222 1535 in
255 1496 408 1549 quibus
442 1497 657 1536 convoluti
681 1497 924 1536 criminibus
948 1498 1136 1538 callidius
1161 1508 1199 1538 et
1226 1499 1493 1538 constancius

89 1575 165 1620 178⁶l
181 1566 469 1618 defendantur,
504 1566 596 1620 quis
629 1566 791 1606 dubitat
824 1567 926 1619 quin
959 1567 1081 1606 nidus
1119 1567 1186 1606 ille
1220 1567 1325 1608 foret
1358 1566 1492 1607 fonsss

123 1657 165 1678 20
180 1636 328 1676 veneni
380 1650 427 1675 ex
472 1635 590 1675 cuius
641 1635 782 1675 rivulis
838 1645 987 1676 scateat
1037 1637 1174 1676 toxica
1228 1638 1269 1676 in
1326 1637 1492 1678 fidelem

181 1706 397 1745 ecclesiam
429 1703 705 1745 militantem?
751 1706 929 1746 Scutum
962 1714 1103 1746 autem
1136 1715 1175 1746 et
1206 1707 1492 1747 velamentum

181 1775 304 1816 huius
350 1775 485 1815 toxice
524 1775 718 1815 videntur
751 1789 838 1815 esse
872 1775 1145 1829 congregacio
1184 1776 1259 1816 ista
1303 1791 1492 1830 perversa

180 1853 219 1883 et
264 1844 412 1897 triplex
456 1845 597 1884 velum
643 1859 729 1898 quo
774 1855 935 1885 mentes
978 1845 1167 1885 fidelium
1211 1855 1308 1886 sunt
1342 1855 1489 1887 cecate.

180 1916 288 1954 Nam
320 1914 555 1967 appellante
587 1909 817 1967 pecunioso
849 1916 900 1953 ad
932 1915 1047 1953 illam
1080 1915 1251 1974 curiam,
1285 1916 1386 1969 quid
1419 1930 1491 1968 per

123 1993 161 2025 25
179 1983 408 2035 mendacia,
441 1984 541 2037 quid
580 1998 653 2036 per
690 1985 799 2023 mala
844 1985 1033 2037 exempla
1076 1985 1236 2024 sceleris
1279 1985 1335 2024 ibi
1373 1994 1492 2038 capta

178 2063 217 2093 et
249 2053 351 2107 quid
382 2067 455 2106 per
492 2053 740 2093 tradiciones
773 2054 939 2093 callidas
971 2062 1054 2092 tam
1090 2055 1140 2093 de
1172 2054 1322 2094 nostris
1362 2069 1490 2108 quam

177 2123 226 2161 de
250 2123 337 2162 aliis
366 2122 465 2161 inibi
505 2122 745 2162 adinventas
774 2123 995 2162 inductum
1029 2132 1089 2162 est
1117 2133 1283 2164 scutum
1311 2123 1527 2170 infideli-11
1554 2143 1778 2183 has-invented

176 2192 270 2231 tatis
300 2193 351 2231 ad
383 2193 623 2231 membrum
662 2193 825 2246 dyaboli
862 2201 1006 2231 contra
1050 2206 1174 2246 regna
1219 2204 1258 2234 et
1301 2203 1488 2233 sanctam
1519 2178 1759 2247 tsifgfenffississs:

177 2262 394 2302 ecclesiam
449 2260 777 2301 defendendam?
840 2263 991 2301 Velum
1048 2271 1190 2302 autem
1245 2264 1487 2303 trimembre

143 2331 319 2373 1statuit
350 2331 537 2384 inprimis
571 2331 824 2384 principium
859 2332 973 2384 quod
1010 2345 1094 2371 non
1131 2332 1224 2372 licet
1261 2333 1484 2373 christiano
1542 2353 1732 2380 1-1hatitis

176 2400 334 2440 dictum
366 2401 431 2440 vel
463 2400 619 2440 factum
642 2414 789 2440 eorum
812 2401 1053 2451 discernere,
1087 2415 1185 2440 cum
1207 2402 1288 2442 sint
1310 2402 1363 2441 dii
1387 2404 1484 2442 sub·
1499 2387 1776 2457 alwpuvdegffilelsslttigan

175 2470 347 2510 terranei
382 2470 533 2523 quibus
567 2470 722 2509 donata
754 2479 813 2510 est
844 2479 1027 2522 potestas
1057 2471 1238 2511 clavium
1281 2486 1356 2524 par
1388 2486 1486 2512 cum

177 2536 357 2591 Christo,
415 2540 485 2592 qui
541 2548 720 2592 possunt
778 2539 1025 2592 scripturam
1082 2554 1241 2580 sacram
1292 2550 1484 2592 statuere,

227 2739 270 2765 ¹4·
289 2732 319 2760 A
332 2732 363 2760 in
378 2740 493 2767 marg:
516 2732 673 2760 Obieccio.
800 2733 839 2760 16.
861 2732 890 2760 A
904 2731 933 2759 in
949 2740 1063 2768 marg:
1085 2732 1219 2761 Solucio.
1346 2741 1384 2761 21.
1404 2733 1433 2761 A
1452 2734 1483 2761 in

175 2786 288 2813 marg:
311 2777 438 2806 Scutum
460 2783 487 2806 et
506 2779 609 2806 velum
631 2778 832 2805 defendencia
848 2778 1097 2806 dominacionem
1120 2779 1239 2807 civilem
1255 2779 1337 2807 cleri.
1360 2779 1483 2814 (Above

177 2823 240 2859 178³
261 2824 389 2852 without
409 2825 495 2852 mark
515 2824 549 2852 of
566 2825 744 2858 reference).
766 2825 803 2851 B:
825 2829 945 2851 scutum
967 2829 1004 2852 et.
