2051 3273
217 169 295 207 582

936 175 1163 206 JOHANNIS
1191 173 1387 204 WYCLIF.
1573 159 1677 217 [CAP.
1705 166 1810 195 xxm.

214 289 241 317 lf
269 290 418 324 penalties
439 297 488 316 are
505 281 672 331 gencias
713 280 818 318 foret
859 280 998 317 debita
1033 289 1093 318 est
1125 279 1281 329 futura,
1324 279 1422 330 quia
1462 278 1556 316 data
1590 290 1696 329 pena
1730 290 1810 328 que
1829 281 1962 326 207¹'U

214 326 286 361 only
297 324 485 357 commuted‚

213 360 284 395 they
312 364 396 386 must
427 359 485 386 still

262 396 298 421 be
318 398 347 421 to
370 401 438 428 pay.

256 1327 284 1355 1f
301 1328 351 1355 the
373 1327 454 1362 Pope

281 1363 423 1396 destroys

217 1398 430 1432 punishment,
451 1397 488 1424 he

239 1437 322 1460 must
342 1432 466 1470 destroy

325 1475 382 1494 sinvr

226 1814 426 1842 Absurdities
446 1814 476 1841 in

215 1850 264 1876 the
293 1850 368 1876 laws
394 1850 489 1876 about

243 1884 451 1918 indulgences.

504 362 586 388 non
623 350 804 399 videtur,
844 349 958 401 quod
1000 349 1067 387 illa
1102 361 1209 400 pena
1250 348 1403 387 virtute
1443 347 1709 399 indulgencie
1750 355 1810 384 est

502 418 688 457 dimissa.
719 418 786 456 Ad
810 419 938 457 istum
973 418 1086 457 enim
1110 430 1280 456 sensum
1305 417 1418 456 Deus
1444 416 1618 455 dimittit
1642 429 1808 468 penam,

503 497 542 526 et
586 500 661 539 per
701 500 977 539 consequens,
1026 500 1100 539 per
1145 486 1434 538 indulgencias
1481 499 1556 524 nec
1603 485 1812 524 relaxatur

502 570 610 608 pena
662 569 735 595 nec
782 557 1002 596 alleviatur
1048 555 1115 594 ille
1161 556 1227 594 cui
1273 554 1318 595 fit
1364 555 1647 606 indulgencia.
1701 556 1843 593 Nam5

501 627 534 664 si
567 625 707 678 aliqua
740 639 848 677 pena
888 635 998 665 caret
1040 639 1168 678 quam
1209 625 1328 664 aliter
1370 625 1558 677 haberet,
1599 633 1698 663 tunc
1731 624 1811 662 sibi

503 695 789 734 dimitteretur
822 696 888 733 illa
923 708 1045 747 pena,
1096 704 1135 733 et
1176 708 1271 733 cum
1318 708 1426 746 pena
1465 694 1757 733 individuatur
1790 707 1811 732 a

503 774 695 817 tempore
740 773 779 802 et
827 764 1019 803 consistit
1063 764 1103 802 in
1150 764 1430 811 successione,
1483 764 1651 803 videtur
1698 764 1812 816 quod

504 847 587 872 non
621 841 683 872 est
716 834 1003 873 commutacio
1037 847 1143 886 pene
1177 847 1253 886 pro
1286 847 1407 886 pena,
1442 842 1533 873 tum
1566 834 1665 886 quia
1698 834 1811 885 quod

506 917 588 942 non
623 912 684 942 est
729 916 813 942 non
852 912 1164 955 commutatur3
1211 917 1318 956 pena
1360 912 1499 943 autem
1542 917 1618 955 pro
1651 916 1733 956 qua
1766 902 1872 942 fit10

503 974 771 1026 indulgencia
806 987 879 1012 nec
922 973 1000 1012 fuit
1033 986 1108 1012 nec
1143 982 1204 1012 est
1238 986 1312 1012 nec
1346 972 1437 1025 erit,
1483 982 1522 1012 et
1562 986 1669 1025 pena
1703 973 1813 1012 beati

505 1057 587 1082 non
631 1053 692 1083 est
730 1044 874 1094 modo,
923 1056 996 1082 nec
1035 1052 1177 1095 potest
1216 1043 1445 1082 subiectari
1488 1043 1528 1082 in
1564 1056 1612 1082 eo
1657 1043 1722 1081 cui
1767 1042 1815 1082 fit

504 1112 785 1165 indulgencia.
820 1113 1000 1152 Videtur
1029 1113 1213 1165 insuper,
1248 1126 1344 1152 cum
1379 1127 1486 1166 pena
1520 1122 1559 1152 et
1591 1121 1813 1166 peccatum

503 1196 593 1222 sese
636 1182 975 1236 inseparabiliter
1022 1191 1357 1235 consequuntur7
1410 1182 1483 1236 qui
1532 1182 1707 1221 dimittit
1751 1182 1816 1221 vel

504 1252 660 1291 relaxat
693 1265 826 1291 unum
869 1253 1026 1292 relaxat
1071 1261 1112 1292 et
1144 1252 1371 1305 reliquum,
1417 1261 1463 1291 ut
1501 1253 1573 1305 qui
1608 1252 1870 1304 extinguit15

504 1322 783 1361 risibilitatem
823 1322 1029 1375 extinguit
1063 1322 1394 1374 humanitatem3
1429 1335 1526 1361 cum
1574 1336 1672 1374 ergo
1707 1335 1816 1375 papa

503 1392 709 1444 extinguit
741 1405 894 1444 penam
946 1392 1153 1443 extinguit
1186 1401 1226 1431 et
1266 1401 1504 1444 peccatum,
1552 1392 1650 1445 quia
1696 1392 1816 1432 aliter

504 1469 740 1500 remaneret
790 1470 1012 1514 peccatum
1068 1462 1220 1514 ineque
1276 1462 1474 1514 punitum
1531 1462 1594 1500 vel
1648 1462 1815 1514 penitus

503 1531 761 1583 inpunitum,
796 1531 861 1569 vel
884 1531 1003 1570 aliter
1027 1531 1128 1570 dans
1154 1531 1468 1583 indulgenciam
1502 1532 1670 1584 supplet
1695 1531 1812 1571 satis-

504 1601 753 1651 faccionem,
788 1601 904 1654 quod
929 1614 1013 1639 non
1038 1601 1193 1640 faceret
1228 1601 1305 1640 nisi
1329 1601 1566 1640 secundum
1600 1601 1812 1640 racionem
1833 1609 1874 1630 20

505 1671 656 1722 meriti,
698 1679 736 1709 et
770 1671 827 1709 sic
860 1679 1080 1723 oporteret
1112 1684 1285 1710 omnem
1326 1672 1618 1723 indulgentem
1652 1685 1741 1711 esse
1774 1671 1815 1710 in

504 1741 655 1793 gracia,
690 1740 798 1779 sicut
821 1748 989 1792 oportet
1015 1754 1186 1779 omnem
1213 1741 1277 1779 cui
1313 1740 1419 1780 facta
1456 1749 1517 1780 est
1545 1740 1814 1793 indulgencia

505 1810 622 1862 quod
640 1810 752 1862 leges
769 1810 1039 1861 impugnant.
1066 1809 1159 1848 Alie
1177 1819 1318 1849 autem
1340 1819 1437 1849 sunt
1453 1810 1816 1849 consideraciones

505 1881 555 1918 de
600 1879 974 1919 irracionabilitate
1026 1880 1167 1930 legum
1217 1880 1594 1932 multiplicatarum
1646 1879 1686 1918 in
1738 1879 1814 1918 ista

505 1949 694 1999 materia,
742 1959 788 1988 ut
832 1957 1002 1988 centum
1037 1949 1224 2001 episcopi
1270 1949 1311 1987 in
1357 1949 1525 2001 dyocesi
1572 1949 1684 1987 Petri
1729 1961 1813 1987 non
1832 1945 1871 1978 25

505 2018 722 2058 sufficiunt
773 2019 1003 2058 concedere
1051 2018 1183 2057 Paulo
1229 2018 1280 2057 de
1328 2018 1524 2071 dyoecesi
1574 2018 1685 2057 Petri
1736 2017 1815 2057 nisi

505 2088 673 2128 eosdem
699 2088 979 2141 quadraginta
1013 2087 1099 2127 dies
1129 2101 1235 2140 quos
1258 2088 1408 2127 Petrus
1433 2087 1682 2127 diocesanus
1717 2100 1813 2126 con-

505 2158 629 2209 cedit,
670 2158 768 2210 quia
808 2158 928 2197 aliter
960 2157 1027 2211 (ut
1059 2155 1278 2211 inquiunt)
1319 2157 1459 2197 forent
1496 2156 1815 2196 iurisdicciones

505 2228 725 2281 permixte,
770 2237 810 2267 et
850 2227 1028 2280 quilibet
1074 2227 1301 2279 episcopus
1347 2226 1521 2266 haberet
1558 2235 1813 2279 potestatem

503 2310 631 2350 super
670 2297 846 2336 totalem
885 2297 1103 2336 ecclesiam
1143 2296 1251 2335 sicut
1291 2306 1421 2349 papa;
1469 2296 1540 2335 sed
1583 2296 1715 2335 Paulo
1749 2309 1815 2334 va·
1832 2292 1873 2324 30

503 2376 628 2419 gante
674 2380 747 2418 per
791 2367 881 2405 illos
928 2375 1097 2405 centum
1145 2366 1416 2419 episcopatus
1468 2374 1508 2404 et
1558 2365 1815 2404 deteriorato

505 2437 703 2475 continue
727 2436 837 2488 apud
870 2435 1007 2474 Deum
1032 2444 1317 2475 accrescerent
1339 2435 1417 2474 sibi
1451 2436 1501 2474 de
1535 2435 1815 2487 quadraginta

505 2507 652 2545 diebus
671 2519 766 2545 cum
784 2506 869 2545 suis
888 2503 1248 2544 ratificacionibus
1280 2514 1465 2558 quatuor
1489 2505 1618 2544 millia
1635 2505 1813 2543 dierum.

559 2663 577 2681 1.
599 2662 674 2690 que:
691 2657 901 2689 superfluum3
918 2660 1015 2682 recte:
1031 2655 1101 2690 quia
1117 2655 1186 2682 data
1202 2662 1280 2690 pena
1295 2662 1355 2682 non
1372 2655 1492 2682 videtur
1507 2655 1601 2690 quod.
1675 2655 1701 2682 6.
1720 2655 1809 2690 AAlz

505 2709 598 2736 quam
612 2702 696 2729 alter.
718 2703 745 2728 A
768 2702 799 2728 in
821 2709 928 2736 marg:
958 2701 1055 2729 aliter.
1177 2704 1218 2729 10.
1241 2702 1467 2735 risibilitatem3
1489 2701 1768 2729 racionabilitatem
1779 2701 1813 2736 (Ρ)

503 2747 542 2774 ita
564 2748 652 2775 codd.
789 2755 827 2782 17.
850 2749 878 2776 A
900 2749 938 2775 B:
961 2749 1097 2783 extiguit.
1243 2749 1289 2777 28.
1310 2749 1348 2775 B:
1370 2747 1591 2777 iurediccione.
1700 2746 1745 2775 30.
1767 2747 1811 2774 B:

504 2794 593 2821 debet
614 2795 718 2822 Paulo.
