2051 3273
222 269 311 297 CAP.
332 259 385 317 x.]
714 272 774 303 DE
801 269 1033 304 ECCLESIAf
1736 273 1815 312 209

71 376 439 429 157⁰¹Gdesideriis
483 377 720 423 innitentes,
777 377 902 428 quasi
959 376 1337 428 contemplacionis
1379 389 1527 427 penna

213 459 306 486 sese
338 446 396 485 ad
423 446 625 486 sublimia
657 446 916 486 sublevant?

164 524 199 558 D
272 517 334 555 Ex
371 515 460 555 istis
503 514 666 554 videtur
705 515 817 555 hunc
856 525 1050 556 sanctum
1087 515 1300 554 intendere
1338 515 1454 568 quod
1485 514 1527 553 in
1555 520 1614 547 and
1635 529 1681 546 we
1702 528 1753 547 are
1773 525 1804 547 10

212 585 374 638 magnis
418 585 582 637 nupciis
630 594 769 625 sancte
813 585 956 624 matris
1001 585 1170 624 ecclesie
1208 584 1397 623 membra
1441 554 1811 623 eiusfon'lqi’xstziiiieiiiffl

180 655 330 695 §rudia
367 655 575 708 pascenda
613 663 711 694 sunt
755 655 947 707 exemplo
985 664 1152 707 patrum
1191 654 1425 693 testamenti
1459 625 1740 692 xvc-ratimotllfflu
1768 625 1816 651 me

211 723 307 763 teris
339 732 559 777 tamquam
592 723 782 763 carnibus
821 723 1024 763 thaurinis
1058 724 1129 777 qui
1164 732 1307 763 contra
1338 722 1527 762 infideles

211 793 273 832 usi
307 802 403 833 sunt
436 807 483 832 ex
514 794 714 833 mandato
748 793 909 833 domini
942 793 1122 846 feritate3
1162 794 1291 833 modo
1324 807 1422 833 vero
1455 794 1525 833 ad-

211 862 402 903 veniente
428 862 597 903 Christo
629 863 854 903 mitissimo
887 863 1083 916 pascendi
1117 872 1214 903 sunt
1245 862 1404 903 laucius
1434 877 1526 902 eva-

212 932 344 972 cuatis
376 932 530 985 grossis
563 932 755 973 carnibus
795 933 943 973 veteris
977 933 1228 983 testamenti,
1268 933 1309 971 in
1343 934 1527 972 secundo

158 1001 368 1042 10ferculo
413 1002 513 1042 novi
550 1003 787 1042 testamenti
826 1002 1027 1055 porrectis
1066 1002 1124 1041 eis
1162 1003 1364 1054 altilibus,
1412 1003 1526 1055 quod

211 1071 270 1123 fit,
304 1073 406 1111 dum
429 1073 481 1111 ad
507 1072 752 1124 exemplum
776 1072 932 1112 Christi
956 1080 995 1111 et
1017 1085 1194 1111 suorum
1222 1072 1528 1124 discipulorum.

212 1142 267 1181 ob
305 1155 495 1181 amorem
540 1141 604 1182 sui
648 1142 872 1194 paciuntur
916 1141 1101 1182 iniurias.
1155 1142 1208 1181 Et
1251 1141 1414 1181 utinam
1452 1141 1527 1180 ista

212 1212 342 1251 leccio
377 1220 483 1251 esset
529 1225 601 1264 per
641 1225 718 1251 nos
764 1212 997 1251 sacerdotes
1042 1221 1129 1251 tam
1166 1225 1361 1251 sermone
1400 1224 1524 1264 quam

212 1295 338 1334 opere
372 1281 592 1321 efficaciter
623 1281 666 1320 in
698 1281 861 1334 populo
885 1282 1104 1334 predicata.
1140 1281 1263 1321 Tunc
1296 1281 1408 1320 enim
1440 1294 1526 1319 non

159 1350 318 1391 15f01·et
362 1359 475 1390 tanta
522 1350 736 1404 sanguinis
784 1350 931 1391 effusio
984 1365 1059 1391 nec
1112 1360 1227 1391 tanta
1271 1350 1527 1390 conturbans

213 1420 429 1460 ecclesiam
462 1420 614 1460 Christi
649 1434 721 1473 per
755 1421 944 1460 membra
989 1421 1141 1461 diaboli
1181 1435 1203 1460 a
1246 1421 1336 1473 lege
1370 1419 1525 1460 Christi

210 1490 450 1529 declinacio.

174 1569 196 1596 ο
266 1559 442 1613 Accipio
457 1559 598 1613 itaque
621 1559 744 1599 istan]
760 1559 1017 1599 sentenciam
1033 1568 1251 1612 tamquam
1275 1558 1524 1598 catholicam
1570 1570 1637 1610 Tne
1661 1572 1734 1608 duty
1754 1572 1789 1599 os

210 1638 249 1669 et
279 1630 416 1670 tocius
449 1630 619 1670 ecclesie
642 1629 882 1669 directivam
907 1638 945 1668 et
977 1629 1071 1668 dico
1100 1629 1272 1669 ulterius
1297 1627 1413 1681 quod
1436 1627 1524 1680 ipsa
1539 1606 1816 1681 ἓωῶῗῆῗιέἠειῖῗὲῧῖῗ

154 1700 367 1739 2onedum
400 1713 486 1739 non
510 1698 732 1739 confirmat
763 1699 834 1738 sed
865 1697 1049 1737 infirmat
1080 1697 1347 1751 privilegium
1379 1710 1522 1749 supra-
1540 1677 1816 1746 pgitc‘fiii'vsflilssiei'

209 1768 383 1820 dictum,
417 1769 515 1823 quia
547 1774 613 1823 (ut
643 1777 758 1821 patet
782 1782 829 1808 ex
863 1768 971 1808 dicta
993 1767 1203 1807 sentencia
1226 1776 1265 1807 et
1292 1766 1373 1806 fide
1397 1766 1524 1819 scrip-

209 1836 317 1892 ture)
363 1852 450 1878 non
496 1847 556 1878 est
587 1838 867 1891 privilegium,
915 1837 993 1876 nisi
1037 1838 1087 1877 de
1125 1846 1287 1891 quanto
1327 1845 1447 1876 sonat
1484 1837 1525 1875 in

210 1907 541 1948 misericordiam
572 1907 870 1961 privilegiantis
904 1915 943 1947 et
974 1906 1220 1960 privilegiati
1266 1915 1304 1946 et
1348 1905 1525 1945 omnino

210 1977 253 2016 in
285 1977 493 2017 honorem
524 1977 600 2016 Dei
634 1986 673 2017 et
704 1977 929 2017 utilitatem
972 1985 1112 2015 sancte
1151 1976 1294 2015 matris
1336 1975 1526 2022 ecclesie;

153 2047 193 2080 25
211 2048 327 2100 quod
372 2061 471 2087 cum
513 2046 624 2099 capit
666 2046 912 2086 instanciam
960 2047 1010 2086 de
1048 2046 1143 2098 isto,
1187 2046 1283 2085 ideo
1328 2045 1527 2085 interimit

210 2131 252 2156 se
295 2117 448 2170 ipsum.
503 2116 625 2156 Unde
668 2116 745 2156 ista
778 2116 971 2156 condicio
1016 2117 1138 2156 debet
1182 2114 1436 2167 subintelligi
1476 2116 1525 2154 de

210 2194 357 2225 natura
394 2185 598 2239 privilegii
642 2185 684 2224 in
729 2199 853 2239 opere
892 2185 1184 2239 cuiuscunque
1227 2184 1526 2238 privilegiantis

210 2255 438 2307 ecclesiam,
480 2268 579 2295 cum
610 2255 722 2295 Deus
755 2269 842 2295 non
874 2264 1014 2308 potest
1051 2254 1309 2308 privilegiare
1341 2254 1525 2307 aliquam

210 2333 374 2377 partem
412 2324 595 2376 ecclesie,
641 2325 890 2364 condicione
928 2325 1006 2365 ista
1042 2324 1209 2378 penitus
1248 2323 1525 2377 pretermissa,

152 2395 195 2427 30
212 2393 311 2448 quia
332 2403 433 2434 tunc
466 2393 572 2433 foret
594 2393 670 2433 sibi
701 2393 779 2446 ipsi
803 2403 842 2434 et
864 2408 1019 2448 sponse
1043 2408 1116 2434 sue
1149 2393 1393 2434 contrarius.
1428 2393 1525 2432 Ideo

210 2477 376 2504 necesse
420 2472 480 2503 est
530 2463 837 2517 privilegiantes
882 2464 1099 2504 ecclesiam
1146 2476 1288 2503 cavere
1329 2462 1526 2516 precipue

210 2546 261 2572 ne
294 2547 341 2572 ex
373 2532 615 2585 ignorancia
653 2532 856 2586 scripture
895 2542 934 2573 et
965 2533 1135 2573 cecitate
1174 2532 1300 2572 seculi
1340 2531 1527 2571 officiant

208 2601 331 2641 matri
355 2615 427 2642 sue
450 2602 516 2641 cui
540 2602 692 2642 debent
714 2602 929 2655 proficere.
953 2604 1049 2642 Non
1076 2602 1189 2642 enim
1212 2602 1353 2642 solum
1376 2602 1528 2641 debent

209 2672 419 2711 attendere
443 2673 495 2711 ad
516 2672 622 2711 illud
645 2673 761 2726 quod
793 2682 934 2725 posset
956 2686 1104 2712 sonare
1133 2672 1175 2711 in
1198 2671 1528 2711 misericordiam

151 2740 189 2773 35
210 2748 250 2779 et
272 2739 588 2781 edificacionem
611 2741 794 2792 ecclesie,
820 2743 889 2781 sed
913 2743 963 2781 ad
988 2742 1088 2781 illud
1114 2742 1228 2794 quod
1251 2741 1529 2781 verisimiliter

263 2887 304 2915 18.
325 2889 353 2915 A
373 2889 403 2915 in
425 2897 539 2924 marg:
561 2888 743 2924 Responsio.

1372 2947 1412 2978 14
