<?xml version="1.0" encoding="UTF-8"?>
<!DOCTYPE html PUBLIC "-//W3C//DTD XHTML 1.0 Transitional//EN"
    "http://www.w3.org/TR/xhtml1/DTD/xhtml1-transitional.dtd">
<html xmlns="http://www.w3.org/1999/xhtml" xml:lang="en" lang="en">
 <head>
  <title>
</title>
<meta http-equiv="Content-Type" content="text/html;charset=utf-8" />
  <meta name='ocr-system' content='tesseract 3.04.00' />
  <meta name='ocr-capabilities' content='ocr_page ocr_carea ocr_par ocr_line ocrx_word'/>
</head>
<body>
  <div class='ocr_page' id='page_1' title='image "./tractatusdeeccle00wycl_0119.png"; bbox 0 0 2051 3343; ppageno 0'>
   <div class='ocr_carea' id='block_1_1' title="bbox 221 224 1819 283">
    <p class='ocr_par' dir='ltr' id='par_1_1' title="bbox 221 224 1819 283">
     <span class='ocr_line' id='line_1_1' title="bbox 221 224 1819 283; baseline 0.006 -20"><span class='ocrx_word' id='word_1_1' title='bbox 221 234 311 263; x_wconf 83' lang='lat' dir='ltr'><strong>CAP.</strong></span> <span class='ocrx_word' id='word_1_2' title='bbox 335 224 404 283; x_wconf 73' lang='lat' dir='ltr'>iv]</span> <span class='ocrx_word' id='word_1_3' title='bbox 732 237 791 268; x_wconf 85' lang='lat' dir='ltr'>DE</span> <span class='ocrx_word' id='word_1_4' title='bbox 819 228 1056 268; x_wconf 75' lang='lat' dir='ltr'><strong>ECCLESIA.</strong></span> <span class='ocrx_word' id='word_1_5' title='bbox 1769 228 1819 268; x_wconf 82' lang='lat'>85</span> 
     </span>
    </p>
   </div>
   <div class='ocr_carea' id='block_1_2' title="bbox 69 340 1821 604">
    <p class='ocr_par' dir='ltr' id='par_1_2' title="bbox 69 340 1821 604">
     <span class='ocr_line' id='line_1_2' title="bbox 69 340 1532 397; baseline -0.001 -14"><span class='ocrx_word' id='word_1_6' title='bbox 69 343 459 397; x_wconf 66' lang='lat' dir='ltr'>M140³membrum</span> <span class='ocrx_word' id='word_1_7' title='bbox 503 342 612 381; x_wconf 88' lang='lat' dir='ltr'>illius</span> <span class='ocrx_word' id='word_1_8' title='bbox 657 340 836 380; x_wconf 81' lang='lat' dir='ltr'>ecclesie.</span> <span class='ocrx_word' id='word_1_9' title='bbox 886 341 965 380; x_wconf 87' lang='lat' dir='ltr'>Sed</span> <span class='ocrx_word' id='word_1_10' title='bbox 999 354 1125 380; x_wconf 87' lang='lat' dir='ltr'>nemo</span> <span class='ocrx_word' id='word_1_11' title='bbox 1172 342 1259 381; x_wconf 92' lang='lat' dir='ltr'>sine</span> <span class='ocrx_word' id='word_1_12' title='bbox 1308 341 1532 381; x_wconf 84' lang='lat' dir='ltr'>formidine</span> 
     </span>
     <span class='ocr_line' id='line_1_3' title="bbox 218 410 1534 463; baseline -0.001 -11"><span class='ocrx_word' id='word_1_13' title='bbox 218 413 283 452; x_wconf 89' lang='lat' dir='ltr'>vel</span> <span class='ocrx_word' id='word_1_14' title='bbox 333 412 590 452; x_wconf 85' lang='lat' dir='ltr'>revelacione</span> <span class='ocrx_word' id='word_1_15' title='bbox 643 419 839 450; x_wconf 83' lang='lat' dir='ltr'>assereret</span> <span class='ocrx_word' id='word_1_16' title='bbox 890 410 1005 463; x_wconf 88' lang='lat' dir='ltr'>quod</span> <span class='ocrx_word' id='word_1_17' title='bbox 1051 410 1101 449; x_wconf 90' lang='lat' dir='ltr'>sit</span> <span class='ocrx_word' id='word_1_18' title='bbox 1144 411 1450 463; x_wconf 83' lang='lat' dir='ltr'>predestinatus</span> <span class='ocrx_word' id='word_1_19' title='bbox 1496 420 1534 452; x_wconf 84' lang='lat' dir='ltr'>et</span> 
     </span>
     <span class='ocr_line' id='line_1_4' title="bbox 218 480 1533 533; baseline 0 -12"><span class='ocrx_word' id='word_1_20' title='bbox 218 491 383 521; x_wconf 89' lang='lat' dir='ltr'>sanctus</span> <span class='ocrx_word' id='word_1_21' title='bbox 417 481 503 521; x_wconf 91' lang='lat' dir='ltr'>sine</span> <span class='ocrx_word' id='word_1_22' title='bbox 536 481 701 520; x_wconf 86' lang='lat' dir='ltr'>macula</span> <span class='ocrx_word' id='word_1_23' title='bbox 739 480 805 519; x_wconf 89' lang='lat' dir='ltr'>vel</span> <span class='ocrx_word' id='word_1_24' title='bbox 843 490 968 533; x_wconf 87' lang='lat' dir='ltr'>ruga:</span> <span class='ocrx_word' id='word_1_25' title='bbox 1003 493 1101 532; x_wconf 85' lang='lat' dir='ltr'>ergo</span> <span class='ocrx_word' id='word_1_26' title='bbox 1136 480 1364 520; x_wconf 80' lang='lat' dir='ltr'>conclusio,</span> <span class='ocrx_word' id='word_1_27' title='bbox 1410 481 1533 521; x_wconf 91' lang='lat' dir='ltr'>Unde</span> 
     </span>
     <span class='ocr_line' id='line_1_5' title="bbox 216 550 1821 604; baseline 0 -14"><span class='ocrx_word' id='word_1_28' title='bbox 216 551 346 590; x_wconf 88' lang='lat' dir='ltr'>miror</span> <span class='ocrx_word' id='word_1_29' title='bbox 377 565 461 604; x_wconf 87' lang='lat' dir='ltr'>qua</span> <span class='ocrx_word' id='word_1_30' title='bbox 492 550 628 590; x_wconf 87' lang='lat' dir='ltr'>fronte</span> <span class='ocrx_word' id='word_1_31' title='bbox 666 550 797 602; x_wconf 83' lang='lat' dir='ltr'>magis</span> <span class='ocrx_word' id='word_1_32' title='bbox 836 550 1134 589; x_wconf 86' lang='lat' dir='ltr'>contendentes</span> <span class='ocrx_word' id='word_1_33' title='bbox 1173 564 1248 602; x_wconf 92' lang='lat' dir='ltr'>pro</span> <span class='ocrx_word' id='word_1_34' title='bbox 1281 551 1533 604; x_wconf 78' lang='lat' dir='ltr'>proprietate</span> <span class='ocrx_word' id='word_1_35' title='bbox 1547 558 1603 586; x_wconf 83' lang='lat' dir='ltr'>Yet</span> <span class='ocrx_word' id='word_1_36' title='bbox 1622 559 1680 586; x_wconf 84' lang='lat' dir='ltr'>this</span> <span class='ocrx_word' id='word_1_37' title='bbox 1703 560 1727 586; x_wconf 87' lang='lat' dir='ltr'>is</span> <span class='ocrx_word' id='word_1_38' title='bbox 1742 559 1821 587; x_wconf 81' lang='lat' dir='ltr'>done</span> 
     </span>
    </p>
   </div>
   <div class='ocr_carea' id='block_1_3' title="bbox 183 594 1820 674">
    <p class='ocr_par' dir='ltr' id='par_1_3' title="bbox 183 594 1820 674">
     <span class='ocr_line' id='line_1_6' title="bbox 183 594 1820 674; baseline -0.001 -14"><span class='ocrx_word' id='word_1_39' title='bbox 183 621 428 666; x_wconf 84' lang='lat' dir='ltr'>5bonorum</span> <span class='ocrx_word' id='word_1_40' title='bbox 461 620 644 671; x_wconf 83' lang='lat' dir='ltr'>ecclesie,</span> <span class='ocrx_word' id='word_1_41' title='bbox 678 619 811 672; x_wconf 81' lang='lat' dir='ltr'>magis</span> <span class='ocrx_word' id='word_1_42' title='bbox 845 619 1084 659; x_wconf 83' lang='lat' dir='ltr'>seculariter</span> <span class='ocrx_word' id='word_1_43' title='bbox 1116 619 1317 672; x_wconf 86' lang='lat' dir='ltr'>viventes,</span> <span class='ocrx_word' id='word_1_44' title='bbox 1351 620 1533 674; x_wconf 86' lang='lat' dir='ltr'>elongati</span> <span class='ocrx_word' id='word_1_45' title='bbox 1548 594 1820 658; x_wconf 43' lang='lat' dir='ltr'>wligsgrlilvaeieszire</span> 
     </span>
    </p>
   </div>
   <div class='ocr_carea' id='block_1_4' title="bbox 153 664 1787 1722">
    <p class='ocr_par' dir='ltr' id='par_1_4' title="bbox 153 664 1787 1722">
     <span class='ocr_line' id='line_1_7' title="bbox 215 664 1787 742; baseline -0.002 -12"><span class='ocrx_word' id='word_1_46' title='bbox 215 705 238 730; x_wconf 89' lang='lat' dir='ltr'>a</span> <span class='ocrx_word' id='word_1_47' title='bbox 271 689 422 730; x_wconf 86' lang='lat' dir='ltr'>Christi</span> <span class='ocrx_word' id='word_1_48' title='bbox 457 689 777 730; x_wconf 84' lang='lat' dir='ltr'>conversacione</span> <span class='ocrx_word' id='word_1_49' title='bbox 811 700 850 729; x_wconf 89' lang='lat' dir='ltr'>et</span> <span class='ocrx_word' id='word_1_50' title='bbox 882 690 976 742; x_wconf 89' lang='lat' dir='ltr'>plus</span> <span class='ocrx_word' id='word_1_51' title='bbox 1010 689 1165 729; x_wconf 87' lang='lat' dir='ltr'>steriles</span> <span class='ocrx_word' id='word_1_52' title='bbox 1197 690 1247 729; x_wconf 87' lang='lat' dir='ltr'>ab</span> <span class='ocrx_word' id='word_1_53' title='bbox 1281 690 1531 730; x_wconf 78' lang='lat' dir='ltr'>execucione</span> <span class='ocrx_word' id='word_1_54' title='bbox 1582 664 1787 727; x_wconf 50' lang='lat' dir='ltr'>mgssiilsliiiike</span> 
     </span>
     <span class='ocr_line' id='line_1_8' title="bbox 216 758 1528 813; baseline 0 -13"><span class='ocrx_word' id='word_1_55' title='bbox 216 759 370 800; x_wconf 87' lang='lat' dir='ltr'>Christi</span> <span class='ocrx_word' id='word_1_56' title='bbox 404 759 566 799; x_wconf 87' lang='lat' dir='ltr'>consilii</span> <span class='ocrx_word' id='word_1_57' title='bbox 599 768 639 799; x_wconf 90' lang='lat' dir='ltr'>et</span> <span class='ocrx_word' id='word_1_58' title='bbox 660 758 843 813; x_wconf 87' lang='lat' dir='ltr'>precepti</span> <span class='ocrx_word' id='word_1_59' title='bbox 867 758 961 811; x_wconf 89' lang='lat' dir='ltr'>plus</span> <span class='ocrx_word' id='word_1_60' title='bbox 993 759 1217 799; x_wconf 82' lang='lat' dir='ltr'>vendicant</span> <span class='ocrx_word' id='word_1_61' title='bbox 1251 759 1377 800; x_wconf 89' lang='lat' dir='ltr'>titulo</span> <span class='ocrx_word' id='word_1_62' title='bbox 1403 761 1528 813; x_wconf 89' lang='lat' dir='ltr'>parti-</span> 
     </span>
     <span class='ocr_line' id='line_1_9' title="bbox 214 828 1530 883; baseline 0.002 -15"><span class='ocrx_word' id='word_1_63' title='bbox 214 829 311 883; x_wconf 89' lang='lat' dir='ltr'>cipii</span> <span class='ocrx_word' id='word_1_64' title='bbox 341 829 452 869; x_wconf 87' lang='lat' dir='ltr'>illius</span> <span class='ocrx_word' id='word_1_65' title='bbox 485 829 654 870; x_wconf 88' lang='lat' dir='ltr'>ecclesie</span> <span class='ocrx_word' id='word_1_66' title='bbox 694 829 805 868; x_wconf 89' lang='lat' dir='ltr'>bona</span> <span class='ocrx_word' id='word_1_67' title='bbox 850 828 1023 868; x_wconf 87' lang='lat' dir='ltr'>fortunii</span> <span class='ocrx_word' id='word_1_68' title='bbox 1069 843 1143 883; x_wconf 87' lang='lat' dir='ltr'>per</span> <span class='ocrx_word' id='word_1_69' title='bbox 1184 829 1374 870; x_wconf 89' lang='lat' dir='ltr'>accidens</span> <span class='ocrx_word' id='word_1_70' title='bbox 1419 831 1530 871; x_wconf 91' lang='lat' dir='ltr'>adia-</span> 
     </span>
     <span class='ocr_line' id='line_1_10' title="bbox 214 898 1532 952; baseline 0.002 -14"><span class='ocrx_word' id='word_1_71' title='bbox 214 899 353 939; x_wconf 89' lang='lat' dir='ltr'>cencia</span> <span class='ocrx_word' id='word_1_72' title='bbox 390 899 448 938; x_wconf 90' lang='lat' dir='ltr'>illi</span> <span class='ocrx_word' id='word_1_73' title='bbox 487 899 669 951; x_wconf 78' lang='lat' dir='ltr'>ecclesie,</span> <span class='ocrx_word' id='word_1_74' title='bbox 704 912 832 952; x_wconf 88' lang='lat' dir='ltr'>quam</span> <span class='ocrx_word' id='word_1_75' title='bbox 865 898 1050 938; x_wconf 86' lang='lat' dir='ltr'>fecerunt</span> <span class='ocrx_word' id='word_1_76' title='bbox 1081 899 1262 952; x_wconf 88' lang='lat' dir='ltr'>apostoli</span> <span class='ocrx_word' id='word_1_77' title='bbox 1306 900 1371 939; x_wconf 88' lang='lat' dir='ltr'>vel</span> <span class='ocrx_word' id='word_1_78' title='bbox 1403 901 1532 940; x_wconf 88' lang='lat' dir='ltr'>sancti</span> 
     </span>
     <span class='ocr_line' id='line_1_11' title="bbox 159 968 1530 1027; baseline 0.001 -19"><span class='ocrx_word' id='word_1_79' title='bbox 159 991 198 1012; x_wconf 83' lang='lat'>10</span> <span class='ocrx_word' id='word_1_80' title='bbox 214 978 348 1022; x_wconf 87' lang='lat' dir='ltr'>patres</span> <span class='ocrx_word' id='word_1_81' title='bbox 381 969 551 1022; x_wconf 89' lang='lat' dir='ltr'>priores.</span> <span class='ocrx_word' id='word_1_82' title='bbox 586 968 807 1022; x_wconf 85' lang='lat' dir='ltr'>Numquid</span> <span class='ocrx_word' id='word_1_83' title='bbox 826 968 1034 1027; x_wconf 77' lang='lat' dir='ltr'>credimus</span> <span class='ocrx_word' id='word_1_84' title='bbox 1069 970 1184 1022; x_wconf 86' lang='lat' dir='ltr'>quod</span> <span class='ocrx_word' id='word_1_85' title='bbox 1207 969 1263 1009; x_wconf 90' lang='lat' dir='ltr'>sic</span> <span class='ocrx_word' id='word_1_86' title='bbox 1286 969 1530 1022; x_wconf 82' lang='lat' dir='ltr'>placitantes</span> 
     </span>
     <span class='ocr_line' id='line_1_12' title="bbox 212 1028 1532 1093; baseline 0.003 -16"><span class='ocrx_word' id='word_1_87' title='bbox 212 1047 309 1078; x_wconf 90' lang='lat' dir='ltr'>sunt</span> <span class='ocrx_word' id='word_1_88' title='bbox 341 1039 471 1079; x_wconf 90' lang='lat' dir='ltr'>sancti</span> <span class='ocrx_word' id='word_1_89' title='bbox 505 1039 592 1079; x_wconf 89' lang='lat' dir='ltr'>sine</span> <span class='ocrx_word' id='word_1_90' title='bbox 624 1038 790 1078; x_wconf 85' lang='lat' dir='ltr'>macula</span> <span class='ocrx_word' id='word_1_91' title='bbox 822 1028 1009 1078; x_wconf 81' lang='lat' dir='ltr'>m&#39;ortalis</span> <span class='ocrx_word' id='word_1_92' title='bbox 1041 1039 1106 1078; x_wconf 87' lang='lat' dir='ltr'>vel</span> <span class='ocrx_word' id='word_1_93' title='bbox 1129 1053 1231 1093; x_wconf 82' lang='lat' dir='ltr'>ruga</span> <span class='ocrx_word' id='word_1_94' title='bbox 1263 1037 1458 1080; x_wconf 85' lang='lat' dir='ltr'>venialis?</span> <span class='ocrx_word' id='word_1_95' title='bbox 1491 1041 1532 1081; x_wconf 84' lang='lat' dir='ltr'>Si</span> 
     </span>
     <span class='ocr_line' id='line_1_13' title="bbox 212 1108 1531 1162; baseline 0.002 -15"><span class='ocrx_word' id='word_1_96' title='bbox 212 1108 356 1149; x_wconf 86' lang='lat' dir='ltr'>dicunt</span> <span class='ocrx_word' id='word_1_97' title='bbox 393 1110 509 1162; x_wconf 83' lang='lat' dir='ltr'>quod</span> <span class='ocrx_word' id='word_1_98' title='bbox 548 1109 618 1160; x_wconf 91' lang='lat' dir='ltr'>sic,</span> <span class='ocrx_word' id='word_1_99' title='bbox 664 1108 848 1148; x_wconf 91' lang='lat' dir='ltr'>desercio</span> <span class='ocrx_word' id='word_1_100' title='bbox 894 1108 1046 1148; x_wconf 89' lang='lat' dir='ltr'>Christi</span> <span class='ocrx_word' id='word_1_101' title='bbox 1099 1109 1261 1149; x_wconf 88' lang='lat' dir='ltr'>consilii</span> <span class='ocrx_word' id='word_1_102' title='bbox 1301 1124 1397 1150; x_wconf 86' lang='lat' dir='ltr'>curn</span> <span class='ocrx_word' id='word_1_103' title='bbox 1437 1111 1531 1150; x_wconf 90' lang='lat' dir='ltr'>ocio</span> 
     </span>
     <span class='ocr_line' id='line_1_14' title="bbox 212 1178 1533 1231; baseline 0.003 -14"><span class='ocrx_word' id='word_1_104' title='bbox 212 1178 340 1217; x_wconf 89' lang='lat' dir='ltr'>sancti</span> <span class='ocrx_word' id='word_1_105' title='bbox 392 1178 518 1218; x_wconf 86' lang='lat' dir='ltr'>officii</span> <span class='ocrx_word' id='word_1_106' title='bbox 564 1178 639 1217; x_wconf 91' lang='lat' dir='ltr'>hos</span> <span class='ocrx_word' id='word_1_107' title='bbox 681 1179 979 1231; x_wconf 86' lang='lat' dir='ltr'>condempnat.</span> <span class='ocrx_word' id='word_1_108' title='bbox 1025 1180 1096 1218; x_wconf 90' lang='lat' dir='ltr'>Jus</span> <span class='ocrx_word' id='word_1_109' title='bbox 1135 1179 1248 1219; x_wconf 87' lang='lat' dir='ltr'>enim</span> <span class='ocrx_word' id='word_1_110' title='bbox 1294 1180 1533 1221; x_wconf 89' lang='lat' dir='ltr'>humanum</span> 
     </span>
     <span class='ocr_line' id='line_1_15' title="bbox 210 1248 1531 1301; baseline 0.003 -14"><span class='ocrx_word' id='word_1_111' title='bbox 210 1261 297 1287; x_wconf 88' lang='lat' dir='ltr'>non</span> <span class='ocrx_word' id='word_1_112' title='bbox 330 1248 399 1287; x_wconf 87' lang='lat' dir='ltr'>dat</span> <span class='ocrx_word' id='word_1_113' title='bbox 431 1248 486 1287; x_wconf 88' lang='lat' dir='ltr'>eis</span> <span class='ocrx_word' id='word_1_114' title='bbox 518 1248 692 1288; x_wconf 89' lang='lat' dir='ltr'>titulum</span> <span class='ocrx_word' id='word_1_115' title='bbox 723 1248 859 1288; x_wconf 88' lang='lat' dir='ltr'>taliter</span> <span class='ocrx_word' id='word_1_116' title='bbox 883 1249 1146 1301; x_wconf 90' lang='lat' dir='ltr'>vendicandi,</span> <span class='ocrx_word' id='word_1_117' title='bbox 1181 1259 1220 1289; x_wconf 89' lang='lat' dir='ltr'>et</span> <span class='ocrx_word' id='word_1_118' title='bbox 1252 1250 1316 1290; x_wconf 92' lang='lat' dir='ltr'>ius</span> <span class='ocrx_word' id='word_1_119' title='bbox 1340 1251 1531 1292; x_wconf 88' lang='lat' dir='ltr'>divinum</span> 
     </span>
     <span class='ocr_line' id='line_1_16' title="bbox 157 1317 1532 1375; baseline 0.004 -19"><span class='ocrx_word' id='word_1_120' title='bbox 157 1329 194 1361; x_wconf 84' lang='lat'>15</span> <span class='ocrx_word' id='word_1_121' title='bbox 211 1318 332 1357; x_wconf 91' lang='lat' dir='ltr'>docet</span> <span class='ocrx_word' id='word_1_122' title='bbox 365 1318 479 1371; x_wconf 89' lang='lat' dir='ltr'>quod</span> <span class='ocrx_word' id='word_1_123' title='bbox 510 1317 700 1371; x_wconf 83' lang='lat' dir='ltr'>rapinam</span> <span class='ocrx_word' id='word_1_124' title='bbox 733 1318 944 1358; x_wconf 91' lang='lat' dir='ltr'>bonorum</span> <span class='ocrx_word' id='word_1_125' title='bbox 967 1332 1065 1358; x_wconf 89' lang='lat' dir='ltr'>cum</span> <span class='ocrx_word' id='word_1_126' title='bbox 1086 1319 1241 1372; x_wconf 83' lang='lat' dir='ltr'>gaudio</span> <span class='ocrx_word' id='word_1_127' title='bbox 1275 1321 1532 1375; x_wconf 88' lang='lat' dir='ltr'>susciperent</span> 
     </span>
     <span class='ocr_line' id='line_1_17' title="bbox 210 1387 1530 1444; baseline 0.004 -17"><span class='ocrx_word' id='word_1_128' title='bbox 210 1396 249 1427; x_wconf 88' lang='lat' dir='ltr'>et</span> <span class='ocrx_word' id='word_1_129' title='bbox 281 1401 361 1441; x_wconf 87' lang='lat' dir='ltr'>que</span> <span class='ocrx_word' id='word_1_130' title='bbox 393 1401 467 1427; x_wconf 88' lang='lat' dir='ltr'>sua</span> <span class='ocrx_word' id='word_1_131' title='bbox 499 1396 595 1427; x_wconf 87' lang='lat' dir='ltr'>sunt</span> <span class='ocrx_word' id='word_1_132' title='bbox 626 1401 714 1427; x_wconf 92' lang='lat' dir='ltr'>non</span> <span class='ocrx_word' id='word_1_133' title='bbox 745 1387 802 1427; x_wconf 89' lang='lat' dir='ltr'>sic</span> <span class='ocrx_word' id='word_1_134' title='bbox 834 1397 1066 1441; x_wconf 89' lang='lat' dir='ltr'>repeterent</span> <span class='ocrx_word' id='word_1_135' title='bbox 1099 1387 1163 1443; x_wconf 79' lang='lat' dir='ltr'>(ut</span> <span class='ocrx_word' id='word_1_136' title='bbox 1194 1399 1308 1443; x_wconf 90' lang='lat' dir='ltr'>patet</span> <span class='ocrx_word' id='word_1_137' title='bbox 1337 1404 1424 1444; x_wconf 86' lang='lat' dir='ltr'>cap.</span> <span class='ocrx_word' id='word_1_138' title='bbox 1456 1393 1530 1432; x_wconf 90' lang='lat' dir='ltr'>IIIo</span> 
     </span>
     <span class='ocr_line' id='line_1_18' title="bbox 210 1457 1529 1513; baseline 0.005 -17"><span class='ocrx_word' id='word_1_139' title='bbox 210 1471 257 1496; x_wconf 87' lang='lat' dir='ltr'>ex</span> <span class='ocrx_word' id='word_1_140' title='bbox 277 1457 520 1497; x_wconf 88' lang='lat' dir='ltr'>testimonio</span> <span class='ocrx_word' id='word_1_141' title='bbox 536 1457 643 1497; x_wconf 88' lang='lat' dir='ltr'>beati</span> <span class='ocrx_word' id='word_1_142' title='bbox 662 1457 884 1511; x_wconf 84' lang='lat' dir='ltr'>Gregorii).</span> <span class='ocrx_word' id='word_1_143' title='bbox 920 1459 1020 1507; x_wconf 87' lang='lat' dir='ltr'>Quo</span> <span class='ocrx_word' id='word_1_144' title='bbox 1053 1458 1142 1498; x_wconf 91' lang='lat' dir='ltr'>iure</span> <span class='ocrx_word' id='word_1_145' title='bbox 1176 1473 1273 1513; x_wconf 86' lang='lat' dir='ltr'>ergo</span> <span class='ocrx_word' id='word_1_146' title='bbox 1305 1461 1362 1501; x_wconf 90' lang='lat' dir='ltr'>sic</span> <span class='ocrx_word' id='word_1_147' title='bbox 1384 1463 1529 1502; x_wconf 85' lang='lat' dir='ltr'>vendi-</span> 
     </span>
     <span class='ocr_line' id='line_1_19' title="bbox 210 1527 1529 1584; baseline 0.005 -19"><span class='ocrx_word' id='word_1_148' title='bbox 210 1535 317 1578; x_wconf 85' lang='lat' dir='ltr'>cant,</span> <span class='ocrx_word' id='word_1_149' title='bbox 343 1540 440 1566; x_wconf 89' lang='lat' dir='ltr'>cum</span> <span class='ocrx_word' id='word_1_150' title='bbox 471 1527 644 1567; x_wconf 91' lang='lat' dir='ltr'>nitendo</span> <span class='ocrx_word' id='word_1_151' title='bbox 678 1527 734 1567; x_wconf 89' lang='lat' dir='ltr'>sic</span> <span class='ocrx_word' id='word_1_152' title='bbox 767 1527 823 1566; x_wconf 90' lang='lat' dir='ltr'>illi</span> <span class='ocrx_word' id='word_1_153' title='bbox 855 1528 979 1568; x_wconf 88' lang='lat' dir='ltr'>titulo</span> <span class='ocrx_word' id='word_1_154' title='bbox 1011 1528 1061 1567; x_wconf 89' lang='lat' dir='ltr'>ab</span> <span class='ocrx_word' id='word_1_155' title='bbox 1095 1530 1246 1569; x_wconf 86' lang='lat' dir='ltr'>eodem</span> <span class='ocrx_word' id='word_1_156' title='bbox 1279 1544 1319 1569; x_wconf 90' lang='lat' dir='ltr'>se</span> <span class='ocrx_word' id='word_1_157' title='bbox 1343 1531 1529 1584; x_wconf 83' lang='lat' dir='ltr'>privant?</span> 
     </span>
     <span class='ocr_line' id='line_1_20' title="bbox 210 1596 1527 1654; baseline 0.005 -19"><span class='ocrx_word' id='word_1_158' title='bbox 210 1596 535 1637; x_wconf 84' lang='lat' dir='ltr'>Considerarent</span> <span class='ocrx_word' id='word_1_159' title='bbox 568 1610 665 1650; x_wconf 84' lang='lat' dir='ltr'>ergo</span> <span class='ocrx_word' id='word_1_160' title='bbox 700 1597 969 1637; x_wconf 88' lang='lat' dir='ltr'>condiciones</span> <span class='ocrx_word' id='word_1_161' title='bbox 1008 1608 1147 1639; x_wconf 88' lang='lat' dir='ltr'>sancte</span> <span class='ocrx_word' id='word_1_162' title='bbox 1179 1601 1322 1641; x_wconf 88' lang='lat' dir='ltr'>matris</span> <span class='ocrx_word' id='word_1_163' title='bbox 1346 1603 1527 1654; x_wconf 84' lang='lat' dir='ltr'>ecclesie,</span> 
     </span>
     <span class='ocr_line' id='line_1_21' title="bbox 153 1667 1527 1722; baseline 0.004 -15"><span class='ocrx_word' id='word_1_164' title='bbox 153 1688 192 1709; x_wconf 89' lang='lat'>20</span> <span class='ocrx_word' id='word_1_165' title='bbox 210 1675 437 1720; x_wconf 86' lang='lat' dir='ltr'>antequam</span> <span class='ocrx_word' id='word_1_166' title='bbox 485 1667 695 1721; x_wconf 86' lang='lat' dir='ltr'>redarguti</span> <span class='ocrx_word' id='word_1_167' title='bbox 729 1681 775 1706; x_wconf 85' lang='lat' dir='ltr'>ex</span> <span class='ocrx_word' id='word_1_168' title='bbox 808 1668 979 1721; x_wconf 88' lang='lat' dir='ltr'>proprio</span> <span class='ocrx_word' id='word_1_169' title='bbox 1014 1683 1139 1722; x_wconf 90' lang='lat' dir='ltr'>opere</span> <span class='ocrx_word' id='word_1_170' title='bbox 1183 1679 1327 1711; x_wconf 90' lang='lat' dir='ltr'>contra</span> <span class='ocrx_word' id='word_1_171' title='bbox 1374 1671 1527 1712; x_wconf 89' lang='lat' dir='ltr'>Christi</span> 
     </span>
    </p>
   </div>
   <div class='ocr_carea' id='block_1_5' title="bbox 211 1736 719 1777">
    <p class='ocr_par' dir='ltr' id='par_1_5' title="bbox 211 1736 719 1777">
     <span class='ocr_line' id='line_1_22' title="bbox 211 1736 719 1777; baseline 0.002 -1"><span class='ocrx_word' id='word_1_172' title='bbox 211 1736 383 1776; x_wconf 86' lang='lat' dir='ltr'>consilia</span> <span class='ocrx_word' id='word_1_173' title='bbox 416 1736 472 1776; x_wconf 91' lang='lat' dir='ltr'>sic</span> <span class='ocrx_word' id='word_1_174' title='bbox 505 1736 719 1777; x_wconf 87' lang='lat' dir='ltr'>instarent.</span> 
     </span>
    </p>
   </div>
   <div class='ocr_carea' id='block_1_6' title="bbox 159 1819 1817 1898">
    <p class='ocr_par' dir='ltr' id='par_1_6' title="bbox 159 1819 1817 1898">
     <span class='ocr_line' id='line_1_23' title="bbox 159 1819 1817 1898; baseline 0.005 -41"><span class='ocrx_word' id='word_1_175' title='bbox 159 1830 195 1862; x_wconf 86' lang='lat' dir='ltr'>N</span> <span class='ocrx_word' id='word_1_176' title='bbox 267 1819 318 1858; x_wconf 84' lang='lat' dir='ltr'>Et</span> <span class='ocrx_word' id='word_1_177' title='bbox 351 1828 558 1872; x_wconf 87' lang='lat' dir='ltr'>quantum</span> <span class='ocrx_word' id='word_1_178' title='bbox 580 1820 632 1858; x_wconf 84' lang='lat' dir='ltr'>ad</span> <span class='ocrx_word' id='word_1_179' title='bbox 655 1820 814 1860; x_wconf 88' lang='lat' dir='ltr'>dictum</span> <span class='ocrx_word' id='word_1_180' title='bbox 837 1821 887 1860; x_wconf 90' lang='lat' dir='ltr'>de</span> <span class='ocrx_word' id='word_1_181' title='bbox 907 1821 1101 1861; x_wconf 88' lang='lat' dir='ltr'>Romana</span> <span class='ocrx_word' id='word_1_182' title='bbox 1119 1822 1302 1874; x_wconf 86' lang='lat' dir='ltr'>ecclesia,</span> <span class='ocrx_word' id='word_1_183' title='bbox 1328 1836 1525 1876; x_wconf 86' lang='lat' dir='ltr'>suppono</span> <span class='ocrx_word' id='word_1_184' title='bbox 1542 1825 1817 1898; x_wconf 43' lang='lat' dir='ltr'>Clffighllffiaessbe</span> 
     </span>
    </p>
   </div>
   <div class='ocr_carea' id='block_1_7' title="bbox 209 1888 1815 1960">
    <p class='ocr_par' dir='ltr' id='par_1_7' title="bbox 209 1888 1815 1960">
     <span class='ocr_line' id='line_1_24' title="bbox 209 1888 1815 1960; baseline 0.005 -34"><span class='ocrx_word' id='word_1_185' title='bbox 209 1889 322 1941; x_wconf 87' lang='lat' dir='ltr'>quod</span> <span class='ocrx_word' id='word_1_186' title='bbox 348 1888 417 1927; x_wconf 93' lang='lat' dir='ltr'>illa</span> <span class='ocrx_word' id='word_1_187' title='bbox 439 1889 600 1929; x_wconf 89' lang='lat' dir='ltr'>dicatur</span> <span class='ocrx_word' id='word_1_188' title='bbox 621 1899 763 1929; x_wconf 88' lang='lat' dir='ltr'>sancta</span> <span class='ocrx_word' id='word_1_189' title='bbox 785 1899 916 1930; x_wconf 89' lang='lat' dir='ltr'>mater</span> <span class='ocrx_word' id='word_1_190' title='bbox 941 1891 1113 1930; x_wconf 88' lang='lat' dir='ltr'>ecclesia</span> <span class='ocrx_word' id='word_1_191' title='bbox 1129 1892 1344 1944; x_wconf 84' lang='lat' dir='ltr'>catholica,</span> <span class='ocrx_word' id='word_1_192' title='bbox 1369 1907 1525 1946; x_wconf 84' lang='lat' dir='ltr'>sponsa</span> <span class='ocrx_word' id='word_1_193' title='bbox 1540 1896 1815 1960; x_wconf 45' lang='lat' dir='ltr'>gsseffheascffllfflg</span> 
     </span>
    </p>
   </div>
   <div class='ocr_carea' id='block_1_8' title="bbox 148 1957 1803 2505">
    <p class='ocr_par' dir='ltr' id='par_1_8' title="bbox 175 1957 1803 2085">
     <span class='ocr_line' id='line_1_25' title="bbox 208 1957 1803 2031; baseline 0.005 -35"><span class='ocrx_word' id='word_1_194' title='bbox 208 1957 376 1998; x_wconf 88' lang='lat' dir='ltr'>Christi.</span> <span class='ocrx_word' id='word_1_195' title='bbox 411 1959 464 1998; x_wconf 89' lang='lat' dir='ltr'>Et</span> <span class='ocrx_word' id='word_1_196' title='bbox 496 1968 609 2012; x_wconf 90' lang='lat' dir='ltr'>patet</span> <span class='ocrx_word' id='word_1_197' title='bbox 641 1960 757 2013; x_wconf 86' lang='lat' dir='ltr'>quod</span> <span class='ocrx_word' id='word_1_198' title='bbox 778 1960 847 1999; x_wconf 86' lang='lat' dir='ltr'>illa</span> <span class='ocrx_word' id='word_1_199' title='bbox 880 1960 1138 2013; x_wconf 84' lang='lat' dir='ltr'>diffunditur,</span> <span class='ocrx_word' id='word_1_200' title='bbox 1162 1962 1403 2016; x_wconf 83' lang='lat' dir='ltr'>ubicunque</span> <span class='ocrx_word' id='word_1_201' title='bbox 1427 1974 1525 2004; x_wconf 89' lang='lat' dir='ltr'>sunt</span> <span class='ocrx_word' id='word_1_202' title='bbox 1549 1965 1803 2031; x_wconf 44' lang='lat' dir='ltr'>Cgfflghgnisslffeu-</span> 
     </span>
     <span class='ocr_line' id='line_1_26' title="bbox 175 2022 1744 2085; baseline 0.004 -18"><span class='ocrx_word' id='word_1_203' title='bbox 175 2040 191 2072; x_wconf 87' lang='lat'>1</span> <span class='ocrx_word' id='word_1_204' title='bbox 207 2028 347 2068; x_wconf 89' lang='lat' dir='ltr'>fideles</span> <span class='ocrx_word' id='word_1_205' title='bbox 362 2030 652 2082; x_wconf 67' lang='lat' dir='ltr'>predestinati,</span> <span class='ocrx_word' id='word_1_206' title='bbox 676 2031 788 2070; x_wconf 91' lang='lat' dir='ltr'>unde</span> <span class='ocrx_word' id='word_1_207' title='bbox 812 2030 875 2085; x_wconf 84' lang='lat' dir='ltr'>(ut</span> <span class='ocrx_word' id='word_1_208' title='bbox 898 2031 1012 2084; x_wconf 85' lang='lat' dir='ltr'>tetigi</span> <span class='ocrx_word' id='word_1_209' title='bbox 1029 2031 1237 2084; x_wconf 77' lang='lat' dir='ltr'>superius)</span> <span class='ocrx_word' id='word_1_210' title='bbox 1262 2034 1525 2084; x_wconf 84' lang='lat' dir='ltr'>Augustinus</span> <span class='ocrx_word' id='word_1_211' title='bbox 1613 2022 1744 2065; x_wconf 59' lang='lat' dir='ltr'>f‘fithfffl·</span> 
     </span>
    </p>

    <p class='ocr_par' dir='ltr' id='par_1_9' title="bbox 204 2098 1524 2155">
     <span class='ocr_line' id='line_1_27' title="bbox 204 2098 1524 2155; baseline 0.005 -18"><span class='ocrx_word' id='word_1_212' title='bbox 204 2098 246 2137; x_wconf 88' lang='lat' dir='ltr'>in</span> <span class='ocrx_word' id='word_1_213' title='bbox 263 2099 436 2152; x_wconf 84' lang='lat' dir='ltr'>epistola</span> <span class='ocrx_word' id='word_1_214' title='bbox 450 2101 502 2140; x_wconf 87' lang='lat' dir='ltr'>ad</span> <span class='ocrx_word' id='word_1_215' title='bbox 512 2101 756 2140; x_wconf 83' lang='lat' dir='ltr'>Dardanum</span> <span class='ocrx_word' id='word_1_216' title='bbox 772 2115 859 2155; x_wconf 84' lang='lat' dir='ltr'>cap.</span> <span class='ocrx_word' id='word_1_217' title='bbox 878 2102 967 2154; x_wconf 78' lang='lat' dir='ltr'>XIO,</span> <span class='ocrx_word' id='word_1_218' title='bbox 981 2116 1192 2155; x_wconf 82' lang='lat' dir='ltr'>exponens</span> <span class='ocrx_word' id='word_1_219' title='bbox 1208 2103 1310 2143; x_wconf 91' lang='lat' dir='ltr'>illud</span> <span class='ocrx_word' id='word_1_220' title='bbox 1325 2103 1524 2143; x_wconf 86' lang='lat' dir='ltr'>Johannis</span> 
     </span>
    </p>

    <p class='ocr_par' dir='ltr' id='par_1_10' title="bbox 204 2169 1522 2226">
     <span class='ocr_line' id='line_1_28' title="bbox 204 2169 1522 2226; baseline 0.005 -18"><span class='ocrx_word' id='word_1_221' title='bbox 204 2169 381 2221; x_wconf 83' lang='lat' dir='ltr'>XV1110,</span> <span class='ocrx_word' id='word_1_222' title='bbox 411 2183 471 2223; x_wconf 79' lang='lat'>14,</span> <span class='ocrx_word' id='word_1_223' title='bbox 506 2171 694 2223; x_wconf 77' lang='lat' dir='ltr'>Expedit</span> <span class='ocrx_word' id='word_1_224' title='bbox 726 2178 770 2211; x_wconf 80' lang='lat' dir='ltr'>ut</span> <span class='ocrx_word' id='word_1_225' title='bbox 807 2185 917 2212; x_wconf 77' lang='lat' dir='ltr'>unus</span> <span class='ocrx_word' id='word_1_226' title='bbox 942 2173 1068 2212; x_wconf 85' lang='lat' dir='ltr'>lzomo</span> <span class='ocrx_word' id='word_1_227' title='bbox 1092 2175 1306 2213; x_wconf 80' lang='lat' dir='ltr'>moriatur</span> <span class='ocrx_word' id='word_1_228' title='bbox 1335 2188 1420 2226; x_wconf 78' lang='lat' dir='ltr'>pro</span> <span class='ocrx_word' id='word_1_229' title='bbox 1442 2188 1522 2226; x_wconf 76' lang='lat' dir='ltr'>po-</span> 
     </span>
    </p>

    <p class='ocr_par' dir='ltr' id='par_1_11' title="bbox 198 2239 1524 2297">
     <span class='ocr_line' id='line_1_29' title="bbox 198 2239 1524 2297; baseline 0.006 -21"><span class='ocrx_word' id='word_1_230' title='bbox 198 2239 305 2290; x_wconf 79' lang='lat' dir='ltr'>pulo</span> <span class='ocrx_word' id='word_1_231' title='bbox 329 2245 402 2280; x_wconf 85' lang='lat' dir='ltr'>etc.</span> <span class='ocrx_word' id='word_1_232' title='bbox 423 2240 644 2294; x_wconf 75' lang='lat' dir='ltr'>Cayphas‚</span> <span class='ocrx_word' id='word_1_233' title='bbox 661 2241 1101 2295; x_wconf 76' lang='lat' dir='ltr'>inquit,prophetavit</span> <span class='ocrx_word' id='word_1_234' title='bbox 1122 2243 1235 2296; x_wconf 80' lang='lat' dir='ltr'>quod</span> <span class='ocrx_word' id='word_1_235' title='bbox 1252 2244 1371 2284; x_wconf 71' lang='lat' dir='ltr'>Deus</span> <span class='ocrx_word' id='word_1_236' title='bbox 1395 2245 1524 2297; x_wconf 78' lang='lat' dir='ltr'>filius</span> 
     </span>
    </p>

    <p class='ocr_par' dir='ltr' id='par_1_12' title="bbox 148 2312 1522 2437">
     <span class='ocr_line' id='line_1_30' title="bbox 204 2312 1522 2367; baseline 0.005 -20"><span class='ocrx_word' id='word_1_237' title='bbox 204 2321 304 2348; x_wconf 77' lang='lat' dir='ltr'>suos</span> <span class='ocrx_word' id='word_1_238' title='bbox 319 2317 609 2364; x_wconf 77' lang='lat' dir='ltr'>congregaret</span> <span class='ocrx_word' id='word_1_239' title='bbox 623 2312 664 2350; x_wconf 83' lang='lat' dir='ltr'>in</span> <span class='ocrx_word' id='word_1_240' title='bbox 682 2313 950 2365; x_wconf 80' lang='lat' dir='ltr'>zcnzcm.Non,</span> <span class='ocrx_word' id='word_1_241' title='bbox 966 2313 1113 2367; x_wconf 85' lang='lat' dir='ltr'>inquit,</span> <span class='ocrx_word' id='word_1_242' title='bbox 1129 2315 1171 2353; x_wconf 86' lang='lat' dir='ltr'>z&#39;n</span> <span class='ocrx_word' id='word_1_243' title='bbox 1189 2315 1372 2366; x_wconf 77' lang='lat' dir='ltr'>aliquem</span> <span class='ocrx_word' id='word_1_244' title='bbox 1391 2328 1522 2354; x_wconf 75' lang='lat' dir='ltr'>imum</span> 
     </span>
     <span class='ocr_line' id='line_1_31' title="bbox 148 2379 1521 2437; baseline 0.005 -20"><span class='ocrx_word' id='word_1_245' title='bbox 148 2389 190 2422; x_wconf 82' lang='lat'>30</span> <span class='ocrx_word' id='word_1_246' title='bbox 206 2379 343 2418; x_wconf 84' lang='lat' dir='ltr'>locum</span> <span class='ocrx_word' id='word_1_247' title='bbox 377 2381 664 2432; x_wconf 78' lang='lat' dir='ltr'>corporalem,</span> <span class='ocrx_word' id='word_1_248' title='bbox 697 2381 772 2422; x_wconf 80' lang='lat' dir='ltr'>sed</span> <span class='ocrx_word' id='word_1_249' title='bbox 793 2384 1080 2436; x_wconf 74' lang='lat' dir='ltr'>congregavit</span> <span class='ocrx_word' id='word_1_250' title='bbox 1101 2384 1141 2423; x_wconf 90' lang='lat' dir='ltr'>in</span> <span class='ocrx_word' id='word_1_251' title='bbox 1167 2397 1298 2423; x_wconf 83' lang='lat' dir='ltr'>unum</span> <span class='ocrx_word' id='word_1_252' title='bbox 1323 2386 1521 2437; x_wconf 71' lang='lat' dir='ltr'>spiritum</span> 
     </span>
    </p>

    <p class='ocr_par' dir='ltr' id='par_1_13' title="bbox 204 2452 1523 2505">
     <span class='ocr_line' id='line_1_32' title="bbox 204 2452 1523 2505; baseline 0.005 -16"><span class='ocrx_word' id='word_1_253' title='bbox 204 2455 243 2489; x_wconf 83' lang='lat' dir='ltr'>et</span> <span class='ocrx_word' id='word_1_254' title='bbox 276 2462 408 2489; x_wconf 80' lang='lat' dir='ltr'>unum</span> <span class='ocrx_word' id='word_1_255' title='bbox 443 2463 601 2502; x_wconf 78' lang='lat' dir='ltr'>corpus</span> <span class='ocrx_word' id='word_1_256' title='bbox 633 2452 754 2491; x_wconf 81' lang='lat' dir='ltr'>cuius</span> <span class='ocrx_word' id='word_1_257' title='bbox 787 2465 917 2492; x_wconf 82' lang='lat' dir='ltr'>unum</span> <span class='ocrx_word' id='word_1_258' title='bbox 953 2459 1082 2505; x_wconf 78' lang='lat' dir='ltr'>caput</span> <span class='ocrx_word' id='word_1_259' title='bbox 1114 2460 1173 2493; x_wconf 79' lang='lat' dir='ltr'>est</span> <span class='ocrx_word' id='word_1_260' title='bbox 1216 2453 1421 2494; x_wconf 78' lang='lat' dir='ltr'>Christus.</span> <span class='ocrx_word' id='word_1_261' title='bbox 1462 2457 1523 2495; x_wconf 81' lang='lat' dir='ltr'>Ex</span> 
     </span>
    </p>
   </div>
   <div class='ocr_carea' id='block_1_9' title="bbox 205 2521 1521 2573">
    <p class='ocr_par' dir='ltr' id='par_1_14' title="bbox 205 2521 1521 2573">
     <span class='ocr_line' id='line_1_33' title="bbox 205 2521 1521 2573; baseline 0.006 -16"><span class='ocrx_word' id='word_1_262' title='bbox 205 2532 290 2572; x_wconf 88' lang='lat' dir='ltr'>quo</span> <span class='ocrx_word' id='word_1_263' title='bbox 323 2528 436 2571; x_wconf 86' lang='lat' dir='ltr'>patet</span> <span class='ocrx_word' id='word_1_264' title='bbox 468 2521 584 2573; x_wconf 88' lang='lat' dir='ltr'>quod</span> <span class='ocrx_word' id='word_1_265' title='bbox 622 2521 759 2561; x_wconf 85' lang='lat' dir='ltr'>unitas</span> <span class='ocrx_word' id='word_1_266' title='bbox 801 2532 940 2562; x_wconf 88' lang='lat' dir='ltr'>sancte</span> <span class='ocrx_word' id='word_1_267' title='bbox 978 2523 1120 2562; x_wconf 88' lang='lat' dir='ltr'>matris</span> <span class='ocrx_word' id='word_1_268' title='bbox 1161 2524 1329 2564; x_wconf 89' lang='lat' dir='ltr'>ecclesie</span> <span class='ocrx_word' id='word_1_269' title='bbox 1363 2534 1441 2565; x_wconf 89' lang='lat' dir='ltr'>stat</span> <span class='ocrx_word' id='word_1_270' title='bbox 1479 2526 1521 2565; x_wconf 87' lang='lat' dir='ltr'>in</span> 
     </span>
    </p>
   </div>
   <div class='ocr_carea' id='block_1_10' title="bbox 205 2655 1519 2785">
    <p class='ocr_par' dir='ltr' id='par_1_15' title="bbox 205 2655 1519 2785">
     <span class='ocr_line' id='line_1_34' title="bbox 262 2655 1519 2699; baseline 0.007 -18"><span class='ocrx_word' id='word_1_271' title='bbox 262 2662 303 2682; x_wconf 79' lang='lat'>22.</span> <span class='ocrx_word' id='word_1_272' title='bbox 325 2655 385 2682; x_wconf 85' lang='lat' dir='ltr'>AB</span> <span class='ocrx_word' id='word_1_273' title='bbox 407 2655 436 2683; x_wconf 86' lang='lat' dir='ltr'>in</span> <span class='ocrx_word' id='word_1_274' title='bbox 462 2658 631 2693; x_wconf 81' lang='lat' dir='ltr'>marg.:De</span> <span class='ocrx_word' id='word_1_275' title='bbox 650 2657 788 2686; x_wconf 87' lang='lat' dir='ltr'>Romana</span> <span class='ocrx_word' id='word_1_276' title='bbox 798 2659 936 2687; x_wconf 77' lang='lat' dir='ltr'>ecclesia.</span> <span class='ocrx_word' id='word_1_277' title='bbox 950 2661 978 2687; x_wconf 93' lang='lat' dir='ltr'><strong>A</strong></span> <span class='ocrx_word' id='word_1_278' title='bbox 998 2660 1028 2688; x_wconf 88' lang='lat' dir='ltr'>in</span> <span class='ocrx_word' id='word_1_279' title='bbox 1049 2669 1145 2696; x_wconf 79' lang='lat' dir='ltr'>marg.</span> <span class='ocrx_word' id='word_1_280' title='bbox 1159 2661 1312 2689; x_wconf 81' lang='lat' dir='ltr'>:Romana</span> <span class='ocrx_word' id='word_1_281' title='bbox 1322 2663 1451 2689; x_wconf 86' lang='lat' dir='ltr'>ecclesia</span> <span class='ocrx_word' id='word_1_282' title='bbox 1465 2667 1519 2699; x_wconf 82' lang='lat' dir='ltr'>est,</span> 
     </span>
     <span class='ocr_line' id='line_1_35' title="bbox 205 2702 1519 2745; baseline 0.007 -17"><span class='ocrx_word' id='word_1_283' title='bbox 205 2702 380 2738; x_wconf 85' lang='lat' dir='ltr'>ubicunque</span> <span class='ocrx_word' id='word_1_284' title='bbox 408 2708 478 2731; x_wconf 86' lang='lat' dir='ltr'>sunt</span> <span class='ocrx_word' id='word_1_285' title='bbox 507 2704 621 2732; x_wconf 78' lang='lat' dir='ltr'>fideles.</span> <span class='ocrx_word' id='word_1_286' title='bbox 695 2707 741 2734; x_wconf 81' lang='lat'>26.</span> <span class='ocrx_word' id='word_1_287' title='bbox 772 2707 805 2733; x_wconf 86' lang='lat' dir='ltr'>In</span> <span class='ocrx_word' id='word_1_288' title='bbox 839 2707 930 2735; x_wconf 82' lang='lat' dir='ltr'>codd.</span> <span class='ocrx_word' id='word_1_289' title='bbox 960 2708 1039 2736; x_wconf 82' lang='lat' dir='ltr'>AB:</span> <span class='ocrx_word' id='word_1_290' title='bbox 1070 2715 1136 2744; x_wconf 84' lang='lat' dir='ltr'>cap.</span> <span class='ocrx_word' id='word_1_291' title='bbox 1159 2707 1253 2736; x_wconf 86' lang='lat' dir='ltr'>XVII.</span> <span class='ocrx_word' id='word_1_292' title='bbox 1278 2710 1317 2745; x_wconf 76' lang='grc' dir='ltr'>Α1</span> <span class='ocrx_word' id='word_1_293' title='bbox 1338 2709 1470 2737; x_wconf 79' lang='lat' dir='ltr'>correxit</span> <span class='ocrx_word' id='word_1_294' title='bbox 1490 2710 1519 2736; x_wconf 88' lang='lat' dir='ltr'>in</span> 
     </span>
     <span class='ocr_line' id='line_1_36' title="bbox 207 2749 798 2785; baseline 0.007 -10"><span class='ocrx_word' id='word_1_295' title='bbox 207 2749 362 2784; x_wconf 81' lang='lat' dir='ltr'>margine:</span> <span class='ocrx_word' id='word_1_296' title='bbox 385 2749 436 2776; x_wconf 85' lang='lat' dir='ltr'>XI.</span> <span class='ocrx_word' id='word_1_297' title='bbox 510 2758 554 2785; x_wconf 46' lang='lat'>272</span> <span class='ocrx_word' id='word_1_298' title='bbox 578 2752 696 2780; x_wconf 83' lang='lat' dir='ltr'>Codd.:</span> <span class='ocrx_word' id='word_1_299' title='bbox 717 2753 798 2781; x_wconf 85' lang='lat' dir='ltr'><strong>XIX.</strong></span> 
     </span>
    </p>
   </div>
   <div class='ocr_carea' id='block_1_11' title="bbox 268 2868 841 2915">
    <p class='ocr_par' dir='ltr' id='par_1_16' title="bbox 268 2868 841 2915">
     <span class='ocr_line' id='line_1_37' title="bbox 268 2868 841 2915; baseline 0.007 -16"><span class='ocrx_word' id='word_1_300' title='bbox 268 2878 320 2910; x_wconf 85' lang='lat'>27.</span> <span class='ocrx_word' id='word_1_301' title='bbox 348 2868 439 2913; x_wconf 82' lang='lat' dir='ltr'>Opp.</span> <span class='ocrx_word' id='word_1_302' title='bbox 466 2871 554 2912; x_wconf 82' lang='lat' dir='ltr'>Aug.</span> <span class='ocrx_word' id='word_1_303' title='bbox 582 2878 667 2903; x_wconf 83' lang='lat' dir='ltr'>tom.</span> <span class='ocrx_word' id='word_1_304' title='bbox 694 2872 733 2911; x_wconf 88' lang='grc' dir='ltr'>ΙΙ,</span> <span class='ocrx_word' id='word_1_305' title='bbox 761 2871 841 2915; x_wconf 69' lang='lat'>¹390.</span> 
     </span>
    </p>
   </div>
  </div>
 </body>
</html>
