2051 3273
198 230 287 259 CAP.
307 219 406 279 xm]
686 234 746 265 DE
772 233 1008 266 ECCLEsm.

98 348 134 382 Y
161 339 337 381 bAdam
380 338 553 378 muliere
600 337 777 378 formata
822 351 868 377 ex
913 351 961 377 eo
1001 337 1087 377 sine
1126 337 1250 390 priori
1292 345 1506 377 contractu

112 405 350 450 189⁶mutuo
383 409 434 447 ad
466 422 696 460 assensum,
731 407 787 447 sic
820 407 981 460 primus
1004 408 1143 447 Adam
1166 408 1402 447 secundum
1425 407 1509 446 dei-

201 487 329 517 tatem
380 491 428 517 ex
482 477 632 517 eternis
676 477 911 516 racionibus
963 477 1270 530 exemplaribus
1317 475 1511 515 formavit

201 548 243 586 in
274 547 483 600 principio
518 547 667 586 mundi
701 547 831 587 eciam
865 547 1082 587 ecclesiam
1121 546 1208 586 sine
1240 546 1380 599 previa
1412 559 1509 585 con-

167 625 183 657 5
201 616 455 656 sideracione
471 630 698 656 consensus
714 616 927 668 meritorii,
945 616 1041 670 quia
1059 618 1121 666 (ut
1137 615 1234 655 dicit
1249 615 1511 669 Augustinus

201 686 472 725 Enchiridion
517 684 650 738 LV10)
690 686 865 726 ecclesia
918 687 1079 726 celestis
1122 698 1290 738 semper
1333 699 1386 725 ex
1430 698 1512 738 quo

201 755 366 795 condita
400 762 460 795 est
491 756 645 796 cohesit
676 755 856 797 domino.
909 756 1019 795 Nam
1050 764 1137 795 tam
1169 757 1340 809 angelus
1385 769 1513 809 quam

201 825 332 864 homo
357 825 570 865 creabatur
595 826 637 864 in
660 825 796 877 gracia
829 824 1099 878 gratificante,
1132 825 1338 878 posterius
1371 835 1512 865 autem

202 894 244 933 in
295 894 556 947 plenitudine
611 895 813 947 temporis
872 894 1068 934 formavit
1126 894 1343 934 ecclesiam
1395 909 1513 934 suam

150 981 188 1003 10
204 964 447 1004 humanitus
480 978 561 1018 que
593 978 666 1017 per
703 965 836 1004 multa
868 964 998 1004 millia
1030 978 1240 1004 annorum
1278 964 1355 1004 fuit
1386 964 1514 1017 prius,

204 1034 306 1072 dum
340 1034 551 1073 dormiens
584 1034 626 1073 in
659 1047 778 1074 cruce
811 1043 1005 1074 mortuus
1039 1033 1133 1074 fecit
1165 1048 1258 1073 eam
1284 1033 1515 1074 formosam

204 1119 251 1145 ex
283 1105 496 1158 principiis
531 1120 624 1145 eam
659 1106 978 1157 mundantibus,
1024 1105 1174 1145 virtute
1214 1119 1397 1159 quorum
1429 1113 1517 1144 tota

208 1175 322 1229 prior
354 1175 537 1227 ecclesia,
572 1175 677 1216 sicut
710 1185 749 1216 et
782 1176 952 1216 ecclesia
985 1189 1166 1229 sequens
1199 1174 1357 1228 accepit
1387 1174 1517 1214 vitam

206 1245 465 1299 spiritualem
498 1254 536 1285 et
575 1246 935 1299 pulchritudinem
979 1245 1060 1285 vite
1093 1244 1270 1285 naturali
1317 1245 1514 1297 superad-

153 1315 348 1355 15ditam.
395 1315 448 1354 Et
482 1315 587 1355 sicut
620 1324 754 1368 preter
786 1315 1004 1355 materiam
1036 1323 1149 1354 coste
1181 1315 1320 1354 Adam
1352 1323 1518 1367 oportet

207 1385 476 1438 multiplicari
499 1385 778 1438 spiritualiter,
807 1386 905 1438 quia
928 1384 1177 1424 miraculose
1200 1384 1320 1423 nobis
1346 1385 1517 1424 abscon-

209 1454 290 1494 dite
335 1454 459 1494 aliam
506 1455 724 1495 materiam
774 1469 821 1494 ex
878 1455 1028 1508 quibus
1078 1453 1346 1493 constituitur
1391 1463 1520 1493 mater

208 1525 308 1576 Eva,
354 1525 408 1564 sic
453 1524 735 1578 principaliter
776 1524 1037 1564 mundiciam
1083 1524 1148 1563 vel
1190 1523 1389 1564 virtutem
1429 1537 1517 1563 cor-

208 1594 395 1648 poralem
456 1594 669 1647 sanguinis
729 1603 768 1634 et
819 1607 925 1648 aque
977 1593 1284 1646 redempcionis
1337 1593 1520 1633 humane

152 1680 192 1702 20
209 1672 377 1717 oportet
432 1664 527 1703 dare
577 1663 829 1716 ampliorem
874 1663 1134 1716 spiritualem
1178 1663 1440 1702 mundiciam
1484 1673 1521 1703 et

208 1734 407 1774 virtutem
446 1747 493 1772 ex
526 1733 581 1773 eis
615 1733 864 1787 originatam
896 1747 977 1787 que
1012 1747 1053 1772 se
1086 1733 1273 1773 extendit
1305 1734 1356 1772 ad
1388 1742 1521 1773 totam

210 1803 427 1843 ecclesiam
460 1804 699 1856 preteritam
732 1813 771 1843 et
805 1803 1010 1855 futuram,
1050 1804 1121 1842 sed
1154 1804 1301 1856 procul
1334 1803 1521 1856 undique

210 1873 291 1913 hoc
323 1887 533 1912 venenum
578 1873 837 1926 pestiferum,
886 1882 931 1912 ut
975 1874 1164 1912 credatur
1207 1882 1301 1912 ante
1341 1882 1523 1913 mortem

212 1942 363 1983 Christi
396 1957 481 1983 non
515 1943 640 1982 fuisse
673 1943 902 1993 ecclesiam,
951 1944 1025 1982 sed
1057 1942 1273 1982 Christum
1307 1956 1405 1982 cum
1439 1943 1521 1982 suis

154 2019 193 2052 25
212 2013 413 2065 apostolis
447 2012 572 2053 fuisse
604 2012 757 2052 viando
791 2013 1065 2052 solummodo
1099 2026 1370 2066 synagogam.

729 2257 853 2297 CAP.
886 2257 994 2298 XIX.

61 2363 196 2410 ΑιὸςῃΕἰ
269 2361 544 2414 ssSupposito
591 2376 639 2401 ex
682 2361 762 2400 fide
806 2361 1006 2414 scripture
1040 2360 1249 2400 elaborata
1300 2375 1322 2400 a
1375 2361 1524 2401 sanctis

1712 234 1789 274 441

1556 765 1622 793 The
1649 765 1772 793 Churcli

1550 809 1613 827 was
1634 800 1715 828 from
1735 799 1784 827 the

1546 835 1609 863 first
1632 835 1662 862 in
1684 842 1783 869 grace,

1539 871 1592 897 but
1613 870 1753 897 received
1775 878 1790 895 a

1556 913 1624 932 new
1644 905 1731 940 glory
1751 908 1780 931 at

1530 940 1579 967 the
1611 939 1801 967 crucifixion.

1567 2379 1716 2407 VVhether
1737 2380 1787 2407 the

1582 2414 1764 2442 foreknown

212 2431 453 2471 doctoribus
512 2432 628 2485 quod
686 2431 824 2471 solum
882 2430 1150 2484 predestinati
1203 2431 1284 2470 sint
1336 2431 1610 2476 membrahoffl
1631 2449 1812 2477 ordersand

213 2510 350 2541 sancte
395 2501 537 2541 matris
583 2500 766 2552 ecclesie,
806 2509 932 2540 restat
965 2500 1245 2540 dubitandum
1277 2501 1448 2541 ulterius
1492 2501 1525 2540 si

265 2673 293 2700 6.
314 2671 347 2699 In
363 2672 472 2700 codd.:
492 2671 693 2699 Euchiridion
714 2671 821 2699 LXIV.
926 2679 966 2699 ιο.
986 2671 1014 2699 A
1035 2671 1065 2698 in
1088 2678 1203 2706 marg:
1224 2670 1315 2699 Nota.
1430 2679 1462 2698 11.
1485 2672 1523 2699 B:

215 2718 373 2746 dormiens
403 2719 497 2746 deest.
640 2718 682 2745 25.
721 2718 765 2745 A:
799 2726 1001 2754 synagogam.
1040 2717 1186 2753 Sequitur
1214 2717 1320 2752 lingua
1340 2717 1524 2745 Bohemica:

215 2765 408 2801 Hospodyne
420 2764 615 2801 mylostywy,
630 2772 698 2792 racz
710 2764 863 2800 hrzyechy
875 2768 985 2800 starey
998 2772 1084 2791 noxve
1096 2764 1273 2800 odpustyty.
1288 2765 1320 2791 ld
1333 2763 1525 2792 est:Mise1·i-

217 2819 288 2839 cors
308 2810 443 2844 domine,
472 2811 624 2838 dimittere
644 2810 781 2845 digneris
803 2810 893 2837 nobis
914 2814 1039 2846 peccata
1063 2814 1161 2838 vetera
1182 2818 1238 2838 nec
1258 2818 1320 2838 non
1342 2810 1522 2839 recentiora.

215 2865 261 2893 29.
282 2858 311 2885 A
330 2858 361 2885 in
382 2865 498 2893 marg.:
519 2857 629 2885 Utrum
654 2856 778 2893 presciti
800 2861 908 2892 gerant
928 2857 1053 2884 ordines
1075 2862 1102 2884 et
1124 2856 1223 2884 officia
1245 2856 1381 2885 ecclesie.

1565 2484 1670 2512 offices
1690 2484 1721 2511 in
1741 2484 1790 2511 the

1609 2518 1743 2547 Cliurcii.
