2051 3273
226 223 308 272 524
953 230 1177 262 *IOHANNIS
1207 230 1406 262 WYCLIF.
1616 216 1720 275 [CAP-
1740 228 1835 257 XX11-

230 345 472 388 ,Tilewaecretal
514 336 761 385 intercedat,
791 348 872 374 non
907 341 1049 374 tamen
1074 347 1159 387 pro
1194 334 1337 387 impiis
1368 334 1580 389 (quamvis
1612 336 1834 376 christiani
1848 345 1985 381 zoobD

221 382 703 458 xofflasziffigggfuerint)
751 404 835 444 tale
880 404 985 457 quid
1026 417 1160 457 agere
1206 404 1356 444 licebit.
1413 405 1549 457 Super
1598 418 1684 458 quo
1732 406 1834 445 dicit

246 450 474 512 ἃιῖῗοῗέἒῗεῗὲΐ
516 475 662 514 eadem
698 475 856 526 glossa:
903 474 948 513 Si
985 480 1048 514 est
1083 473 1258 514 evidens
1297 474 1486 527 aliquem
1524 473 1756 515 decessisse
1789 476 1831 515 in

248 521 339 547 when
361 520 471 547 drunk.
512 544 698 595 mortali,
734 550 780 583 ut
811 557 905 583 cum
941 544 1037 596 quis
1068 543 1294 597 suspendit
1322 556 1368 583 se
1399 545 1467 583 vel
1490 545 1722 597 precipitat
1758 552 1836 585 aut

510 613 595 652 ulio
627 613 753 653 modo
787 626 832 653 se
871 613 1081 666 interficit,
1105 626 1192 666 pro
1226 626 1272 653 eo
1305 626 1389 653 non
1427 620 1488 653 est
1525 614 1754 664 orandum,
1789 621 1867 657 ut5

507 681 702 734 XXIII&
728 696 765 736 q.
798 681 864 732 VH,
881 683 1058 730 Placuit,
1076 689 1114 722 et
1136 696 1172 736 q.
1197 681 1336 731 VIIF,
1368 683 1617 736 Quicunque
1639 684 1832 724 clericus.

509 752 640 792 Secus
672 760 748 801 est,
781 753 819 792 si
849 759 913 792 est
944 752 1143 791 dubium:
1184 752 1298 792 unde
1329 765 1415 805 pro
1448 754 1587 792 occiso
1619 753 1661 792 in
1695 753 1831 794 ebrie-

508 828 592 862 tate
621 835 705 862 non
735 829 890 862 oratur
919 820 986 876 (ut
1010 822 1183 872 Extra„
1211 822 1278 861 De
1296 822 1518 875 Reliquiis,
1540 822 1832 875 Audivimus).

510 892 745 941 Quomodo
781 905 915 946 queso
949 892 1256 932 ordinarentur
1290 902 1354 932 tot
1385 893 1497 942 leges
1521 893 1574 931 ad
1599 906 1683 932 non
1708 907 1829 933 oran-

512 964 614 1002 dum
651 977 730 1016 pro
765 972 937 1003 mortuo
978 963 1020 1002 in
1060 963 1232 1002 mortali
1272 963 1510 1002 secundum
1544 963 1832 1016 suspicionem
1851 983 1891 1004 10

510 1032 744 1083 fallibilem,
779 1033 813 1072 si
838 1033 1041 1072 debemus
1066 1033 1304 1086 specialiter
1334 1046 1455 1071 orare
1487 1046 1565 1086 pro
1598 1032 1669 1072 illo
1702 1046 1830 1085 quem

510 1103 666 1141 scimus
708 1102 990 1155 dampnatum
1030 1100 1263 1156 perpetuo?
1303 1103 1367 1141 vel
1412 1102 1632 1155 quomodo
1671 1102 1832 1156 specifi-

510 1181 623 1211 caret
646 1173 820 1211 ecclesia
846 1172 1088 1212 oracionem
1113 1186 1190 1226 pro
1215 1172 1395 1211 mortuis
1419 1172 1460 1211 in
1484 1172 1611 1211 missa
1629 1172 1829 1212 dicendo:

510 1243 724 1282 illemento
771 1242 942 1282 domine
967 1242 1250 1296 famulorum
1290 1249 1462 1282 tuorum
1507 1243 1580 1295 qui
1619 1255 1696 1282 nos
1731 1257 1831 1296 pre-

509 1318 731 1352 cesserunt
775 1325 871 1352 cum
917 1313 1041 1366 signo
1069 1312 1180 1366 fidei
1218 1319 1256 1352 et
1299 1313 1523 1352 dormiunt
1564 1313 1607 1352 in
1653 1321 1888 1366 sonzpno15

501 1382 640 1434 pacis,
676 1382 709 1421 si
742 1382 994 1434 generaliter
1016 1383 1225 1421 orandum
1252 1392 1312 1421 est
1335 1396 1413 1435 pro
1446 1382 1525 1422 illis
1559 1383 1714 1435 quibus
1749 1397 1829 1436 pax

510 1465 557 1490 ex
582 1452 866 1504 perpetuitate
888 1453 1046 1492 vermis
1071 1452 1332 1491 consciencie
1357 1460 1418 1491 est
1440 1451 1831 1505 incompossibilis?

218 1528 393 1565 Auginum
424 1530 493 1556 ask>-
568 1521 685 1573 Item,
733 1522 1002 1574 Augustinus
1033 1522 1151 1560 XX10
1191 1521 1253 1560 De
1288 1521 1471 1561 Civitate
1512 1522 1604 1573 Dei,
1646 1522 1878 1575 capituloE

248 1569 460 1633 ἰῖῑζζῗῑὲῗηξέ
509 1590 680 1641 XX1V0‚
713 1600 896 1631 tractans
920 1591 1045 1631 istam
1071 1592 1248 1630 eandem
1282 1592 1504 1631 materiam
1537 1592 1658 1644 ponit
1689 1592 1829 1645 primo

240 1633 476 1730 aggitssggfigssgy-
510 1661 749 1700 evidencias
791 1661 1097 1714 discipulorum
1140 1661 1338 1713 Origenis
1380 1662 1656 1714 arguencium
1701 1663 1735 1701 si
1781 1676 1829 1702 ex
1847 1681 1888 1702 20

395 1726 400 1731 ”
508 1740 712 1783 precepto
759 1731 922 1770 domini
967 1731 1162 1770 homines
1205 1732 1362 1771 debent
1400 1732 1441 1770 in
1481 1731 1549 1770 via
1582 1732 1756 1784 diligere
1789 1742 1830 1772 et

510 1813 629 1839 orare
658 1813 737 1853 pro
761 1801 942 1840 inimicis
977 1801 1042 1854 (ut
1064 1810 1183 1854 patet
1207 1801 1367 1840 Mathei
1389 1799 1487 1856 V⁰):
1523 1802 1659 1840 multo
1693 1803 1827 1854 magis

509 1870 620 1910 beati
652 1870 694 1909 in
729 1869 879 1909 maiori
914 1871 1089 1910 caritate
1122 1871 1217 1924 plus
1244 1871 1504 1910 exaudibiles
1537 1871 1718 1911 orabant
1749 1886 1827 1925 pro

506 1940 585 1979 illis
630 1941 846 1990 continue,
889 1951 927 1980 et
966 1955 1044 1993 per
1084 1954 1348 1994 consequens
1394 1950 1564 1994 oportet
1597 1942 1712 1995 quod
1746 1942 1829 1982 sint

507 2010 688 2050 finaliter
713 2011 910 2050 exauditi.
946 2010 1071 2050 Unde
1105 2020 1239 2050 totam
1267 2011 1521 2063 scripturam
1547 2011 1598 2049 de
1623 2011 1828 2065 dampna·
1845 2021 1886 2055 25

507 2082 626 2120 cione
671 2090 877 2134 perpetua
923 2081 1113 2132 glossant
1158 2080 1274 2133 quod
1318 2080 1510 2121 homines
1564 2080 1687 2134 digni
1728 2090 1830 2122 sunt

498 2152 596 2204 pati
618 2151 736 2200 talia,
765 2151 801 2190 si
823 2163 906 2190 non
930 2151 1034 2190 assit
1055 2150 1139 2190 Dei
1161 2149 1470 2198 misericordia,
1490 2164 1572 2190 non
1596 2152 1827 2204 (inquiunt)

505 2220 618 2274 quod
649 2221 823 2273 passuri
861 2227 964 2260 sunt
1001 2220 1122 2269 talia,
1167 2220 1243 2259 sed
1278 2221 1389 2260 sicut
1427 2234 1548 2260 nemo
1585 2234 1690 2261 sane
1712 2221 1827 2274 fidei

505 2292 583 2330 lzoc
616 2290 736 2339 dixit,
768 2290 829 2329 sic
864 2302 940 2328 nec
970 2290 1167 2329 dicturus
1189 2296 1264 2330 est.
1284 2290 1499 2343 Alioquin,
1521 2290 1675 2344 inquit,
1701 2292 1825 2332 nulla

491 2360 619 2413 foret
650 2373 764 2399 nunc
796 2372 944 2409 causa,
978 2373 1058 2399 cur
1090 2373 1172 2399 non
1207 2360 1338 2399 eciam
1374 2373 1489 2400 nunc
1512 2373 1598 2413 pro
1637 2360 1824 2413 dyabolo
1841 2370 1884 2402 30

557 2527 582 2546 2.
616 2519 649 2546 In
671 2519 780 2546 codd:
815 2519 874 2546 tale
900 2519 930 2546 in
958 2519 1041 2555 quid.
1186 2518 1211 2547 3.
1245 2519 1279 2547 In
1301 2520 1413 2547 codd.:
1445 2520 1560 2555 glossa.
1599 2520 1654 2548 Est
1684 2521 1822 2549 evidens.

507 2566 633 2594 Correxi
654 2574 669 2593 e
687 2570 770 2593 textu
791 2566 914 2600 glossae
939 2564 1013 2598 (Pro
1035 2566 1149 2601 impiis)
1169 2566 1207 2593 ad
1228 2574 1311 2593 caus.
1333 2566 1413 2602 Xffl,
1435 2574 1463 2602 q.
1484 2566 1521 2593 Π.
1550 2565 1612 2594 Pro
1632 2567 1822 2595 obeuntibus.

504 2613 596 2640 ibid.:
618 2612 799 2647 suspendat.
819 2612 949 2640 Correxi
964 2620 978 2639 e
992 2617 1075 2639 textu
1089 2613 1222 2647 glossae.
1238 2611 1319 2640 Vide
1334 2612 1499 2641 Decretum
1515 2612 1654 2641 Gratiani
1676 2622 1737 2641 una
1752 2622 1822 2641 cum

505 2658 619 2694 glossis
648 2657 768 2692 (venet.
792 2657 874 2692 1505>
900 2666 970 2693 pag.
992 2656 1058 2693 973.
1203 2657 1244 2686 18.
1270 2660 1300 2686 A
1319 2659 1350 2686 in
1372 2667 1486 2694 marg.:
1513 2657 1744 2694 Argumentum
1767 2667 1823 2694 pro

505 2705 683 2732 salvacione
703 2705 854 2732 omnium.
997 2704 1038 2731 18.
1058 2703 1093 2732 In
1114 2704 1220 2732 codd.:
1245 2704 1331 2732 XXII
1351 2705 1388 2732 de
1407 2705 1529 2733 civitate
1548 2705 1604 2733 Dei
1623 2713 1690 2740 cap.
1711 2705 1822 2734 XXIII.

504 2751 547 2779 23.
567 2751 603 2778 In
623 2751 733 2778 codd.:
755 2751 872 2778 orabat.

570 2856 618 2888 18.
647 2859 733 2898 Aug.
761 2856 853 2899 Opp.
880 2864 964 2888 tom.
991 2857 1063 2896 VH,
1089 2866 1168 2899 pag.
1195 2855 1274 2898 641,
1301 2856 1378 2899 642.
