2051 3343
227 245 399 304 CAP.111.]
728 258 787 290 DE
813 257 1050 290 ECCLEsm.

74 377 111 410 Ν
136 376 212 409 136,c
226 364 356 403 solide
396 371 492 416 post
529 361 710 414 primam
749 361 1018 401 sanacionem
1050 360 1092 399 in
1124 359 1297 399 sanitate
1336 369 1536 412 perpetua

226 433 407 474 stabiliti.
453 432 513 472 Illi
558 440 701 472 autem
744 431 814 485 qui
860 440 957 471 sunt
988 431 1095 471 intra
1127 430 1280 470 dictam
1319 430 1536 470 ecclesiam

226 517 313 543 non
346 511 392 542 ut
423 510 573 555 parteS‚
606 510 703 541 sunt
733 502 776 540 in
809 502 940 553 gradu
974 499 1143 553 duplici,
1188 508 1234 539 ut
1277 499 1448 552 quidam
1493 499 1535 537 in

227 586 301 612 sua
344 571 575 611 infidelitati
620 579 824 624 perpetuo
869 578 1162 623 permanentes
1206 569 1278 622 qui
1316 582 1537 621 nunquam

195 654 212 688 5
226 650 470 695 receperunt
492 641 704 680 caritatem
725 641 790 680 vel
810 640 1006 694 graciam.
1031 640 1083 679 Et
1114 639 1171 678 hii
1201 647 1298 678 sunt
1319 647 1537 691 tamquam

227 714 296 750 a'e'r
338 720 410 751 aut
452 720 600 751 ventus
647 711 690 749 in
732 711 919 762 homine,
951 710 994 749 in
1027 723 1156 763 quem
1199 722 1424 762 nunquam
1457 708 1539 761 egit

226 794 325 820 suus
371 781 482 821 calor
524 780 735 821 naturalis.
782 780 852 820 Hii
899 788 1041 819 autem
1080 779 1165 819 sive
1198 778 1415 818 commixti
1459 777 1539 817 sint

224 850 409 890 localiter
451 851 536 890 sive
583 850 723 890 solum
762 849 805 888 in
842 862 992 902 genere
1035 849 1238 900 humano,
1278 856 1456 901 prosunt
1486 848 1538 886 ad

225 919 484 972 refrigerium
510 928 650 959 sancte
672 919 814 959 matris
838 918 1018 959 ecclesie.
1053 917 1123 957 Hii
1147 926 1289 957 autem
1312 925 1409 956 sunt
1431 926 1537 957 tam-

170 1011 209 1033 10
224 1003 354 1043 quam
378 990 682 1043 superfluitates
713 989 791 1029 cibi
820 989 963 1042 sponsi
988 988 1157 1028 ecclesie
1180 988 1251 1041 qui
1274 986 1540 1040 spiritualiter

224 1059 371 1113 digerit
403 1059 706 1113 predestinatos
742 1068 780 1099 et
812 1059 985 1098 demum
1018 1057 1229 1097 assimilat.

176 1139 208 1173 Ο
281 1131 334 1170 Et
350 1130 425 1169 iste
444 1139 503 1169 est
521 1130 636 1169 cibus
655 1131 704 1169 de
720 1143 806 1183 quo
824 1128 1012 1182 loquitur
1027 1128 1216 1168 Christus
1231 1126 1430 1167 Johannis
1446 1126 1537 1178 IV0,

229 1200 302 1238 32:
332 1199 428 1253 Ego
460 1200 597 1238 cibum
631 1199 765 1238 haheo
800 1199 1068 1238 manducare
1101 1211 1222 1250 quem
1249 1210 1322 1237 vos
1355 1197 1536 1236 nescitis.

224 1269 345 1309 Unde
377 1268 587 1322 superflua
608 1269 718 1308 illius
743 1269 821 1309 cibi
844 1278 941 1308 sunt
964 1267 1114 1307 infecta
1137 1266 1306 1320 duplici,
1341 1275 1387 1306 ut
1408 1265 1535 1319 aliqui

171 1347 322 1382 15sunt
360 1338 401 1377 in
442 1339 661 1378 stomacho
701 1347 841 1378 sancte
878 1337 1022 1377 matris
1063 1336 1233 1376 ecclesie
1271 1336 1421 1388 recepti
1465 1349 1537 1388 per

133 1417 210 1452 136d
223 1408 404 1461 graciam
426 1410 661 1448 secundum
684 1417 918 1462 presentem
943 1407 1164 1457 iusticiam,
1180 1404 1206 1432 ³³²
1224 1406 1295 1445 sed
1319 1420 1365 1445 ex
1388 1419 1535 1445 eorum

223 1478 403 1531 ypocrisi
435 1481 499 1518 vel
533 1478 664 1518 heresi
697 1492 782 1518 non
816 1486 914 1517 sunt
947 1486 1117 1530 propter
1139 1476 1538 1516 abhominacionem

226 1547 401 1586 caritatis
435 1548 644 1600 operantis
687 1547 849 1601 digesti,
895 1548 966 1586 sed
997 1546 1039 1585 in
1071 1547 1147 1585 hac
1179 1546 1263 1585 vita
1294 1544 1542 1585 sensibiliter

225 1617 471 1669 evomendi;
504 1618 554 1656 de
587 1618 739 1671 quibus
772 1617 961 1670 loquitur
992 1616 1159 1669 spiritus
1184 1624 1350 1655 sanctus
1372 1618 1540 1667 Apoca-

168 1707 209 1730 20
222 1686 351 1739 lypsis
373 1687 459 1738 1110,
499 1688 564 1727 16:
589 1689 736 1740 Neque
770 1687 936 1726 calidus
966 1700 1010 1727 es
1043 1699 1176 1738 neque
1196 1685 1414 1739 frigidus,
1448 1684 1539 1724 ideo

223 1755 424 1808 incipiam
465 1763 502 1796 te
541 1770 736 1797 evomere
768 1757 821 1796 de
858 1770 932 1797 ore
969 1769 1073 1797 meo,
1107 1756 1230 1795 Tales
1263 1764 1404 1795 autem
1443 1763 1542 1794 sunt

225 1824 310 1864 sive
343 1826 476 1865 clerici
510 1826 595 1866 sive
627 1826 718 1866 laici
740 1827 1031 1879 pretendentes
1054 1839 1095 1864 se
1119 1825 1278 1877 operari
1302 1825 1352 1864 ad
1375 1823 1538 1864 edifica-

224 1894 393 1934 cionem
439 1905 578 1936 sancte
624 1896 766 1936 matris
811 1895 981 1935 ecclesie
1026 1894 1232 1948 quidquid
1277 1902 1420 1947 agunt,
1469 1894 1539 1933 sed

222 1972 362 2004 tamen
402 1965 500 2018 quia
538 1966 692 2006 habent
729 1966 991 2005 intenciones
1032 1963 1198 2017 frigidas
1242 1963 1540 2016 temporalium

168 2046 206 2080 25
222 2043 394 2086 propter
437 2049 540 2088 quas
580 2035 864 2088 principaliter
899 2043 1042 2088 agunt,
1082 2033 1177 2072 ideo
1217 2041 1314 2072 sunt
1350 2032 1540 2086 ypocrite

222 2102 312 2142 Deo
356 2104 690 2144 abhominabiles
728 2114 775 2144 ut
814 2118 922 2158 aqua
964 2103 1104 2156 tepida
1142 2116 1224 2155 que
1256 2111 1458 2155 provocat
1489 2103 1541 2141 ad

221 2172 443 2213 vomitum.
468 2174 521 2213 Et
537 2173 594 2213 hii
613 2183 710 2214 sunt
719 2175 808 2214 Deo
827 2173 1007 2213 maxime
1024 2172 1356 2212 abhominabiles
1373 2172 1540 2212 racione

222 2241 409 2281 falsitatis
442 2242 484 2281 in
517 2243 759 2296 duplicitate
790 2243 954 2283 latentis
987 2255 1070 2295 que
1102 2241 1333 2294 opponitur
1365 2241 1539 2282 veritati.

221 2311 344 2351 Unde
366 2311 473 2352 sicut
490 2311 605 2352 iuxta
614 2312 886 2353 Aristotelem
903 2312 1041 2365 primo
1059 2312 1435 2364 MetyororumV10
1451 2325 1539 2364 cap.

281 2432 305 2461 3.
326 2435 354 2462 A
374 2434 404 2462 in
425 2443 542 2471 marg:
564 2435 733 2471 Dupliciter
753 2441 798 2464 est
817 2437 913 2464 homo
934 2436 963 2464 in
986 2436 1127 2464 ecclesia.
1149 2436 1211 2463 Ib.:
1239 2435 1410 2471 Dupliciter
1430 2435 1541 2463 dicitur

220 2489 283 2508 non
304 2489 375 2516 pars
396 2483 426 2509 in
447 2482 586 2509 ecclesia.
616 2482 697 2510 Nota
717 2483 878 2518 quomodo
900 2483 1024 2518 presciti
1047 2487 1117 2510 sunt
1136 2482 1167 2509 in
1188 2482 1326 2509 ecclesia.
1440 2490 1474 2510 11.
1496 2483 1537 2509 B:

221 2528 333 2563 dirigit.
408 2536 445 2555 12.
459 2529 488 2556 A
507 2528 537 2555 in
558 2537 672 2564 marg.:
693 2529 764 2556 Alia
784 2529 968 2556 subdivisio.
1021 2529 1105 2556 22.A
1126 2528 1156 2555 in
1182 2536 1290 2563 marg:
1313 2528 1429 2557 Contra
1440 2529 1539 2556 avari-

220 2575 298 2602 ciam
318 2574 391 2602 cleri
412 2580 439 2602 et
457 2575 589 2603 aliorum
608 2575 719 2609 (above
741 2575 806 2603 136d
818 2575 946 2602 without
966 2575 1054 2602 mark
1071 2573 1106 2602 of
1119 2574 1302 2608 reference).
1391 2583 1427 2611 29
1460 2576 1489 2602 A
1509 2575 1540 2602 in

221 2628 335 2656 marga
357 2621 551 2649 Aristoteles.
573 2621 595 2649 B
616 2622 647 2649 in
669 2621 903 2657 margstQuare
924 2629 1002 2656 aqua
1022 2621 1126 2655 tepida
1146 2620 1241 2647 cicius
1254 2621 1434 2655 congelatur
1448 2629 1539 2656 quam

219 2666 332 2701 frigida
350 2670 521 2696 secuudum
540 2668 753 2696 Aristotelem.

282 2773 334 2806 29.
359 2759 672 2809 Μετεωρολογικῶν
700 2761 741 2795 Α.
775 2774 810 2795 12
846 2762 923 2794 vide
950 2762 1052 2794 Arist.
1082 2773 1121 2794 ex
1146 2772 1213 2794 rec.
1242 2762 1390 2794 Bekkeri
1416 2762 1487 2793 vol.
1512 2773 1539 2802 1,

221 2832 300 2864 pag.
329 2820 409 2862 348:
437 2819 673 2866 συμβάλλεται
705 2819 732 2852 δ’
754 2818 805 2853 ’ἐτι
829 2819 913 2865 πρὸς
938 2819 1001 2865 τὴν
1027 2823 1206 2865 ταχυτῆτα
1229 2823 1293 2864 τῆς
1318 2817 1457 2864 πήξεως
1482 2818 1541 2852 ’καὶ

219 2878 258 2911 τὸ
284 2877 588 2924 προτεθερμάνθαι
612 2878 649 2912 τὸ
676 2874 777 2921 ὓδωρ.
802 2878 931 2911 θᾶττον
955 2878 1020 2923 γὰρ
1047 2876 1202 2922 ψύχεται.

1772 249 1816 287 61

1584 442 1683 469 which
1705 443 1793 471 those

1567 477 1643 505 have
1667 483 1720 505 not
1740 479 1809 506 who

1603 521 1653 540 are
1675 513 1704 540 in
1725 514 1774 540 the

1551 546 1673 575 Church
1701 549 1753 576 but
1774 553 1827 576 not

1646 583 1681 610 of
1699 583 1730 610 it.

1603 1276 1707 1304 These
1729 1277 1777 1305 the

1561 1311 1685 1339 Church
1705 1316 1821 1340 cannot

1638 1347 1746 1383 digest,
