2051 3273
203 227 291 256 CAP.
312 216 423 275 xxm]
699 230 758 261 DE
786 229 1020 260 ECCLEfflA.

52 345 337 391 3199²¹artem
377 335 580 374 irridendi
620 344 660 374 et
699 333 997 386 exprobrandi,
1045 346 1150 372 cum-
1188 333 1230 372 in
1274 333 1345 372 illo
1384 333 1515 372 homo

204 413 344 459 potest
377 418 489 444 nunc
522 404 916 457 superhabundare,
961 417 1074 442 nunc
1109 401 1288 442 deficere
1332 411 1371 442 et
1404 416 1516 441 nunc

203 484 345 515 tenere
383 474 573 513 medium
622 474 881 526 virtuosum3
927 487 1011 512 non
1058 473 1116 512 sic
1157 481 1300 511 autem
1345 472 1387 511 in
1427 481 1516 511 arte

204 544 426 584 mendacii.
473 544 661 593 Quando
696 553 840 583 autem
873 543 967 596 quis
1002 556 1050 582 ex
1084 542 1258 581 caritate
1292 542 1344 580 ad
1378 541 1514 581 vindi-

172 614 388 656 5candum
423 614 500 652 Dei
539 613 739 652 iniuriam
779 622 819 653 et
857 613 909 652 ad
948 612 1263 652 excludendum
1297 625 1460 651 errores
1494 625 1516 650 a

205 692 347 723 sancta
388 684 562 724 ecclesia
601 683 845 737 prorumpit
884 684 925 723 in
958 684 1088 722 verba
1123 682 1444 735 exprobratoria
1478 690 1518 721 et

109 753 391 796 2002irrisoria
438 754 652 794 subducto
691 754 781 793 zelo
825 754 1008 793 vindicte
1048 762 1087 792 et
1125 752 1516 805 laudisssproprie,

205 821 252 863 fit
295 836 403 876 opus
442 823 652 863 laudabile
693 824 807 877 quod
854 824 887 862 si
933 824 1096 874 integre
1142 835 1314 862 sensero
1360 822 1402 861 in
1450 835 1518 861 me

203 894 311 946 ipso,
373 893 556 932 dicerem
609 893 766 933 ironice
812 906 908 932 curn
941 893 1167 945 Apost010‚
1216 892 1273 931 IIa
1320 891 1516 932 Corinth.

151 982 191 1003 10
205 963 302 1002 ΧΙΙο
332 976 440 1016 cap.,
472 963 539 1002 13:
573 962 747 1003 Donate
780 963 882 1002 mihi
913 962 1039 1002 istam
1073 962 1290 1003 iniuriam.

159 1042 190 1075 Ο
264 1032 484 1081 Quantum
518 1033 569 1072 ad
605 1032 984 1085 exprobracionem
1018 1031 1220 1084 Hugucii,
1253 1039 1371 1083 patet
1403 1030 1519 1084 quod

207 1101 286 1141 fuit
319 1103 490 1155 ignarus
524 1103 671 1156 logice,
706 1101 978 1155 philosophie
1010 1111 1050 1141 et
1074 1101 1263 1140 veritatis
1287 1100 1401 1151 fidei,
1424 1100 1520 1139 ideo

205 1185 290 1211 non
325 1172 483 1211 mirum
522 1172 555 1211 si
594 1172 739 1212 intulit
775 1171 1054 1211 contumelias
1089 1170 1279 1210 veritatis
1313 1170 1519 1209 catholice

205 1242 448 1294 professori.
484 1242 609 1283 Unde
642 1242 884 1282 Hostiensis
926 1241 1158 1294 respondet
1205 1241 1257 1280 ad
1302 1241 1517 1280 obiectum

152 1320 189 1353 15
205 1325 328 1351 suum
370 1311 555 1352 fatuum:
588 1311 675 1362 Hit,
714 1312 865 1365 inquit,
915 1312 987 1364 qui
1034 1317 1136 1351 sunt
1177 1311 1219 1350 z'n
1255 1310 1520 1364 purgatorio

198 1388 383 1434 possunt
413 1381 494 1422 dici
531 1382 629 1422 boni
665 1388 705 1421 et
742 1382 847 1421 mali
883 1381 1062 1421 diversis
1099 1380 1370 1434 respectibus.
1411 1380 1523 1419 Boni

205 1464 304 1491 vero
335 1459 435 1491 sunt
467 1452 539 1505 qui
558 1452 857 1502 salvabuntur,
890 1452 994 1490 mali
1025 1457 1166 1490 autem
1188 1457 1289 1491 sunt
1310 1451 1382 1503 qui
1404 1450 1521 1489 mala

205 1521 427 1563 sustinent.
475 1522 563 1562 Nec
602 1521 781 1561 dubium
822 1521 1024 1573 theologo
1065 1520 1166 1573 quin
1207 1520 1319 1559 idem
1364 1520 1405 1559 in
1447 1532 1520 1558 nu-

207 1604 325 1630 mero
373 1591 427 1631 sit
471 1592 601 1631 simul
649 1593 810 1631 bonurn
861 1591 1051 1630 bonitate
1090 1600 1242 1629 nature
1288 1598 1328 1629 et
1361 1589 1522 1628 malum

150 1682 191 1704 20
209 1661 374 1700 malicia
407 1661 543 1714 culpe.
578 1661 736 1701 Ymmo
771 1661 919 1700 eadem
951 1673 1132 1713 persona
1166 1667 1226 1699 est
1261 1660 1371 1698 bona
1404 1659 1523 1697 boni-

208 1739 294 1770 tate
327 1731 598 1783 purgacionis
631 1731 719 1770 sive
750 1730 916 1771 iusticie
956 1740 996 1770 et
1030 1743 1126 1769 cum
1160 1729 1241 1769 hoc
1280 1729 1391 1768 mala
1437 1742 1522 1767 ma-

206 1800 301 1841 licia
333 1814 454 1853 pene.
491 1800 616 1842 Unde
647 1802 916 1853 Augustinus
951 1800 1228 1840 Enchiridion
1261 1799 1394 1850 XIV0‚
1434 1805 1522 1854 17⁰:

212 1871 486 1924 Quapropter
522 1872 565 1911 in
602 1872 682 1912 hiis
714 1871 944 1911 contrariis
976 1884 1056 1924 que
1088 1871 1197 1910 bona
1229 1877 1268 1910 et
1306 1870 1424 1909 mala
1454 1881 1524 1909 vo-

208 1947 364 1981 cantur
399 1942 474 1981 illa
512 1941 828 1981 dialecticorum
873 1941 1028 1995 regula
1067 1940 1206 1993 deficit
1252 1953 1336 1992 qua
1381 1938 1527 1979 dicunt

153 2018 193 2051 25
210 2011 319 2050 nulli
361 2012 425 2051 rei
467 2012 599 2052 simul
634 2012 771 2052 inesse
805 2011 887 2051 duo
920 2012 1156 2050 contraria.
1207 2010 1329 2060 Cum,
1368 2009 1524 2063 inquit,

210 2081 319 2120 bona
364 2087 403 2120 et
446 2082 562 2121 mala
602 2081 746 2122 nullus
790 2081 983 2135 ambigat
1029 2093 1120 2120 esse
1163 2080 1395 2128 contraria,
1441 2092 1524 2119 non

210 2151 349 2191 solum
386 2151 517 2191 simul
553 2164 645 2192 esse
674 2158 872 2205 possunt,
916 2151 992 2191 sed
1029 2151 1162 2190 eciam
1202 2150 1317 2189 mala
1355 2150 1526 2189 omnino

211 2220 302 2261 sine
333 2220 451 2262 bonis
481 2229 518 2262 et
542 2222 623 2262 nisi
653 2223 696 2262 in
729 2222 847 2262 bonis
880 2234 970 2261 esse
993 2234 1074 2260 non
1100 2226 1301 2273 possunt,
1332 2219 1526 2272 quamvis

213 2297 386 2330 econtra
426 2291 582 2331 bonum
618 2292 780 2345 poterit
821 2292 913 2332 sine
957 2291 1083 2330 malo.
1119 2290 1300 2330 Constat
1352 2289 1525 2342 quidem

157 2366 198 2398 30
215 2360 482 2413 philosophis
523 2362 639 2414 quod
681 2363 839 2400 bonum
888 2370 927 2400 et
971 2360 1131 2399 malum
1171 2373 1283 2398 nunc
1325 2359 1528 2398 dicuntur

214 2429 446 2482 analogice,
482 2444 593 2470 nunc
628 2431 832 2484 equivoce
863 2439 902 2470 et
926 2443 1039 2469 nunc
1064 2429 1287 2482 contrarie,
1319 2429 1527 2481 privative

215 2508 288 2539 aut
319 2499 514 2553 positive.
562 2499 685 2540 Unde
725 2501 781 2539 illi
816 2499 989 2539 fuerunt
1023 2499 1158 2551 ignari
1204 2499 1423 2552 dyalectici
1477 2499 1527 2537 de

215 2578 327 2608 secta
362 2570 572 2609 Manichei
607 2570 657 2608 de
690 2570 844 2623 quibus
875 2569 1069 2622 loquitur
1103 2568 1383 2622 Augustinus.
1417 2567 1526 2608 Con-

267 2713 301 2733 11.
322 2704 351 2733 A
370 2705 401 2733 in
421 2712 536 2740 marg.:
571 2705 621 2733 An
643 2704 819 2740 dampnatis
840 2709 971 2740 prosunt
990 2703 1136 2740 suffragia
1163 2704 1284 2738 (Above
1303 2709 1378 2731 2οοὓ
1397 2703 1530 2731 without

216 2763 303 2790 mark
323 2762 357 2789 of
374 2762 557 2797 reference).
675 2769 722 2790 20.
743 2770 879 2798 persona
901 2761 934 2796 (P)
954 2761 985 2789 in
1006 2762 1104 2789 codd:
1126 2745 1174 2796 fic.
1296 2768 1341 2788 22.
1361 2761 1395 2789 In
1416 2761 1528 2789 codd.:

215 2808 415 2836 Enchiridion
445 2807 541 2835 XVII.
585 2809 615 2835 A
643 2808 672 2835 in
703 2816 820 2843 marg.z
853 2808 1058 2843 Augustinus.
1219 2815 1266 2842 29.
1300 2807 1320 2833 13
1350 2807 1381 2834 in
1411 2815 1525 2842 marg:

216 2855 338 2883 Bonum
359 2854 511 2891 accipitur
529 2854 700 2891 tripliciter.

1545 1034 1612 1063 The
1633 1034 1790 1071 objection

1535 1070 1568 1098 of
1593 1070 1755 1105 Hugucius
1782 1070 1807 1097 is

1552 1105 1588 1133 of
1605 1114 1646 1133 no
1667 1104 1791 1139 weight.
