2051 3343
202 202 252 240 58
930 210 1153 244 JOHANNIS
1180 213 1376 245 WYCLIF.
1630 200 1735 259 [CAP.
1751 212 1803 240 111.

489 317 539 356 de
573 317 743 357 indicit).
788 317 855 355 De
870 323 1051 368 peccato
1083 315 1338 356 infidelitatis
1370 331 1452 371 que
1487 319 1804 360 antonomatice
1825 329 1954 366 136⁸K

488 386 637 427 dicitur
681 395 918 439 peccatum,
964 386 1064 439 quia
1110 399 1193 425 non
1240 387 1520 427 crediderunt
1561 388 1605 427 in
1643 398 1806 442 patrem

487 470 623 511 neque
666 457 707 496 in
753 466 841 506 me,·
879 456 930 495 de
967 456 1134 496 iusticia
1167 470 1297 510 quam
1329 458 1563 499 debuerunt
1594 458 1803 511 habuisse,

488 526 714 579 aspirando
748 539 845 565 cum
869 525 1018 565 mediis
1042 525 1235 578 congruis
1269 526 1321 565 ad
1353 527 1529 579 patriam
1555 528 1803 580 naturalem,

488 597 586 649 quia
632 594 688 634 ad
722 601 896 647 patrem
948 595 1080 644 vado;
1124 601 1162 634 et
1206 595 1258 635 de
1307 595 1465 637 iudicio
1511 611 1596 650 quo
1650 606 1839 644 temere5

488 665 737 705 arbitrantur
789 665 944 717 dogma
995 664 1144 704 mundi
1199 673 1323 719 atque
1376 666 1530 706 diaboli
1588 667 1806 707 ardencius

492 735 766 788 diligendum,
801 747 895 774 cum
924 735 1132 787 princeps
1165 735 1315 775 mundi
1337 734 1362 762 ἧς
1394 736 1610 776 iudicatus
1643 743 1705 776 est
1735 747 1904 789 per136b

491 804 707 845 Christum
740 805 962 844 docentem
994 804 1254 857 oppositum.
1288 805 1342 844 Et
1375 805 1430 845 sic
1464 806 1663 858 opposita
1695 805 1805 859 fidei,

494 873 581 927 spei
629 883 667 913 et
712 873 890 913 caritatis
937 888 1019 927 que
1064 875 1438 928 corresponderent
1489 889 1563 929 per
1614 876 1809 916 ordinem

492 943 664 983 trinitati
698 945 931 996 dampnant
964 944 1167 997 prescitos
1199 945 1241 983 in
1274 944 1388 984 finali
1420 945 1577 985 iudicio
1612 943 1677 1000 (ut
1710 946 1808 987 alias
1829 967 1867 988 10

202 1012 640 1053 ButSt.T110masdiffuse
685 1012 893 1068 exposui).
939 1014 1035 1053 Non
1081 1014 1194 1053 enim
1238 1014 1321 1053 vidi
1369 1015 1411 1053 in
1455 1024 1600 1055 sancto
1640 1015 1811 1055 Thoma

231 1059 305 1084 does
326 1061 380 1083 not
400 1064 454 1092 say

201 1083 558 1153 {iiffiagoeravcvgiolieszvel
602 1083 684 1122 alio
730 1084 902 1122 doctore
947 1084 1154 1136 probabili
1199 1085 1316 1137 quod
1364 1093 1504 1124 totum
1541 1085 1646 1125 illud
1677 1098 1810 1138 genus

203 1153 566 1230 &hyeoitpgssltriicgsslgffised
609 1166 702 1205 pars
747 1153 834 1192 eius
878 1153 1158 1206 predestinata
1191 1154 1242 1194 sit
1274 1164 1415 1194 sancta
1460 1163 1593 1194 mater
1624 1155 1809 1207 ecclesia,

406 1217 412 1230 ,

204 1231 649 1301 thgrgdaersttitnnaassissponsa
694 1222 850 1262 Christi
895 1232 934 1262 et
976 1223 1222 1263 universalis
1268 1225 1333 1263 vel
1380 1224 1584 1264 catholica
1628 1225 1810 1277 ecclesia,

495 1305 646 1344 corpus
694 1291 847 1332 Christi
890 1293 1106 1333 misticum
1153 1295 1202 1333 de
1247 1308 1333 1348 quo
1374 1294 1576 1347 scriptura
1610 1295 1867 1348 loquitur.15

495 1362 548 1401 Et
580 1362 636 1400 de
668 1362 757 1401 tali
790 1371 862 1403 est
894 1363 1039 1402 nobis
1073 1377 1249 1405 sermo,

554 1431 652 1472 Non
684 1442 889 1486 repugnat
915 1447 1012 1486 ergo
1035 1433 1328 1487 equivocando
1360 1447 1507 1473 vocare
1541 1447 1693 1487 corpus
1726 1434 1812 1474 dia-

496 1501 581 1541 boli
614 1503 831 1543 ecclesiam
854 1503 1019 1553 Christi,
1053 1512 1099 1544 ut
1121 1504 1259 1558 posito
1283 1505 1399 1557 quod
1421 1517 1505 1543 una
1528 1504 1811 1544 communitas

497 1572 794 1613 nominetenus
833 1574 1079 1614 clericorum
1122 1575 1297 1628 prescita
1338 1575 1528 1614 credatur
1565 1588 1652 1614 esse
1685 1575 1812 1627 parti-

498 1642 644 1682 cularis
667 1643 850 1695 ecclesia,
874 1643 969 1684 licet
991 1644 1229 1684 committat
1250 1653 1419 1697 peccata
1434 1652 1813 1697 quantumcunque
1830 1664 1871 1685 20

498 1712 697 1752 enormia.
723 1713 846 1753 Tunc
868 1714 1019 1766 vulgus
1040 1723 1207 1767 reputat
1230 1728 1323 1753 eam
1345 1727 1431 1753 esse
1454 1713 1683 1765 ecclesiam,
1712 1727 1814 1767 ymo

498 1782 675 1835 quilibet
706 1796 853 1822 eorum
892 1783 1034 1823 asserit
1074 1784 1190 1837 quod
1228 1792 1400 1836 propter
1431 1783 1624 1823 ordinem
1658 1792 1718 1823 est
1755 1783 1816 1823 vir

498 1861 637 1892 sancte
683 1853 827 1892 matris
874 1853 1056 1905 ecclesie,
1107 1853 1274 1893 racione
1325 1853 1443 1893 cuius
1493 1853 1602 1893 tituli
1652 1862 1816 1893 excecat

499 1921 724 1974 populum,
747 1922 789 1961 in
812 1921 907 1974 fide,
932 1922 1072 1962 officio
1096 1931 1136 1962 et
1151 1923 1334 1977 ypocrisi
1356 1922 1525 1963 indubie
1548 1922 1815 1975 menciendo,

499 1991 599 2044 quia
630 1991 686 2030 sic
717 1991 831 2031 idem
864 1992 970 2032 foret
1001 1993 1127 2033 simul
1158 1992 1399 2033 membrum
1422 1991 1574 2032 Christi
1607 2001 1646 2032 et
1678 2006 1813 2032 mem·
1833 2002 1872 2034 25

501 2062 624 2100 brum
656 2061 824 2112 diaboli,
858 2062 1028 2102 ecclesia
1060 2071 1302 2102 sanctorum
1326 2070 1365 2101 et
1388 2061 1559 2101 ecclesia
1582 2062 1814 2114 malignan-

501 2130 626 2172 cium.
651 2131 775 2170 Tales
809 2132 923 2171 enim
945 2132 1042 2171 dicit
1059 2132 1248 2171 Thomas
1272 2132 1403 2171 eciam
1426 2132 1620 2171 membra
1643 2133 1818 2172 ecclesie

500 2201 542 2240 in
560 2202 779 2253 potencia,
800 2201 897 2242 licet
910 2214 1131 2256 nunquam
1157 2202 1496 2242 reducanturad
1518 2208 1676 2241 actum.
1700 2204 1762 2241 Ac
1786 2202 1817 2240 si

501 2270 704 2310 diceretur
726 2271 829 2311 illud
851 2272 975 2312 habet
997 2272 1238 2325 potenciam
1266 2286 1314 2311 ex
1337 2271 1591 2311 sufficiencia
1613 2270 1817 2324 passionis

503 2339 654 2380 Christi
689 2349 727 2379 et
758 2349 964 2394 potestate
998 2342 1059 2381 sui
1090 2341 1245 2381 arbitrii
1277 2355 1363 2381 esse
1387 2341 1627 2381 membrum
1650 2340 1817 2392 Christi,
1835 2350 1876 2382 30

503 2423 600 2449 cum
632 2418 772 2449 tamen
805 2412 917 2451 nude
950 2411 1001 2450 sit
1033 2412 1271 2451 membrum
1300 2410 1640 2464 congregacionis
1662 2410 1817 2449 haben-

503 2479 615 2518 cium
651 2479 776 2519 fidem
818 2481 1056 2533 informem,
1095 2481 1191 2521 licet
1229 2495 1450 2535 nunquam
1489 2481 1540 2520 sit
1577 2481 1818 2520 membrum

504 2550 690 2601 corporis
723 2550 876 2590 Christi
912 2551 1076 2591 mistici.
1124 2552 1201 2591 Sed
1237 2565 1288 2590 ne
1322 2565 1398 2605 ego
1432 2551 1620 2589 laborem
1652 2550 1694 2588 in
1732 2549 1818 2588 istis

562 2670 582 2689 1.
605 2661 721 2690 Codd.:
744 2664 1000 2692 autonomastice.
1098 2665 1138 2692 16.
1160 2665 1189 2691 A
1207 2665 1237 2691 in
1258 2672 1373 2700 marg.:
1395 2663 1620 2700 Equivocando
1640 2663 1821 2690 conceditur

504 2716 621 2744 corpus
642 2709 758 2737 diaboli
785 2719 853 2738 esse
879 2712 1040 2738 ecclesiam
1053 2711 1178 2739 Christi.
1206 2711 1227 2738 Β
1248 2711 1279 2739 in
1300 2720 1414 2746 marg.:
1443 2710 1581 2738 Ecclesia
1601 2709 1715 2738 Christi
1741 2718 1819 2737 nun-

504 2755 654 2789 cupative.
763 2755 805 2784 23.
827 2757 866 2783 B:
889 2758 1016 2785 ecclesie
1038 2757 1175 2785 Romane
1197 2758 1295 2785 cuius.
1394 2765 1437 2791 27.
1459 2759 1485 2784 A
1507 2757 1536 2784 in
1558 2764 1671 2791 marga
1694 2756 1821 2783 presciti

505 2802 665 2834 quomodo
696 2807 765 2829 sunt
796 2803 824 2829 in
856 2803 999 2837 potencia
1039 2804 1214 2831 membrum
1244 2804 1309 2839 (sic)
1341 2803 1455 2831 Christi
1491 2802 1664 2829 secundum
1698 2802 1819 2829 beatum

504 2845 670 2874 Thomam.
703 2848 723 2874 Β
744 2849 772 2875 in
794 2857 908 2885 marg.:
929 2850 1060 2878 Sanctus
1080 2849 1231 2878 Thomas.
1338 2848 1381 2876 32.
1402 2849 1438 2876 B:
1460 2848 1603 2876 formem.
