2051 3273
184 242 272 270 CAP.
293 230 391 290 XVI]
677 245 734 276 DE
762 244 996 277 ECCLESIA.
1703 229 1782 285 387

32 360 61 394 Z
93 357 169 392 182d
183 351 423 389 dotatorum
446 349 564 402 fingit
594 348 813 388 infideliter
842 350 968 403 quod,
1005 363 1102 388 cum
1124 363 1233 402 papa
1256 349 1496 388 dominatur

183 419 357 459 civiliter
390 428 428 458 et
461 419 689 472 capitaliter
722 433 846 472 super
877 419 1065 471 singulos
1099 432 1215 471 reges
1248 429 1367 471 terre,
1410 432 1495 458 non

182 488 277 527 licet
321 488 377 528 eis
422 488 581 528 auferre
625 489 853 542 quicquam
885 503 908 528 a
941 489 1063 539 clero,
1096 488 1277 528 iudicare
1310 489 1360 527 de
1401 487 1497 527 cleri

153 557 505 598 lconversacione
550 558 615 596 vel
660 558 755 597 cleri
800 557 953 609 officio,
994 571 1069 597 nec
1113 557 1254 610 ipsum
1293 558 1496 610 corripere

152 627 249 668 5vel
292 626 433 666 iuvare
480 626 558 665 nisi
604 641 651 666 ex
699 627 785 667 eius
829 627 1075 667 auctoritate
1108 627 1247 680 previe
1287 627 1495 680 requisita.

184 695 249 735 Sic
283 695 394 734 enim
428 697 693 736 extolleretur
722 710 847 749 super
867 697 1038 736 Petrum
1073 706 1112 736 et
1145 710 1318 736 omnem
1342 695 1497 736 Christi

182 765 397 815 vicarium,
447 779 544 805 cum
589 766 711 805 Petro
758 766 978 818 ignorante
1026 775 1063 805 et
1107 779 1194 805 non
1239 765 1498 818 approbante

183 834 260 872 nisi
306 834 411 874 forte
455 834 641 886 confuse,
687 835 793 875 sicut
840 836 1066 874 benevolus
1117 836 1321 888 approbat
1371 848 1498 874 omne

184 903 358 955 bonum,
392 904 546 943 Paulus
579 905 692 944 nuda
723 905 969 944 auctoritate
992 904 1146 944 Christi
1170 904 1265 944 fecit
1295 917 1499 957 magnum

132 973 418 1025 10profectum
470 974 638 1013 ecclesie
670 971 797 1028 (sicut
849 983 960 1026 patet
1000 978 1090 1013 Act.
1144 974 1220 1013 IX0
1265 982 1303 1012 et
1358 971 1496 1025 infra).

143 1043 377 1082 asecundo
414 1043 575 1097 fingens
613 1044 691 1083 hoc
732 1044 886 1095 dogma
920 1044 1195 1096 nephandum
1228 1044 1341 1082 daret
1378 1056 1494 1082 occa·
1542 1054 1646 1082 1f111is
1672 1062 1753 1093 were

183 1111 345 1151 sionem
378 1113 538 1165 populo
570 1113 703 1152 laicali
736 1113 978 1153 subtrahere
1013 1112 1354 1152 beneficienciam
1378 1126 1497 1151 suam
1512 1089 1787 1159 niigilittxiiietriglrtgw

184 1183 335 1235 egenis,
359 1192 445 1222 tam
477 1183 632 1222 clericis
665 1197 793 1235 quam
824 1183 949 1234 laicis,
974 1197 1022 1222 eo
1052 1183 1166 1236 quod
1190 1196 1275 1222 non
1308 1195 1497 1234 expresse
1512 1158 1787 1220 iiitfflgteseiimstaliss‘ff

185 1252 356 1291 docetur
388 1252 484 1291 satis
517 1252 735 1306 singularis
779 1252 938 1305 papalis
971 1253 1194 1292 auctoritas
1227 1253 1293 1291 vel
1331 1252 1497 1290 interim
1511 1228 1787 1298 ffssssssffdwiiiietiffe

131 1327 167 1359 15
184 1322 396 1360 revocacio
411 1322 665 1362 auctoritatis
682 1332 858 1373 ostense,
875 1331 920 1361 ut
941 1322 1127 1374 tangitur
1147 1321 1187 1360 in
1212 1321 1497 1360 destruccione
1511 1298 1788 1360 cciiiiggfvfffflcssrif

145 1391 373 1444 3proxime
418 1390 614 1431 ficcionis.
662 1391 812 1431 Tercio
858 1392 1074 1431 tolleretur
1105 1391 1243 1430 omnis
1276 1390 1427 1443 regalia
1459 1399 1497 1430 et
1615 1367 1683 1394 “01'

184 1461 386 1513 primatus
425 1461 618 1500 secularis
665 1461 904 1514 principum
946 1471 1218 1511 terrenorum,
1263 1474 1362 1500 cum
1414 1473 1499 1499 non

184 1530 322 1569 liceret
368 1531 539 1570 seculari
583 1531 767 1570 iudicare
811 1532 861 1570 de
905 1530 1096 1584 nequicia
1137 1529 1271 1570 clerici
1312 1530 1388 1569 sibi
1437 1530 1499 1568 in-

185 1599 372 1640 iuriantis
409 1610 786 1654 quantumcunque
816 1601 978 1640 notorie
1006 1614 1081 1639 nec
1114 1609 1312 1639 exterrere
1346 1599 1501 1639 clerum

129 1683 170 1705 20
186 1669 432 1709 freneticum
476 1671 525 1709 ab
570 1679 816 1723 attemptato
867 1670 1061 1720 facinore,
1106 1679 1145 1709 et
1189 1669 1324 1708 multo
1368 1669 1501 1721 magis

186 1752 270 1778 non
318 1739 456 1779 liceret
501 1740 671 1779 seculari
718 1740 891 1779 domino
929 1739 1152 1779 amerciare
1197 1738 1393 1778 clericum
1437 1738 1502 1778 vel

187 1809 273 1848 eius
306 1808 507 1848 familiam
540 1809 790 1850 insolentem
823 1809 901 1848 nisi
939 1810 1054 1862 prius
1087 1809 1279 1848 consulto
1311 1822 1418 1861 papa
1451 1809 1502 1847 ad

186 1878 264 1917 hoc
297 1878 553 1931 licenciante,
588 1879 685 1933 quia
717 1879 833 1918 aliter
864 1879 1002 1918 liceret
1035 1878 1195 1918 auferre
1227 1893 1248 1917 a
1282 1878 1390 1917 clero
1429 1891 1502 1930 per

185 1947 297 1986 viam
329 1948 593 1987 multacionis
639 1949 883 2001 temporalia
915 1963 990 1988 sua
1034 1948 1205 1987 mobilia
1252 1958 1291 1987 et
1335 1947 1377 1985 in
1411 1946 1500 1986 foro

132 2021 170 2053 25
189 2017 296 2056 civili
328 2017 480 2057 iniuste
514 2028 728 2071 occupata,
762 2033 871 2071 papa
905 2018 975 2071 qui
1005 2027 1064 2057 est
1097 2017 1282 2070 capitalis
1306 2016 1502 2056 dominus

189 2087 440 2127 inconsulto.
465 2088 584 2127 Talia
608 2088 880 2128 deliramenta
903 2089 1060 2127 nedum
1084 2101 1131 2126 ex
1154 2087 1358 2139 scriptura
1390 2100 1502 2125 sacra

188 2155 462 2196 infundabilia
495 2158 566 2196 sed
599 2157 676 2196 sibi
715 2157 917 2197 contraria
955 2171 1035 2210 que
1074 2156 1197 2196 hodie
1237 2156 1330 2209 plus
1378 2156 1501 2195 solito

190 2235 287 2265 sunt
336 2236 530 2266 emuncta
574 2228 734 2266 dabunt
788 2227 929 2278 finem,
980 2227 1011 2265 si
1058 2226 1170 2266 Deus
1215 2226 1404 2276 voluerit,
1452 2239 1503 2264 ne

190 2304 286 2347 post
329 2296 455 2335 istum
501 2297 639 2336 virum
689 2297 871 2336 sterilem
917 2297 1109 2336 succedat
1151 2296 1259 2336 alius
1289 2295 1502 2350 tyrannice

133 2370 175 2402 30
190 2364 246 2404 sic
279 2365 585 2418 blasphemans,
627 2367 696 2405 sed
733 2366 914 2405 Danielis
948 2366 1036 2417 IXO,
1084 2378 1147 2418 277
1189 2365 1338 2405 dicitur
1388 2366 1503 2418 quod

190 2434 482 2475 abhominacio
505 2435 789 2476 desolacionis
804 2434 1104 2487 perseverabit
1128 2448 1260 2488 usque
1287 2436 1328 2473 in
1347 2434 1501 2487 finem.

242 2570 278 2598 15,
300 2572 328 2598 A
348 2573 404 2606 Al:
426 2577 548 2599 ostense
568 2573 662 2599 deest.

1325 2908 1389 2941 25÷÷
