2051 3343
247 238 335 267 CAP.
346 228 399 286 IL]
751 241 810 271 DE
837 241 1069 272 ECCLESIA.

94 357 126 389 L
155 346 404 389 133⁶diencia
424 347 517 384 Jesu
542 344 711 385 Christo
734 345 855 383 debet
878 343 1126 383 christianus
1151 345 1367 385 consulere
1383 343 1556 399 sslegem

243 426 381 466 suan13
414 415 508 454 ideo
540 415 582 453 in
615 414 731 454 omni
764 413 1008 453 obediencia
1041 413 1250 453 christiani
1283 414 1325 453 in
1348 424 1556 468 quantum

240 484 484 524 huiusmodi
522 484 642 523 debet
679 483 1007 523 obedienciarius
1041 485 1256 524 consulere
1287 485 1424 537 legem
1456 485 1554 537 Dei;

241 563 280 593 et
322 554 416 592 ideo
461 553 707 592 ordinarunt
749 553 839 592 iura
883 552 1051 592 ecclesie
1093 555 1208 606 quod
1245 554 1310 593 lex
1352 555 1552 607 scripture

209 632 328 666 5tam
373 622 617 675 generaliter
661 631 701 662 et
744 631 831 661 tam
877 622 1074 675 precipue
1120 637 1143 661 a
1187 623 1471 664 sacerdotibus
1516 633 1554 664 et

243 692 471 745 specialiter
516 692 744 731 maioribus
791 692 913 731 debet
959 691 1064 743 sciri,
1114 705 1166 731 ne
1212 693 1434 732 turbentur
1481 702 1552 733 aut

239 761 439 801 musitent
490 761 591 814 quid
638 770 678 801 et
717 761 893 814 qualiter
938 761 990 799 ad
1036 761 1285 800 mandatum
1328 762 1553 814 superioris

240 831 416 870 debeant
453 831 717 883 respondere.
764 831 808 869 In
846 830 923 869 ista
963 830 1075 869 scola
1112 830 1315 870 instructa
1347 841 1408 871 est
1439 832 1548 885 legio

239 901 463 953 Thebayca
495 910 534 939 et
566 913 713 939 omnes
747 908 961 952 martyres,
1007 899 1140 938 immo
1168 900 1211 938 in
1242 900 1312 939 illa
1344 901 1456 940 scola
1487 901 1550 940 in-

184 989 223 1010 10
239 969 380 1009 structi
419 978 515 1009 sunt
548 982 694 1009 omnes
727 969 797 1023 qui
830 969 1004 1009 monitis
1036 983 1123 1008 non
1157 970 1411 1022 sapientibus
1448 972 1549 1011 cari-

237 1047 366 1079 tatem
397 1039 472 1078 Dei
505 1047 544 1078 et
575 1038 757 1091 proximi
791 1038 1081 1078 contradicunt
1112 1038 1226 1078 iuxta
1259 1039 1364 1078 illud
1396 1040 1551 1081 Christi

236 1108 385 1148 Matth.
418 1109 490 1159 XO,
527 1107 597 1162 37:
651 1108 733 1156 Qui
775 1114 892 1146 amat
927 1114 1098 1160 patrem
1143 1108 1210 1147 vel
1241 1115 1419 1148 matrem
1446 1112 1551 1162 plus

235 1191 360 1230 quam
377 1191 454 1225 me,
471 1190 553 1216 non
578 1184 641 1217 est
660 1191 724 1216 me
745 1178 925 1231 dignus,·
944 1187 982 1216 et
1003 1177 1125 1217 istam
1149 1177 1380 1218 leccionem
1402 1180 1553 1220 docent

236 1247 595 1300 apostoliAct.V0,
611 1260 676 1299 29,
695 1247 877 1286 dicentes
902 1247 1017 1300 quod
1039 1247 1207 1286 obedire
1225 1249 1365 1301 magis
1388 1256 1552 1300 oportet

183 1326 219 1358 15
237 1317 329 1356 Deo
351 1329 476 1369 quam
504 1317 754 1356 hominibus.
789 1317 886 1355 Ideo
910 1316 1007 1356 dicit
1023 1316 1211 1356 Christus
1226 1316 1460 1370 Matth.X0‚
1479 1319 1549 1358 35:

236 1387 330 1425 Non
367 1387 461 1426 veni
482 1400 636 1438 pacem
670 1387 834 1425 mittere
865 1387 905 1424 in
941 1392 1100 1425 terram
1125 1385 1200 1424 sed
1220 1385 1432 1439 gladium.
1451 1386 1552 1426 Veni

235 1469 339 1509 ergo
382 1468 591 1507 separare
628 1456 836 1494 hominem
883 1456 1095 1495 adversus
1121 1461 1291 1506 patrem
1323 1468 1465 1507 suum,
1511 1463 1550 1496 et

221 1525 366 1577 filiam
412 1524 618 1564 adversus
664 1532 841 1564 matrem
886 1538 1028 1573 suam,
1075 1531 1113 1563 et
1144 1537 1301 1563 nurum
1336 1525 1548 1566 adversus

233 1607 402 1634 socrum
428 1606 567 1643 suam,
592 1601 630 1633 et
651 1595 808 1633 inimici
829 1594 1008 1633 hominis
1023 1593 1240 1633 domestici
1262 1595 1363 1635 eius.
1388 1596 1544 1635 Amici-

177 1683 218 1704 20
233 1663 340 1703 ciam
373 1664 485 1703 enim
517 1665 724 1703 carnalem
755 1674 927 1717 propter
948 1665 1086 1703 Deum
1107 1664 1219 1704 venit
1243 1664 1433 1704 Christus
1461 1666 1543 1706 dis-

232 1734 403 1787 solvere,
451 1734 547 1787 quia
590 1734 657 1772 ille
697 1734 767 1787 qui
804 1734 967 1773 videtur
1005 1748 1093 1773 esse
1131 1733 1343 1773 familiaris
1381 1735 1543 1775 homini

232 1804 372 1857 quoad
408 1804 619 1842 mundum
657 1812 717 1843 est
755 1803 885 1843 hostis
924 1817 1024 1843 suus
1064 1812 1109 1843 ut
1139 1803 1371 1856 plurimum
1404 1806 1545 1858 quoad

231 1873 369 1912 Deum
401 1871 465 1927 (ut
496 1872 644 1912 dicitur
675 1872 835 1912 Michee
867 1872 997 1926 V110).

179 1952 219 1984 M
291 1943 442 1982 Beatus
456 1943 706 1995 Jeronymus
729 1956 853 1994 super
874 1942 945 1982 illo
962 1943 1145 1995 capitulo
1160 1943 1323 1983 videtur
1339 1957 1544 1996 exponere

180 2020 395 2054 25textum
428 2011 626 2064 evangelii
659 2012 710 2050 ad
741 2011 853 2050 hunc
886 2026 1057 2051 sensum
1080 2014 1196 2065 quod
1219 2013 1411 2053 Christus
1433 2014 1546 2054 venit

230 2081 281 2119 ad
322 2081 600 2133 separandum
639 2081 842 2120 hereticos
880 2082 930 2120 ab
972 2082 1142 2121 ecclesia
1180 2096 1309 2136 quam
1347 2082 1544 2124 illudunt.

285 2205 310 2233 3.
333 2206 361 2232 A
381 2205 410 2232 in
432 2213 532 2236 marg:
558 2204 591 2232 In
619 2205 799 2232 obediencia
826 2206 863 2232 ad
890 2206 1083 2240 superiorem
1112 2207 1303 2235 consulenda
1324 2212 1370 2235 est
1392 2207 1546 2243 scriptura

227 2260 323 2279 sacra.
340 2251 459 2284 (Above
470 2249 531 2278 133ο
543 2261 550 2285 ;
563 2251 691 2279 without
703 2252 787 2279 mark
799 2251 1021 2287 ofreference.)
1101 2263 1131 2287 4.
1142 2253 1177 2280 In
1190 2253 1286 2282 codd:
1308 2254 1338 2280 in
1351 2254 1543 2282 ordinarunt.

228 2298 365 2326 Correxi.
446 2305 480 2324 11.
502 2297 539 2323 ss:
561 2298 779 2332 concorffliter)
801 2299 1026 2327 contradicunt.
1106 2307 1143 2326 12.
1166 2299 1187 2326 Β
1209 2300 1238 2326 in
1261 2308 1363 2335 marg:
1384 2300 1479 2327 Mam.
1500 2309 1542 2336 10,

226 2345 294 2372 Act.
316 2344 340 2372 5.
414 2344 456 2371 16.
476 2345 504 2371 A
524 2344 553 2371 in
574 2352 678 2379 marg:
699 2344 875 2372 Dissolucio
895 2345 1025 2372 carnalis
1046 2345 1196 2373 amicicie.
1274 2353 1320 2379 24.
1343 2346 1363 2372 Β
1385 2346 1415 2373 in
1437 2355 1540 2381 marg:

228 2391 345 2418 Michee
365 2399 389 2425 7.
509 2390 550 2418 25.
572 2390 632 2417 AB
653 2391 683 2418 in
704 2399 806 2426 marg:
826 2391 1018 2424 Jeronimus;
1041 2391 1079 2418 B:
1102 2400 1256 2428 exponere
1277 2401 1439 2428 exponere.
1460 2394 1489 2421 A
1510 2394 1540 2421 in

227 2444 328 2472 marg:
351 2436 467 2463 Divisio
482 2437 686 2464 hereticorum
701 2437 737 2464 ab
753 2437 894 2465 ecclesia.
968 2437 1010 2465 25.
1026 2438 1071 2465 26.
1087 2439 1108 2465 Β
1124 2439 1153 2466 in
1170 2447 1257 2474 marg
1272 2438 1376 2467 insen:
1399 2439 1539 2468 Christus

227 2483 309 2510 venit
335 2483 372 2510 ad
399 2483 607 2518 separandum
634 2484 790 2511 hereticos
817 2485 853 2511 ab
884 2485 1015 2511 ecclesia
1041 2493 1133 2520 quam
1160 2485 1298 2512 illudunt.
1330 2486 1418 2513 Pater
1437 2491 1538 2514 autem

226 2529 352 2556 lleretici
372 2533 417 2556 est
430 2527 528 2556 Deus:
550 2533 636 2564 pater
655 2531 826 2557 secundun]
848 2530 1043 2558 creacionem
1064 2536 1092 2557 et
1112 2535 1207 2558 mater
1220 2532 1351 2559 ecclesia
1366 2532 1537 2560 secundum

226 2575 350 2602 heretici
370 2575 611 2610 protensionem.
643 2574 774 2611 Spiritus
798 2582 921 2604 sanctus
947 2581 991 2604 est
1014 2585 1123 2604 socrus
1147 2578 1259 2613 anime,
1290 2586 1359 2606 cum
1386 2579 1424 2606 sit
1442 2584 1539 2607 mater

286 2680 430 2726 9.With
457 2682 633 2714 reference
660 2691 694 2715 to
721 2683 780 2715 the
807 2684 898 2726 legio
915 2684 1090 2716 Thebaica
1116 2695 1174 2716 see
1197 2686 1348 2718 Bordieu
1367 2686 1447 2718 diss.
1467 2687 1540 2719 crit.

230 2751 287 2771 sur
314 2741 345 2771 la
371 2748 520 2783 martyre
548 2742 589 2772 de
617 2742 647 2772 la
674 2741 790 2784 legion
808 2742 1159 2776 Thebee11ne.An1st.
1181 2744 1274 2786 1705.
1371 2745 1539 2777 25.Com-

229 2805 373 2830 mentar.
393 2799 537 2832 Hieron.
558 2799 591 2831 in
612 2799 714 2831 Mich.
734 2799 858 2842 proph.
877 2800 934 2831 lib.
955 2801 991 2842 IL.
1021 2811 1093 2843 cap.
1110 2803 1163 2834 VI.
1183 2802 1315 2843 (Migne
1333 2809 1417 2834 tom.
1436 2803 1539 2842 XXV,

227 2865 303 2897 pag.
337 2854 448 2898 1281).

1577 1950 1619 1978 St.
1632 1951 1755 1979 Jerome
1776 1961 1815 1980 on

1559 1985 1609 2013 the
1636 1987 1739 2014 sword
1767 1993 1835 2016 sent

1613 2022 1651 2057 by
1671 2021 1782 2050 Christ.
