2051 3273
226 196 313 224 CAP.
330 185 456 243 xxm]
740 201 797 232 DE
824 199 1055 232 ECCLESIA.
1746 192 1823 244 557

86 315 104 347 1
143 303 365 346 205bhabet
403 304 644 356 imperium,
693 304 858 343 videtur
897 305 1010 357 quod
1051 318 1159 357 papa
1204 313 1417 356 superstes
1456 318 1539 343 non

237 373 365 411 habet
402 380 656 425 potestatem
695 386 822 425 super
860 386 1006 412 omnes
1047 388 1176 426 papas
1218 375 1256 413 in
1292 374 1538 426 purgatorio
1553 383 1829 418 Anunduepower

237 450 277 481 et
314 441 356 480 in
396 441 499 480 celo.
545 441 607 481 Illi
651 443 763 481 enim
810 452 909 482 sunt
957 443 1276 483 excellenciores
1316 443 1414 496 quia
1449 418 1829 491 Deonssflsshfinaidpffp‘e

236 511 456 563 propiores
475 520 514 550 et
529 511 721 552 cariores.
748 511 844 551 Ideo
868 521 1036 564 oportet
1060 513 1174 565 quod
1200 526 1307 565 papa
1327 520 1538 564 superstes
1580 490 1808 558 ρτὲἔὲἓεξζῖτε.

203 580 389 621 5serviat
421 579 478 618 eis
512 588 552 619 et
583 594 669 620 non
702 581 973 633 imperatorie
1005 582 1208 621 concedat
1242 582 1355 634 quod
1391 581 1539 620 Petrus

235 650 301 688 vel
333 649 437 688 alius
473 650 620 689 beatus
644 659 859 689 mereatur
886 651 1024 690 amico
1058 664 1135 690 suo
1159 660 1540 703 quantumcunque

235 719 313 759 sibi
347 719 553 771 placuerit
585 719 782 759 limitare.

135 796 174 829 K
200 804 222 829 e
294 788 346 827 Et
379 788 509 827 tercio
543 801 616 840 per
648 788 728 827 hoc
761 790 875 841 quod
908 803 1018 841 papa
1051 798 1263 842 superstes
1297 802 1381 828 non
1412 788 1540 828 habet

236 866 397 896 tantam
430 865 685 909 potestatem
719 871 846 909 super
880 871 1034 910 corpus
1065 859 1129 898 vel
1159 872 1266 911 opus
1300 858 1538 912 proprium,

182 939 335 978 mergo
393 927 528 967 multo
573 927 706 978 magis
751 940 833 966 non
880 941 1006 980 super
1054 941 1161 981 opus
1206 929 1282 967 Dei
1330 937 1415 967 tam
1460 928 1830 978 sibiTheP0pemight

235 997 439 1048 alienum;
470 996 600 1035 homo
635 997 745 1035 enim
778 997 961 1050 quadam
995 997 1263 1037 naturalitate
1294 997 1539 1036 dominatur
1553 975 1828 1038 ffifrritosprigtehifiii

234 1079 361 1118 super
393 1066 557 1104 actibus
592 1075 631 1105 et
663 1066 862 1118 operibus
895 1067 1093 1119 propriis,
1120 1080 1196 1105 nec
1230 1076 1353 1106 autor
1390 1079 1539 1105 nature
1656 1045 1729 1081 se1f3

235 1135 351 1174 dedit
389 1148 497 1187 pape
537 1143 793 1188 potestatem
833 1136 1130 1175 adversantem
1170 1137 1310 1175 ordini
1344 1136 1538 1175 naturali.

293 1209 574 1258 Assumptum
602 1214 718 1258 patet
752 1219 799 1244 ex
831 1205 912 1244 hoc
946 1206 1062 1258 quod
1097 1215 1196 1247 tunc
1229 1215 1372 1258 posset
1405 1205 1539 1245 facere

183 1282 218 1313 15
235 1288 341 1327 opus
392 1288 516 1314 suum
567 1288 656 1314 esse
707 1283 1087 1328 quantumcunque
1141 1276 1407 1316 meritorium
1460 1275 1539 1314 sibi

139 1350 220 1383 20:⁷2e
234 1344 450 1396 placuerit,
484 1344 583 1398 quia
615 1344 796 1384 limitare
832 1345 962 1384 beatis
996 1345 1111 1398 quod
1144 1346 1223 1384 sibi
1257 1344 1539 1385 assisterent*

234 1422 613 1466 quantumcunque
658 1414 838 1453 voluerit
879 1415 1176 1466 promerendo.
1219 1414 1386 1454 Stultus
1426 1415 1537 1454 enim

235 1482 341 1522 foret
385 1483 457 1536 qui
501 1491 677 1537 propter
722 1483 877 1523 fastum
922 1485 986 1523 vel
1031 1493 1231 1537 questum
1276 1485 1370 1536 plus
1412 1485 1536 1524 bene-

235 1551 389 1591 faceret
426 1552 546 1591 alteri
586 1553 726 1592 minus
760 1553 903 1605 digno,
938 1567 1065 1606 quam
1101 1554 1232 1593 eciam
1274 1553 1538 1594 benefaceret

178 1638 219 1660 20
234 1621 312 1660 sibi
344 1621 439 1674 ipsi,
484 1630 524 1661 et
556 1622 589 1661 si
629 1623 793 1662 dicatur
825 1623 939 1675 quod
981 1632 1166 1675 potestas
1212 1637 1296 1662 non
1329 1623 1453 1663 datur
1492 1632 1537 1663 ut

232 1691 290 1730 sic
331 1690 565 1731 benefaciat
604 1692 682 1730 sibi
715 1692 809 1744 ipsi,
850 1701 965 1744 patet
1010 1693 1124 1745 quod
1157 1692 1273 1731 Deus
1314 1694 1384 1732 dat
1422 1702 1538 1745 pote—

233 1769 384 1801 statem
409 1761 545 1800 solum
570 1761 621 1800 ad
655 1763 815 1801 bonum
850 1775 927 1801 suo
960 1763 1264 1814 predestinatO.
1290 1763 1389 1802 Ideo
1423 1763 1539 1802 daret

234 1843 312 1869 suo
356 1831 513 1869 vicario
569 1840 840 1884 potestatem,
887 1841 934 1872 ut
981 1833 1060 1872 sibi
1113 1833 1320 1872 retribuat
1372 1841 1538 1871 tantum

235 1901 409 1939 bonum.
445 1901 526 1940 Sed
561 1902 800 1941 Hostiensis
835 1900 901 1957 (ut
934 1902 1103 1941 recitavi
1137 1898 1351 1957 superius)
1393 1902 1536 1941 horre-

178 1976 216 2009 25
236 1970 306 2009 bat
352 1970 476 2009 istam
510 1970 723 2022 ficticiam,
769 1972 868 2024 quia
912 1981 1076 2011 certum
1121 1971 1290 2010 videtur
1334 1972 1464 2025 quod,
1505 1973 1537 2012 si

233 2039 408 2079 haberet
447 2049 607 2079 tantam
647 2050 901 2093 potestatem
941 2054 1068 2094 super
1101 2041 1298 2080 demonia
1339 2050 1379 2080 et
1412 2048 1828 2111 supesssssssffllosfflgthffiss

235 2118 410 2149 cunctos
455 2110 649 2149 subditos
701 2123 800 2149 suos
852 2111 993 2163 quoad
1042 2123 1196 2163 corpus
1245 2119 1285 2149 et
1336 2111 1536 2162 animam,
1628 2118 1754 2146 service.

234 2179 408 2218 haberet
447 2179 579 2218 eciam
607 2188 860 2232 potestatem
894 2193 1020 2232 super
1054 2193 1202 2219 eorum
1234 2180 1536 2231 substanciam,

236 2257 275 2287 et
310 2258 411 2288 tunc
445 2249 568 2288 multi
600 2263 709 2302 pape
751 2248 814 2302 (ut
849 2248 1051 2305 creditur)
1085 2248 1282 2289 fecissent
1321 2251 1536 2302 miracula,

178 2318 478 2358 3omandando
523 2319 741 2371 spiritibus
789 2318 935 2359 afferre
975 2320 1052 2359 sibi
1093 2319 1314 2359 thesauros
1360 2321 1535 2359 abscon-

236 2387 345 2426 ditos
371 2396 409 2427 et
433 2388 754 2441 acquisivissent
787 2388 864 2428 sibi
889 2389 1076 2427 dominia
1099 2389 1204 2427 adeo
1228 2389 1433 2430 affectata.
1454 2389 1535 2429 Sed

236 2455 301 2511 (ut
317 2457 506 2497 innuitur
516 2462 606 2499 Act.
622 2458 689 2509 ΙΙΙ,
701 2457 758 2512 6),
774 2459 872 2512 quia
883 2459 1030 2498 Petrus
1047 2472 1131 2497 non
1147 2459 1295 2498 habuit
1312 2460 1537 2511 possessio-

235 2540 329 2565 nem
355 2527 445 2566 auri
478 2528 542 2566 vel
574 2528 750 2579 argenti,
776 2529 870 2567 ideo
901 2528 1048 2567 habuit
1074 2536 1328 2580 potestatem
1362 2529 1537 2568 sanandi

287 2682 330 2701 10.
350 2674 372 2700 B
400 2675 429 2701 in
453 2682 569 2709 marg:
584 2674 671 2709 Item,
688 2673 810 2702 difficile
824 2675 943 2702 videtur
960 2675 1061 2702 dicere
1075 2675 1157 2710 quod
1174 2675 1245 2702 talia
1261 2675 1369 2703 merita
1384 2676 1537 2704 bonorum

233 2719 264 2747 in
299 2720 397 2755 patria
431 2728 490 2756 que
521 2721 668 2748 dominus
700 2728 779 2756 papa
811 2721 963 2756 pretendit
993 2730 1025 2748 se
1057 2721 1209 2756 impertiri
1230 2722 1403 2749 secundum
1431 2726 1536 2749 votum

234 2774 324 2793 suum
354 2766 457 2793 adhuc
486 2771 666 2794 remaneant
695 2767 930 2801 irremunerata,
974 2768 1081 2795 saltem
1113 2775 1185 2794 cum
1223 2767 1372 2797 dominus
1407 2767 1538 2801 premiat

233 2812 312 2840 ultra
331 2812 521 2848 condignum
542 2818 571 2842 et
589 2813 679 2850 punit
698 2813 784 2841 citra.
