2051 3273
232 205 308 244 180
929 216 1153 248 JOHANle
1178 215 1374 247 WYCLIF.
1610 202 1717 260 [cm.
1737 213 1815 241 vm.

216 327 395 389 „effssssfflffi
422 329 488 389 ishe
504 320 615 371 dicit,
649 334 747 363 nam
780 321 841 359 lex
878 320 1149 359 consiliorum
1185 328 1245 358 est
1281 328 1493 371 perpetua,
1537 334 1620 358 non
1663 321 1818 359 habens
1839 333 1912 364 1530
1940 334 1968 365 T

215 389 774 458 stateceosfceinno-contrarium,
806 404 903 429 cum
935 389 1055 442 ponit
1078 389 1296 428 hominem
1333 388 1373 427 in
1407 397 1528 441 statu,
1563 390 1684 429 statui
1719 390 1817 429 utri-

505 473 636 512 usque
669 459 910 498 innocencie
933 458 1239 512 propinquiori,
1283 467 1437 497 statum
1470 468 1612 498 autem
1655 459 1816 512 magni-

503 529 657 567 tudinis
681 529 872 568 secularis
895 537 1060 581 oportet
1083 529 1266 566 deserere
1285 537 1454 580 propter
1476 529 1562 567 eius
1586 542 1818 581 repugnan-

503 597 610 636 ciam
643 598 765 637 statui
799 598 1078 638 beatitudinis.
1114 598 1346 645 Quomodo
1387 611 1483 650 ergo
1517 612 1602 637 non
1648 607 1707 638 est
1739 599 1852 641 alio5

502 676 610 706 statu
662 667 944 720 inperfeccior,
979 681 1075 706 cum
1127 667 1292 719 respicit
1341 667 1673 720 magnitudinem
1712 677 1817 707 tem-

501 736 688 789 poralem
723 751 850 790 quam
885 745 1052 789 oportet
1090 737 1289 787 deserere,
1334 737 1438 776 alius
1482 746 1623 776 autem
1656 738 1817 790 magni-

500 806 690 845 tudinem
722 807 886 846 virtutis
919 820 1047 860 quam
1070 815 1235 859 oportet
1267 820 1430 859 semper
1452 804 1624 846 habere?
1649 807 1709 846 Ex
1732 808 1817 846 istis

502 876 710 928 colligitur
752 878 865 930 quod
917 875 1076 916 domini
1124 877 1376 928 temporales
1419 885 1591 928 possent
1636 877 1817 916 maxime

236 950 342 978 Hence
363 952 461 978 rulers
500 945 675 985 zelando
733 961 810 999 pro
867 946 1090 1000 privilegiis
1147 945 1316 985 ecclesie
1383 959 1604 985 exonerare
1660 946 1816 985 clerum
1837 967 1874 988 ιο

211 987 486 1056 ἓῐῖἒὲἓῦἒῖἳῑέῖῑὲὲξ
502 1029 627 1054 suum
667 1017 716 1055 ab
756 1016 1042 1069 occupacione
1087 1016 1389 1069 temporalium
1434 1030 1514 1069 que
1555 1025 1651 1055 sunt
1682 1025 1817 1068 preter

288 1057 408 1084 wealth.
502 1086 730 1125 necessaria
747 1087 799 1125 ad
817 1086 1055 1125 faciendum
1071 1100 1178 1139 opus
1204 1085 1510 1139 evangelicumg
1533 1100 1629 1125 nam
1644 1095 1816 1138 possent

502 1155 558 1194 sic
592 1155 783 1195 faciendo
817 1157 1013 1195 reducere
1047 1156 1263 1195 ecclesiam
1304 1154 1397 1195 cleri
1438 1156 1489 1195 ad
1523 1155 1817 1208 perfecciorem

500 1233 656 1264 statum
703 1239 750 1264 ex
783 1225 916 1277 dictis,
962 1227 1034 1266 sed
1079 1240 1176 1265 cum
1208 1225 1468 1278 impossibile
1514 1225 1565 1264 sit
1597 1226 1814 1265 hominem

498 1308 623 1346 posse
656 1294 787 1334 facere
810 1296 971 1335 bonum
996 1296 1045 1335 de
1069 1309 1229 1348 genere,
1263 1295 1341 1333 nisi
1371 1303 1513 1348 posset
1547 1294 1679 1335 facere
1710 1296 1815 1335 illud
1834 1304 1869 1335 15

498 1364 617 1415 bene,
652 1365 839 1418 sequitur
872 1366 988 1418 quod.
1016 1365 1177 1404 domini
1200 1366 1453 1418 temporales
1477 1373 1650 1417 possent
1684 1364 1815 1404 facere

497 1432 601 1472 illud
624 1434 740 1473 bene.
773 1434 903 1485 Absit,
928 1435 1115 1488 inquam,
1149 1435 1310 1474 credere
1344 1435 1459 1488 quod
1493 1443 1622 1474 status
1655 1434 1695 1473 in
1729 1448 1854 1488 quoa

499 1502 625 1542 Cesar
657 1504 800 1556 posuit
832 1504 992 1543 clerum
1026 1518 1111 1543 non
1164 1513 1306 1557 posset
1352 1504 1457 1543 solvi
1501 1504 1610 1543 licite
1643 1513 1815 1557 propter

497 1571 788 1612 habitudinem
823 1574 1087 1613 sacerdotum
1122 1573 1276 1613 Christi
1310 1574 1361 1612 ad
1393 1573 1570 1627 globum
1601 1582 1810 1626 tempora-

498 1641 614 1681 lium.
666 1643 719 1681 Et
757 1657 854 1682 cum
894 1652 1024 1682 status
1057 1643 1100 1682 in
1134 1657 1220 1696 quo
1256 1643 1448 1683 Christus
1482 1643 1624 1695 posuit
1656 1644 1811 1683 clerum
1831 1662 1871 1682 20

498 1725 623 1751 suum
670 1712 840 1751 dissolvi
889 1722 1032 1765 posset
1076 1713 1184 1752 licite
1243 1722 1412 1766 propter
1457 1712 1812 1765 inperfeccionem

495 1781 751 1821 habitudinis
795 1782 877 1822 vite
917 1797 1063 1822 eorum
1102 1784 1152 1821 ad
1192 1792 1484 1835 paupertatem
1528 1783 1811 1835 evangelicam

497 1860 536 1891 et
559 1852 636 1890 alia
662 1852 880 1892 carismata
912 1852 950 1890 in
979 1853 1131 1904 quibus
1163 1852 1354 1892 Christus
1389 1852 1547 1891 dotavit
1580 1852 1809 1902 ecclesiam,

496 1934 637 1960 nonne
671 1921 776 1961 foret
800 1931 1043 1974 suspectum
1066 1923 1254 1972 verbum,
1289 1935 1488 1960 accusans
1513 1921 1849 1974 proprietariosb

495 1992 545 2029 de
567 1989 592 2017 ss
615 1991 838 2030 affeccione
867 1991 1103 2031 inordinata
1132 1991 1446 2044 temporalibus,
1481 1991 1659 2030 dicendo
1694 1992 1809 2043 quod
1831 1996 1908 2031 153¹l

494 2061 557 2100 lex
581 2061 655 2100 Dei
686 2071 724 2101 et
747 2062 834 2101 eius
859 2062 1084 2101 consilium
1107 2071 1204 2100 sunt
1224 2060 1472 2114 temporalia
1494 2061 1569 2099 sub
1594 2060 1807 2112 dispensa-

495 2131 615 2170 cione
664 2131 871 2182 cadencia,
926 2132 996 2169 sed
1048 2145 1134 2170 non
1186 2130 1400 2169 ordinacio
1452 2129 1613 2169 Cesaris
1668 2130 1846 2182 quoade

496 2201 777 2240 donacionem
817 2197 1144 2254 temporalium?
1192 2199 1411 2253 Numquid
1454 2199 1661 2238 credimus
1694 2200 1808 2252 quod

495 2271 880 2310 excommunicacio
896 2271 960 2309 vel
977 2269 1285 2309 malediccionis
1297 2268 1586 2321 interpretacio
1603 2269 1695 2321 plus
1711 2268 1809 2321 ligat

495 2340 790 2380 dissolventem
824 2340 1137 2380 ordinacionem
1185 2338 1459 2378 dominorum
1491 2338 1805 2390 temporalium,
1824 2348 1866 2379 30

494 2424 623 2463 quam
656 2410 1041 2450 excommunicacio
1066 2409 1234 2459 Christi,
1257 2408 1456 2448 Johannis
1490 2416 1528 2446 et
1560 2407 1676 2446 Pauli
1708 2407 1807 2460 ligat

494 2480 794 2519 dissolventem
829 2479 981 2519 Christi
1026 2476 1276 2518 consilium?
1322 2479 1474 2517 Nonne
1519 2477 1616 2516 dicit
1653 2477 1807 2516 Paulus

495 2550 627 2589 Galat.
663 2550 713 2600 10,
738 2559 782 2600 o:
818 2550 861 2588 Si
883 2551 976 2602 quis
999 2549 1121 2589 aliud
1144 2549 1505 2602 evangelizaverit
1518 2555 1669 2600 preter
1701 2546 1810 2586 illud

493 2620 606 2671 quod
651 2621 991 2673 evangelizatum
1036 2625 1111 2669 est,
1159 2619 1387 2658 anathema
1420 2619 1485 2667 sit,
1520 2626 1557 2655 et
1590 2631 1686 2656 cum
1719 2616 1808 2668 ipse

546 2810 588 2834 1-1-
619 2802 684 2827 nuo
706 2801 815 2828 verba:
847 2802 924 2828 sicut
955 2805 1037 2835 patet
1059 2801 1149 2830 (sicut
1184 2805 1264 2834 patet
1302 2808 1337 2826 ex
1370 2800 1470 2833 dictis)
1505 2799 1573 2826 huic
1604 2800 1671 2826 loco
1697 2800 1805 2825 deesse

494 2849 643 2875 videnlur.
781 2849 820 2873 113.
843 2849 869 2874 A
891 2849 946 2881 Δρ
969 2852 1100 2881 possunt
1126 2847 1235 2873 tacere.
1370 2846 1414 2874 32.
1436 2845 1473 2871 Ρη
1495 2845 1656 2872 consilium
1679 2844 1803 2872 Christi.
