2051 3343
217 230 306 259 CAP.
321 218 391 278 vr]
717 231 778 263 DE
805 230 1041 263 ECCLESIA.
1741 232 1810 258 121

66 350 98 383 Ε
121 347 201 392 145b
215 339 295 379 erit
326 339 368 378 in
402 344 609 386 eternum,
633 335 708 377 sed
729 334 957 376 dicendum
977 335 1074 389 fuit
1086 334 1136 375 de
1159 348 1344 388 corpore
1369 335 1531 375 domini

214 422 316 450 vero
350 415 476 462 atque
499 409 737 461 permixto,
770 412 847 446 aut
879 418 980 446 vero
1018 412 1142 458 atque
1173 405 1390 454 simulato,
1430 405 1530 458 quia

216 492 298 518 non
330 479 467 518 solum
501 479 543 517 in
574 483 785 527 eternum,
818 488 968 515 verum
1003 476 1138 515 eciam
1179 488 1294 514 nunc
1316 477 1530 528 ypocrite

215 561 299 588 non
332 561 426 588 cum
461 549 535 588 illo
578 561 667 588 esse
712 546 884 587 dicendi
921 552 1033 586 sunt.
1076 546 1186 585 Ecce
1229 559 1360 600 quam
1406 546 1530 599 plane

182 618 289 660 5iste
322 627 487 659 sanctus
520 617 671 658 diffinit
702 617 819 671 quod
847 616 1013 670 presciti
1045 629 1132 656 non
1166 625 1263 656 sunt
1294 616 1345 656 de
1377 615 1531 656 Christi

216 688 399 728 ecclesia.
435 688 555 728 Unde
587 688 648 727 De
678 686 1026 738 Consecracione,
1064 687 1103 728 d.
1137 687 1203 738 Ila,
1236 685 1337 725 Hoc
1380 698 1529 726 sacra-

214 764 414 810 mentum,
447 757 545 798 dicit
576 771 713 797 canon
744 757 862 810 quod
886 769 972 809 per
1004 756 1266 797 cibacionem
1300 756 1530 796 eucaristie

213 829 456 868 societatem
508 828 599 867 vult
650 827 836 880 intelligi
889 827 1088 878 corporis
1136 833 1175 866 et
1238 826 1529 865 membrorum

214 898 327 950 quod
359 903 420 937 est
451 897 629 937 ecclesia
668 897 709 936 in
758 896 1081 949 predestinatis.
1121 896 1174 936 Et
1195 896 1257 936 De
1278 895 1530 947 penitencia,

163 986 201 1008 10
216 968 254 1007 d.
287 967 375 1019 Na,
410 967 454 1006 Si
484 980 539 1007 ex
571 967 703 1017 h0n0;
724 976 764 1007 et
796 980 892 1019 sepe
919 966 1027 1006 infra
1056 966 1232 1006 habetur
1255 966 1372 1020 quod
1402 979 1530 1005 nemo

217 1046 278 1077 est
309 1038 360 1076 de
393 1050 522 1090 regno
558 1036 712 1077 Christi
745 1037 861 1090 quod
894 1045 955 1077 est
979 1036 1163 1088 ecclesia,
1196 1035 1272 1075 nisi
1304 1049 1398 1075 vere
1420 1035 1531 1076 filius

217 1121 344 1162 quem
377 1115 493 1160 pater
515 1106 629 1147 dedit
652 1107 742 1148 sibi.
766 1107 827 1146 De
850 1121 936 1160 quo
969 1106 1068 1147 dicit
1088 1106 1179 1146 Joh.
1205 1107 1292 1157 1110,
1330 1107 1391 1158 16,
1415 1106 1531 1159 quod

217 1186 384 1231 oportet
416 1184 461 1216 ut
481 1190 566 1217 non
593 1183 763 1230 pereat,
794 1177 869 1217 sed
899 1177 1056 1217 habeat
1079 1178 1209 1217 vitam
1240 1183 1444 1217 eternam.
1478 1176 1533 1217 Et

216 1248 272 1288 sic
305 1247 428 1287 multi
460 1256 558 1287 sunt
596 1247 637 1286 in
677 1247 847 1287 ecclesia
885 1247 957 1301 qui
997 1255 1202 1287 vocantur
1248 1245 1321 1286 filii
1366 1259 1529 1286 nuncu-

162 1317 350 1371 15patim
382 1317 455 1370 qui
486 1330 573 1356 non
607 1326 704 1357 sunt
735 1318 785 1357 de
818 1316 1001 1357 ecclesia.

169 1394 202 1427 F
277 1386 533 1427 Conceditur
556 1400 655 1438 ergo
681 1387 795 1440 quod
817 1386 950 1427 homo
966 1387 1038 1441 qui
1054 1396 1115 1427 est
1138 1386 1376 1427 humanum
1397 1400 1530 1441 genus
1547 1385 1823 1449 Mffl‘igssuisscffim

218 1466 278 1497 est
320 1456 474 1510 partim
517 1456 720 1510 prescitus
760 1465 799 1496 et
830 1456 982 1510 partim
1027 1457 1346 1510 predestinatus,
1392 1466 1431 1497 et
1474 1457 1531 1497 sic

215 1536 406 1580 tempore
439 1540 516 1566 suo
549 1526 702 1579 partim
756 1526 938 1567 salvatus
983 1536 1022 1567 et
1065 1527 1218 1580 partim
1262 1528 1529 1580 dampnatus,

217 1597 289 1636 sed
319 1596 387 1635 ille
420 1609 507 1635 non
540 1605 602 1636 est
633 1596 817 1648 ecclesia,
841 1597 1035 1650 quamvis
1058 1596 1181 1637 faciat
1204 1597 1412 1651 quidquid
1434 1596 1532 1637 facit

161 1684 203 1706 20
218 1666 367 1720 aliquis
409 1666 567 1717 homo,
625 1666 724 1720 quia
767 1668 819 1706 ad
862 1667 1069 1707 unitatem
1123 1667 1346 1721 requiritur
1393 1668 1530 1708 unitas

219 1735 380 1788 capitis,
412 1736 482 1774 sed
516 1744 563 1776 ut
595 1735 695 1776 dicit
726 1737 944 1789 apostolus
977 1736 1031 1776 Ha
1064 1736 1161 1777 Cor.
1194 1737 1284 1789 vlo,
1323 1738 1386 1778 15.
1442 1737 1533 1786 Que

218 1806 447 1846 convencio
470 1806 628 1846 Christi
649 1806 705 1845 ad
722 1806 901 1846 Belial?
923 1807 1020 1846 Non
1047 1820 1145 1860 ergo
1169 1816 1266 1847 sunt
1288 1808 1374 1848 duo
1398 1808 1534 1861 capita

218 1889 266 1915 ex
299 1889 408 1929 equo
440 1876 505 1915 vel
539 1876 824 1928 subordinata‚
870 1890 968 1916 cum
1010 1877 1246 1917 secundum
1288 1878 1533 1931 apostolum

216 1958 297 1998 que
328 1958 354 1984 a
386 1945 480 1985 Deo
501 1951 602 1985 sunt
631 1945 848 1998 ordinata,
880 1953 993 1986 sunt.
1017 1947 1071 1987 Et
1102 1947 1159 1987 sic
1191 1947 1323 1987 homo
1355 1947 1531 1987 humani

162 2020 201 2053 25
217 2015 378 2068 generis
411 2024 470 2055 est
502 2029 654 2068 corpus
686 2017 874 2057 naturale
919 2017 991 2056 sed
1035 2030 1120 2057 non
1167 2031 1320 2071 corpus
1365 2018 1532 2058 ecclesie

218 2093 389 2138 propter
422 2085 705 2125 diversitatem
755 2086 1054 2126 contrarietatis
1099 2087 1287 2140 capitum
1331 2096 1370 2127 et
1414 2088 1531 2141 equi-

218 2155 494 2195 vocacionem
545 2155 826 2196 ordinacionis
878 2156 1018 2196 divine
1069 2157 1121 2196 ad
1172 2157 1351 2210 gloriam
1395 2166 1435 2198 et
1480 2158 1531 2197 ad

219 2237 386 2277 penam.

277 2295 331 2334 Et
363 2303 476 2347 patet
508 2295 610 2348 quid
644 2296 817 2335 concedi
841 2297 989 2337 debeat
1021 2306 1059 2337 et
1082 2297 1185 2350 quid
1218 2297 1358 2350 negari
1390 2298 1433 2337 in
1455 2298 1533 2338 ista
1559 2302 1812 2365 &32523323251

163 2367 204 2400 30
219 2364 404 2404 materia.
437 2366 548 2405 Nam
567 2366 739 2405 concedi
763 2366 887 2407 debet
900 2368 1017 2420 quod
1030 2367 1162 2408 homo
1179 2368 1340 2423 generis
1356 2368 1532 2408 humani
1547 2372 1719 2409 ofitsparts
1734 2373 1822 2410 does,

218 2434 315 2474 facit
352 2435 560 2489 quidquid
603 2435 744 2490 aliqua
787 2436 875 2476 eius
918 2451 1012 2491 pars
1061 2437 1170 2492 facit,
1215 2447 1255 2478 et
1298 2439 1426 2479 simul
1470 2448 1531 2480 est

270 2573 298 2601 6.
335 2572 365 2600 A
383 2573 414 2600 in
435 2580 550 2608 marg.:
587 2572 714 2601 presciti
735 2581 797 2601 non
818 2579 890 2602 sunt
911 2574 949 2602 de
970 2574 1086 2603 Christi
1115 2576 1255 2604 ecclesia.
1421 2585 1465 2604 22.
1488 2578 1520 2606 In

217 2619 325 2647 codd:
347 2627 405 2656 que
427 2620 686 2648 communicacio.
710 2619 837 2649 Correxi
857 2629 873 2649 e
892 2621 919 2649 II
940 2621 1014 2650 Cor.
1035 2621 1087 2659 Vl,
1109 2622 1148 2650 15.

278 2737 310 2770 6.
338 2738 473 2770 Decreti
494 2739 549 2771 III.
567 2749 657 2782 pam,
684 2739 736 2771 De
752 2739 1023 2772 Consecratione
1039 2741 1116 2773 dist.
1134 2742 1172 2783 II,
1188 2752 1261 2786 cap.
1280 2743 1404 2775 LXIII:
1430 2744 1533 2776 Hunc

217 2794 333 2827 cibum
350 2802 383 2828 et
400 2803 522 2838 potum
548 2796 751 2828 societatem
775 2798 851 2829 vult
883 2798 1038 2841 intelligi.
1129 2810 1177 2832 ιο.
1210 2801 1347 2833 Decreti
1379 2801 1418 2833 ΙΙ.
1435 2811 1526 2844 pars,

217 2863 320 2885 causa
344 2853 491 2895 XXXIII,
518 2861 630 2896 quest.
645 2855 700 2896 ΙΙΙ,
727 2855 803 2887 dist.
819 2855 876 2897 IV,
891 2866 964 2899 capa
979 2857 1066 2889 VIII.
1188 2868 1240 2899 24.
1267 2859 1369 2891 Rom.
1393 2859 1481 2900 XIII,
1503 2871 1532 2893 1.
