<?xml version="1.0" encoding="UTF-8"?>
<!DOCTYPE html PUBLIC "-//W3C//DTD XHTML 1.0 Transitional//EN"
    "http://www.w3.org/TR/xhtml1/DTD/xhtml1-transitional.dtd">
<html xmlns="http://www.w3.org/1999/xhtml" xml:lang="en" lang="en">
 <head>
  <title>
</title>
<meta http-equiv="Content-Type" content="text/html;charset=utf-8" />
  <meta name='ocr-system' content='tesseract 3.04.00' />
  <meta name='ocr-capabilities' content='ocr_page ocr_carea ocr_par ocr_line ocrx_word'/>
</head>
<body>
  <div class='ocr_page' id='page_1' title='image "./tractatusdeeccle00wycl_0346.png"; bbox 0 0 2051 3273; ppageno 0'>
   <div class='ocr_carea' id='block_1_1' title="bbox 204 192 1796 244">
    <p class='ocr_par' dir='ltr' id='par_1_1' title="bbox 204 192 1796 244">
     <span class='ocr_line' id='line_1_1' title="bbox 204 192 1796 244; baseline -0.001 -11"><span class='ocrx_word' id='word_1_1' title='bbox 204 194 283 233; x_wconf 74' lang='lat'>312</span> <span class='ocrx_word' id='word_1_2' title='bbox 918 204 1137 234; x_wconf 73' lang='lat' dir='ltr'>JOHANNIs</span> <span class='ocrx_word' id='word_1_3' title='bbox 1167 203 1358 235; x_wconf 59' lang='lat' dir='ltr'>wrcrir.</span> <span class='ocrx_word' id='word_1_4' title='bbox 1591 192 1694 244; x_wconf 66' lang='lat' dir='ltr'>[CAR</span> <span class='ocrx_word' id='word_1_5' title='bbox 1715 200 1796 228; x_wconf 75' lang='grc' dir='ltr'><strong>Χιν.</strong></span> 
     </span>
    </p>
   </div>
   <div class='ocr_carea' id='block_1_2' title="bbox 228 307 1936 776">
    <p class='ocr_par' dir='ltr' id='par_1_2' title="bbox 228 307 1936 776">
     <span class='ocr_line' id='line_1_2' title="bbox 492 307 1936 363; baseline -0.001 -15"><span class='ocrx_word' id='word_1_6' title='bbox 492 323 648 348; x_wconf 87' lang='lat' dir='ltr'>eorum.</span> <span class='ocrx_word' id='word_1_7' title='bbox 684 309 793 346; x_wconf 89' lang='lat' dir='ltr'>Nam</span> <span class='ocrx_word' id='word_1_8' title='bbox 824 308 991 346; x_wconf 77' lang='lat' dir='ltr'>Psalmo</span> <span class='ocrx_word' id='word_1_9' title='bbox 1016 308 1141 356; x_wconf 81' lang='lat' dir='ltr'>V1110,</span> <span class='ocrx_word' id='word_1_10' title='bbox 1178 307 1214 356; x_wconf 78' lang='lat'>8,</span> <span class='ocrx_word' id='word_1_11' title='bbox 1249 308 1297 344; x_wconf 86' lang='lat' dir='ltr'>de</span> <span class='ocrx_word' id='word_1_12' title='bbox 1330 307 1402 345; x_wconf 90' lang='lat' dir='ltr'>illo</span> <span class='ocrx_word' id='word_1_13' title='bbox 1436 307 1603 346; x_wconf 81' lang='lat' dir='ltr'>dicitur:</span> <span class='ocrx_word' id='word_1_14' title='bbox 1643 307 1797 346; x_wconf 81' lang='lat' dir='ltr'>Omnia</span> <span class='ocrx_word' id='word_1_15' title='bbox 1817 318 1895 363; x_wconf 59' lang='lat'>172*¹</span> <span class='ocrx_word' id='word_1_16' title='bbox 1917 322 1936 354; x_wconf 91' lang='lat'>1</span> 
     </span>
     <span class='ocr_line' id='line_1_3' title="bbox 490 376 1798 428; baseline -0.001 -11"><span class='ocrx_word' id='word_1_17' title='bbox 490 379 704 418; x_wconf 73' lang='lat' dir='ltr'>subiecisti</span> <span class='ocrx_word' id='word_1_18' title='bbox 725 378 801 416; x_wconf 77' lang='lat' dir='ltr'>sub</span> <span class='ocrx_word' id='word_1_19' title='bbox 827 377 1010 428; x_wconf 71' lang='lat' dir='ltr'>pedibus</span> <span class='ocrx_word' id='word_1_20' title='bbox 1043 377 1144 424; x_wconf 78' lang='lat' dir='ltr'>eius,</span> <span class='ocrx_word' id='word_1_21' title='bbox 1179 386 1217 415; x_wconf 87' lang='lat' dir='ltr'>et</span> <span class='ocrx_word' id='word_1_22' title='bbox 1249 377 1360 416; x_wconf 88' lang='lat' dir='ltr'>Luce</span> <span class='ocrx_word' id='word_1_23' title='bbox 1383 377 1454 427; x_wconf 76' lang='lat' dir='ltr'>XO,</span> <span class='ocrx_word' id='word_1_24' title='bbox 1490 389 1554 427; x_wconf 85' lang='lat'>22,</span> <span class='ocrx_word' id='word_1_25' title='bbox 1589 376 1686 415; x_wconf 88' lang='lat' dir='ltr'>dicit</span> <span class='ocrx_word' id='word_1_26' title='bbox 1723 376 1798 416; x_wconf 89' lang='lat' dir='ltr'>iste</span> 
     </span>
     <span class='ocr_line' id='line_1_4' title="bbox 494 445 1800 500; baseline -0.001 -14"><span class='ocrx_word' id='word_1_27' title='bbox 494 447 800 500; x_wconf 82' lang='lat' dir='ltr'>primogenitus</span> <span class='ocrx_word' id='word_1_28' title='bbox 865 460 911 484; x_wconf 86' lang='lat' dir='ltr'>ex</span> <span class='ocrx_word' id='word_1_29' title='bbox 975 445 1118 484; x_wconf 87' lang='lat' dir='ltr'>multis</span> <span class='ocrx_word' id='word_1_30' title='bbox 1183 446 1398 485; x_wconf 83' lang='lat' dir='ltr'>fratribus:</span> <span class='ocrx_word' id='word_1_31' title='bbox 1473 445 1629 485; x_wconf 77' lang='lat' dir='ltr'>Omnia</span> <span class='ocrx_word' id='word_1_32' title='bbox 1696 447 1800 486; x_wconf 78' lang='lat' dir='ltr'>mihi</span> 
     </span>
     <span class='ocr_line' id='line_1_5' title="bbox 492 515 1800 568; baseline -0.002 -12"><span class='ocrx_word' id='word_1_33' title='bbox 492 516 654 556; x_wconf 78' lang='lat' dir='ltr'>tradita</span> <span class='ocrx_word' id='word_1_34' title='bbox 686 522 787 555; x_wconf 73' lang='lat' dir='ltr'>sunt</span> <span class='ocrx_word' id='word_1_35' title='bbox 818 529 843 554; x_wconf 81' lang='grc' dir='ltr'><em>α</em></span> <span class='ocrx_word' id='word_1_36' title='bbox 869 522 998 567; x_wconf 74' lang='lat' dir='ltr'>patre</span> <span class='ocrx_word' id='word_1_37' title='bbox 1044 529 1154 563; x_wconf 79' lang='lat' dir='ltr'>meo,</span> <span class='ocrx_word' id='word_1_38' title='bbox 1204 524 1242 554; x_wconf 86' lang='lat' dir='ltr'>et</span> <span class='ocrx_word' id='word_1_39' title='bbox 1279 516 1446 554; x_wconf 79' lang='lat' dir='ltr'>Psalmo</span> <span class='ocrx_word' id='word_1_40' title='bbox 1479 516 1534 554; x_wconf 89' lang='lat'>110</span> <span class='ocrx_word' id='word_1_41' title='bbox 1573 515 1800 568; x_wconf 81' lang='lat' dir='ltr'>alloquitur</span> 
     </span>
     <span class='ocr_line' id='line_1_6' title="bbox 492 584 1833 639; baseline -0.001 -14"><span class='ocrx_word' id='word_1_42' title='bbox 492 595 606 639; x_wconf 84' lang='lat' dir='ltr'>pater</span> <span class='ocrx_word' id='word_1_43' title='bbox 639 595 761 624; x_wconf 87' lang='lat' dir='ltr'>eum:</span> <span class='ocrx_word' id='word_1_44' title='bbox 802 585 975 624; x_wconf 70' lang='lat' dir='ltr'>Postula</span> <span class='ocrx_word' id='word_1_45' title='bbox 1016 599 1039 624; x_wconf 82' lang='lat' dir='ltr'>a</span> <span class='ocrx_word' id='word_1_46' title='bbox 1075 597 1137 623; x_wconf 77' lang='lat' dir='ltr'>me</span> <span class='ocrx_word' id='word_1_47' title='bbox 1171 591 1210 623; x_wconf 81' lang='lat' dir='ltr'>et</span> <span class='ocrx_word' id='word_1_48' title='bbox 1242 584 1350 623; x_wconf 79' lang='lat' dir='ltr'>dabo</span> <span class='ocrx_word' id='word_1_49' title='bbox 1385 584 1458 623; x_wconf 79' lang='lat' dir='ltr'>tibi</span> <span class='ocrx_word' id='word_1_50' title='bbox 1495 592 1645 637; x_wconf 74' lang='lat' dir='ltr'>gentes</span> <span class='ocrx_word' id='word_1_51' title='bbox 1680 586 1833 631; x_wconf 82' lang='lat' dir='ltr'>here-5</span> 
     </span>
     <span class='ocr_line' id='line_1_7' title="bbox 491 655 1798 706; baseline 0 -12"><span class='ocrx_word' id='word_1_52' title='bbox 491 656 663 695; x_wconf 68' lang='lat' dir='ltr'>ditat-em</span> <span class='ocrx_word' id='word_1_53' title='bbox 699 661 831 702; x_wconf 75' lang='lat' dir='ltr'>tuam,</span> <span class='ocrx_word' id='word_1_54' title='bbox 870 661 908 693; x_wconf 79' lang='lat' dir='ltr'>et</span> <span class='ocrx_word' id='word_1_55' title='bbox 933 655 1252 706; x_wconf 77' lang='lat' dir='ltr'>possessionem</span> <span class='ocrx_word' id='word_1_56' title='bbox 1286 660 1402 693; x_wconf 79' lang='lat' dir='ltr'>tuam</span> <span class='ocrx_word' id='word_1_57' title='bbox 1439 655 1641 693; x_wconf 77' lang='lat' dir='ltr'>terminos</span> <span class='ocrx_word' id='word_1_58' title='bbox 1672 660 1798 694; x_wconf 78' lang='lat' dir='ltr'>terre.</span> 
     </span>
     <span class='ocr_line' id='line_1_8' title="bbox 228 720 1802 776; baseline -0.001 -13"><span class='ocrx_word' id='word_1_59' title='bbox 228 720 382 761; x_wconf 72' lang='lat' dir='ltr'>&#39;therefore</span> <span class='ocrx_word' id='word_1_60' title='bbox 402 733 448 759; x_wconf 80' lang='lat' dir='ltr'>his</span> <span class='ocrx_word' id='word_1_61' title='bbox 494 726 553 763; x_wconf 83' lang='lat' dir='ltr'>Ex</span> <span class='ocrx_word' id='word_1_62' title='bbox 586 724 671 763; x_wconf 91' lang='lat' dir='ltr'>istis</span> <span class='ocrx_word' id='word_1_63' title='bbox 704 723 759 762; x_wconf 86' lang='lat' dir='ltr'>sic</span> <span class='ocrx_word' id='word_1_64' title='bbox 792 733 940 776; x_wconf 83' lang='lat' dir='ltr'>arguo:</span> <span class='ocrx_word' id='word_1_65' title='bbox 975 725 1111 762; x_wconf 91' lang='lat' dir='ltr'>Nemo</span> <span class='ocrx_word' id='word_1_66' title='bbox 1143 736 1237 761; x_wconf 81' lang='lat' dir='ltr'>vere</span> <span class='ocrx_word' id='word_1_67' title='bbox 1270 723 1456 774; x_wconf 80' lang='lat' dir='ltr'>possidet</span> <span class='ocrx_word' id='word_1_68' title='bbox 1500 723 1728 776; x_wconf 87' lang='lat' dir='ltr'>quicquam</span> <span class='ocrx_word' id='word_1_69' title='bbox 1758 723 1802 762; x_wconf 88' lang='lat' dir='ltr'>in</span> 
     </span>
    </p>
   </div>
   <div class='ocr_carea' id='block_1_3' title="bbox 214 770 1801 846">
    <p class='ocr_par' dir='ltr' id='par_1_3' title="bbox 214 770 1801 846">
     <span class='ocr_line' id='line_1_9' title="bbox 214 770 1801 846; baseline 0.001 -16"><span class='ocrx_word' id='word_1_70' title='bbox 214 771 294 830; x_wconf 52' lang='lat' dir='ltr'>iiilveg</span> <span class='ocrx_word' id='word_1_71' title='bbox 313 770 470 837; x_wconf 39' lang='lat' dir='ltr'>2023&amp;ng</span> <span class='ocrx_word' id='word_1_72' title='bbox 493 803 597 833; x_wconf 85' lang='lat' dir='ltr'>terra</span> <span class='ocrx_word' id='word_1_73' title='bbox 641 793 718 831; x_wconf 88' lang='lat' dir='ltr'>nisi</span> <span class='ocrx_word' id='word_1_74' title='bbox 750 794 816 832; x_wconf 83' lang='lat' dir='ltr'>vel</span> <span class='ocrx_word' id='word_1_75' title='bbox 849 793 1039 832; x_wconf 89' lang='lat' dir='ltr'>Christus</span> <span class='ocrx_word' id='word_1_76' title='bbox 1083 794 1148 832; x_wconf 90' lang='lat' dir='ltr'>vel</span> <span class='ocrx_word' id='word_1_77' title='bbox 1194 793 1281 831; x_wconf 89' lang='lat' dir='ltr'>eius</span> <span class='ocrx_word' id='word_1_78' title='bbox 1328 792 1450 843; x_wconf 83' lang='lat' dir='ltr'>filius,</span> <span class='ocrx_word' id='word_1_79' title='bbox 1496 793 1566 831; x_wconf 90' lang='lat' dir='ltr'>sed</span> <span class='ocrx_word' id='word_1_80' title='bbox 1600 793 1801 846; x_wconf 89' lang='lat' dir='ltr'>quicquid</span> 
     </span>
    </p>
   </div>
   <div class='ocr_carea' id='block_1_4' title="bbox 205 839 1860 1123">
    <p class='ocr_par' dir='ltr' id='par_1_4' title="bbox 205 839 1860 1123">
     <span class='ocr_line' id='line_1_10' title="bbox 205 839 1800 916; baseline -0.003 -12"><span class='ocrx_word' id='word_1_81' title='bbox 205 839 585 904; x_wconf 43' lang='lat' dir='ltr'>ughtstioii-OSSQS-talis</span> <span class='ocrx_word' id='word_1_82' title='bbox 618 863 860 916; x_wconf 79' lang='lat' dir='ltr'>possederit,</span> <span class='ocrx_word' id='word_1_83' title='bbox 895 871 955 902; x_wconf 90' lang='lat' dir='ltr'>est</span> <span class='ocrx_word' id='word_1_84' title='bbox 986 862 1293 915; x_wconf 87' lang='lat' dir='ltr'>patrimonium</span> <span class='ocrx_word' id='word_1_85' title='bbox 1327 861 1523 913; x_wconf 84' lang='lat' dir='ltr'>crucifixi,</span> <span class='ocrx_word' id='word_1_86' title='bbox 1554 876 1650 915; x_wconf 86' lang='lat' dir='ltr'>ergo</span> <span class='ocrx_word' id='word_1_87' title='bbox 1674 876 1800 901; x_wconf 88' lang='lat' dir='ltr'>nemo</span> 
     </span>
     <span class='ocr_line' id='line_1_11' title="bbox 494 931 1860 985; baseline -0.003 -12"><span class='ocrx_word' id='word_1_88' title='bbox 494 936 542 973; x_wconf 88' lang='lat' dir='ltr'>de</span> <span class='ocrx_word' id='word_1_89' title='bbox 594 934 681 972; x_wconf 89' lang='lat' dir='ltr'>iure</span> <span class='ocrx_word' id='word_1_90' title='bbox 734 932 967 985; x_wconf 78' lang='lat' dir='ltr'>quidquam</span> <span class='ocrx_word' id='word_1_91' title='bbox 1019 932 1205 984; x_wconf 82' lang='lat' dir='ltr'>possidet</span> <span class='ocrx_word' id='word_1_92' title='bbox 1257 931 1335 970; x_wconf 88' lang='lat' dir='ltr'>nisi</span> <span class='ocrx_word' id='word_1_93' title='bbox 1388 931 1510 970; x_wconf 90' lang='lat' dir='ltr'>titulo</span> <span class='ocrx_word' id='word_1_94' title='bbox 1558 931 1801 984; x_wconf 80' lang='lat' dir='ltr'>patrimonii</span> <span class='ocrx_word' id='word_1_95' title='bbox 1821 959 1860 980; x_wconf 69' lang='lat'>10</span> 
     </span>
     <span class='ocr_line' id='line_1_12' title="bbox 496 1000 1802 1055; baseline -0.002 -13"><span class='ocrx_word' id='word_1_96' title='bbox 496 1002 692 1053; x_wconf 83' lang='lat' dir='ltr'>crucifixi,</span> <span class='ocrx_word' id='word_1_97' title='bbox 726 1011 764 1041; x_wconf 92' lang='lat' dir='ltr'>et</span> <span class='ocrx_word' id='word_1_98' title='bbox 796 1016 870 1055; x_wconf 90' lang='lat' dir='ltr'>per</span> <span class='ocrx_word' id='word_1_99' title='bbox 902 1015 1163 1054; x_wconf 85' lang='lat' dir='ltr'>consequens</span> <span class='ocrx_word' id='word_1_100' title='bbox 1187 1001 1419 1054; x_wconf 84' lang='lat' dir='ltr'>superiores</span> <span class='ocrx_word' id='word_1_101' title='bbox 1443 1000 1530 1051; x_wconf 89' lang='lat' dir='ltr'>filii,</span> <span class='ocrx_word' id='word_1_102' title='bbox 1563 1000 1802 1040; x_wconf 88' lang='lat' dir='ltr'>cuiusmodi</span> 
     </span>
     <span class='ocr_line' id='line_1_13' title="bbox 494 1070 1803 1123; baseline -0.003 -11"><span class='ocrx_word' id='word_1_103' title='bbox 494 1082 590 1112; x_wconf 87' lang='lat' dir='ltr'>sunt</span> <span class='ocrx_word' id='word_1_104' title='bbox 609 1072 741 1112; x_wconf 87' lang='lat' dir='ltr'>clerici</span> <span class='ocrx_word' id='word_1_105' title='bbox 758 1082 795 1111; x_wconf 92' lang='lat' dir='ltr'>et</span> <span class='ocrx_word' id='word_1_106' title='bbox 811 1071 1038 1123; x_wconf 79' lang='lat' dir='ltr'>specialiter</span> <span class='ocrx_word' id='word_1_107' title='bbox 1062 1071 1148 1110; x_wconf 89' lang='lat' dir='ltr'>eius</span> <span class='ocrx_word' id='word_1_108' title='bbox 1170 1070 1322 1121; x_wconf 81' lang='lat' dir='ltr'>vicarii,</span> <span class='ocrx_word' id='word_1_109' title='bbox 1345 1071 1461 1123; x_wconf 91' lang='lat' dir='ltr'>prius</span> <span class='ocrx_word' id='word_1_110' title='bbox 1478 1079 1517 1109; x_wconf 90' lang='lat' dir='ltr'>et</span> <span class='ocrx_word' id='word_1_111' title='bbox 1532 1070 1803 1109; x_wconf 81' lang='lat' dir='ltr'>excellencius</span> 
     </span>
    </p>
   </div>
   <div class='ocr_carea' id='block_1_5' title="bbox 497 1139 1803 1194">
    <p class='ocr_par' dir='ltr' id='par_1_5' title="bbox 497 1139 1803 1194">
     <span class='ocr_line' id='line_1_14' title="bbox 497 1139 1803 1194; baseline -0.001 -13"><span class='ocrx_word' id='word_1_112' title='bbox 497 1144 648 1181; x_wconf 84' lang='lat' dir='ltr'>debent</span> <span class='ocrx_word' id='word_1_113' title='bbox 671 1141 883 1194; x_wconf 90' lang='lat' dir='ltr'>possidere</span> <span class='ocrx_word' id='word_1_114' title='bbox 907 1142 956 1179; x_wconf 89' lang='lat' dir='ltr'>de</span> <span class='ocrx_word' id='word_1_115' title='bbox 980 1140 1066 1179; x_wconf 88' lang='lat' dir='ltr'>eius</span> <span class='ocrx_word' id='word_1_116' title='bbox 1084 1140 1338 1192; x_wconf 85' lang='lat' dir='ltr'>patrimonio</span> <span class='ocrx_word' id='word_1_117' title='bbox 1355 1153 1481 1193; x_wconf 90' lang='lat' dir='ltr'>quam</span> <span class='ocrx_word' id='word_1_118' title='bbox 1497 1139 1564 1178; x_wconf 86' lang='lat' dir='ltr'>alii</span> <span class='ocrx_word' id='word_1_119' title='bbox 1586 1139 1803 1181; x_wconf 80' lang='lat' dir='ltr'>seculares.</span> 
     </span>
    </p>
   </div>
   <div class='ocr_carea' id='block_1_6' title="bbox 233 1209 1860 1331">
    <p class='ocr_par' dir='ltr' id='par_1_6' title="bbox 233 1209 1860 1331">
     <span class='ocr_line' id='line_1_15' title="bbox 233 1209 1802 1279; baseline -0.003 -27"><span class='ocrx_word' id='word_1_120' title='bbox 233 1218 448 1279; x_wconf 18' lang='lat' dir='ltr'>-Tfflsffigis</span> <span class='ocrx_word' id='word_1_121' title='bbox 552 1212 631 1251; x_wconf 84' lang='lat' dir='ltr'>Hic</span> <span class='ocrx_word' id='word_1_122' title='bbox 665 1211 815 1250; x_wconf 88' lang='lat' dir='ltr'>dicitur</span> <span class='ocrx_word' id='word_1_123' title='bbox 847 1211 962 1263; x_wconf 86' lang='lat' dir='ltr'>quod</span> <span class='ocrx_word' id='word_1_124' title='bbox 994 1219 1168 1263; x_wconf 81' lang='lat' dir='ltr'>utraque</span> <span class='ocrx_word' id='word_1_125' title='bbox 1202 1210 1417 1249; x_wconf 78' lang='lat' dir='ltr'>conclusio</span> <span class='ocrx_word' id='word_1_126' title='bbox 1442 1219 1501 1248; x_wconf 84' lang='lat' dir='ltr'>est</span> <span class='ocrx_word' id='word_1_127' title='bbox 1524 1209 1802 1248; x_wconf 87' lang='lat' dir='ltr'>concedenda.</span> 
     </span>
     <span class='ocr_line' id='line_1_16' title="bbox 302 1274 1860 1331; baseline -0.004 -9"><span class='ocrx_word' id='word_1_128' title='bbox 302 1274 384 1317; x_wconf 57' lang='lat' dir='ltr'>stuc:</span> <span class='ocrx_word' id='word_1_129' title='bbox 495 1284 603 1321; x_wconf 88' lang='lat' dir='ltr'>Nam</span> <span class='ocrx_word' id='word_1_130' title='bbox 635 1282 721 1319; x_wconf 91' lang='lat' dir='ltr'>iure</span> <span class='ocrx_word' id='word_1_131' title='bbox 753 1280 957 1319; x_wconf 85' lang='lat' dir='ltr'>altissimo</span> <span class='ocrx_word' id='word_1_132' title='bbox 979 1280 1104 1318; x_wconf 84' lang='lat' dir='ltr'>habet</span> <span class='ocrx_word' id='word_1_133' title='bbox 1125 1280 1213 1331; x_wconf 84' lang='lat' dir='ltr'>ipse</span> <span class='ocrx_word' id='word_1_134' title='bbox 1237 1288 1323 1318; x_wconf 89' lang='lat' dir='ltr'>tam</span> <span class='ocrx_word' id='word_1_135' title='bbox 1347 1279 1581 1318; x_wconf 89' lang='lat' dir='ltr'>secuudum</span> <span class='ocrx_word' id='word_1_136' title='bbox 1607 1277 1804 1317; x_wconf 82' lang='lat' dir='ltr'>deitatem</span> <span class='ocrx_word' id='word_1_137' title='bbox 1824 1295 1860 1327; x_wconf 72' lang='lat'>15</span> 
     </span>
    </p>
   </div>
   <div class='ocr_carea' id='block_1_7' title="bbox 495 1347 1865 2584">
    <p class='ocr_par' dir='ltr' id='par_1_7' title="bbox 495 1347 1865 2584">
     <span class='ocr_line' id='line_1_17' title="bbox 495 1347 1804 1404; baseline -0.004 -14"><span class='ocrx_word' id='word_1_138' title='bbox 495 1365 623 1404; x_wconf 84' lang='lat' dir='ltr'>quam</span> <span class='ocrx_word' id='word_1_139' title='bbox 668 1350 902 1389; x_wconf 88' lang='lat' dir='ltr'>secundum</span> <span class='ocrx_word' id='word_1_140' title='bbox 950 1348 1258 1388; x_wconf 77' lang='lat' dir='ltr'>humanitatem</span> <span class='ocrx_word' id='word_1_141' title='bbox 1304 1348 1449 1387; x_wconf 87' lang='lat' dir='ltr'>omnia</span> <span class='ocrx_word' id='word_1_142' title='bbox 1492 1349 1603 1387; x_wconf 86' lang='lat' dir='ltr'>bona</span> <span class='ocrx_word' id='word_1_143' title='bbox 1642 1347 1804 1399; x_wconf 86' lang='lat' dir='ltr'>mundi,</span> 
     </span>
     <span class='ocr_line' id='line_1_18' title="bbox 495 1417 1804 1469; baseline -0.003 -9"><span class='ocrx_word' id='word_1_144' title='bbox 495 1430 534 1460; x_wconf 92' lang='lat' dir='ltr'>et</span> <span class='ocrx_word' id='word_1_145' title='bbox 587 1420 815 1460; x_wconf 87' lang='lat' dir='ltr'>secundum</span> <span class='ocrx_word' id='word_1_146' title='bbox 870 1418 1179 1457; x_wconf 79' lang='lat' dir='ltr'>derivacionem</span> <span class='ocrx_word' id='word_1_147' title='bbox 1230 1418 1279 1457; x_wconf 86' lang='lat' dir='ltr'>ab</span> <span class='ocrx_word' id='word_1_148' title='bbox 1331 1418 1424 1469; x_wconf 88' lang='lat' dir='ltr'>ipso</span> <span class='ocrx_word' id='word_1_149' title='bbox 1477 1417 1591 1456; x_wconf 84' lang='lat' dir='ltr'>fonte</span> <span class='ocrx_word' id='word_1_150' title='bbox 1630 1417 1804 1467; x_wconf 88' lang='lat' dir='ltr'>iusticie,</span> 
     </span>
     <span class='ocr_line' id='line_1_19' title="bbox 495 1487 1805 1541; baseline -0.002 -13"><span class='ocrx_word' id='word_1_151' title='bbox 495 1490 729 1529; x_wconf 86' lang='lat' dir='ltr'>secuudum</span> <span class='ocrx_word' id='word_1_152' title='bbox 774 1489 926 1540; x_wconf 79' lang='lat' dir='ltr'>gradus</span> <span class='ocrx_word' id='word_1_153' title='bbox 971 1488 1223 1541; x_wconf 74' lang='lat' dir='ltr'>dignitatum</span> <span class='ocrx_word' id='word_1_154' title='bbox 1269 1487 1515 1540; x_wconf 84' lang='lat' dir='ltr'>participant</span> <span class='ocrx_word' id='word_1_155' title='bbox 1566 1487 1633 1526; x_wconf 89' lang='lat' dir='ltr'>alii</span> <span class='ocrx_word' id='word_1_156' title='bbox 1685 1487 1805 1526; x_wconf 88' lang='lat' dir='ltr'>bonis</span> 
     </span>
     <span class='ocr_line' id='line_1_20' title="bbox 495 1556 1805 1610; baseline -0.003 -12"><span class='ocrx_word' id='word_1_157' title='bbox 495 1559 593 1609; x_wconf 91' lang='lat' dir='ltr'>suis,</span> <span class='ocrx_word' id='word_1_158' title='bbox 638 1559 679 1596; x_wconf 84' lang='lat' dir='ltr'>in</span> <span class='ocrx_word' id='word_1_159' title='bbox 712 1567 877 1597; x_wconf 85' lang='lat' dir='ltr'>tantum</span> <span class='ocrx_word' id='word_1_160' title='bbox 910 1558 1025 1610; x_wconf 87' lang='lat' dir='ltr'>quod</span> <span class='ocrx_word' id='word_1_161' title='bbox 1058 1557 1089 1595; x_wconf 90' lang='lat' dir='ltr'>si</span> <span class='ocrx_word' id='word_1_162' title='bbox 1122 1557 1209 1610; x_wconf 89' lang='lat' dir='ltr'>ipse</span> <span class='ocrx_word' id='word_1_163' title='bbox 1243 1570 1329 1596; x_wconf 89' lang='lat' dir='ltr'>non</span> <span class='ocrx_word' id='word_1_164' title='bbox 1363 1556 1509 1596; x_wconf 84' lang='lat' dir='ltr'>fuisset</span> <span class='ocrx_word' id='word_1_165' title='bbox 1552 1556 1805 1607; x_wconf 86' lang='lat' dir='ltr'>incarnatus,</span> 
     </span>
     <span class='ocr_line' id='line_1_21' title="bbox 496 1625 1863 1679; baseline -0.002 -12"><span class='ocrx_word' id='word_1_166' title='bbox 496 1643 581 1668; x_wconf 91' lang='lat' dir='ltr'>non</span> <span class='ocrx_word' id='word_1_167' title='bbox 615 1627 759 1667; x_wconf 83' lang='lat' dir='ltr'>fuisset</span> <span class='ocrx_word' id='word_1_168' title='bbox 798 1627 839 1665; x_wconf 89' lang='lat' dir='ltr'>in</span> <span class='ocrx_word' id='word_1_169' title='bbox 880 1636 972 1666; x_wconf 91' lang='lat' dir='ltr'>toto</span> <span class='ocrx_word' id='word_1_170' title='bbox 1005 1640 1156 1679; x_wconf 85' lang='lat' dir='ltr'>genere</span> <span class='ocrx_word' id='word_1_171' title='bbox 1189 1627 1377 1666; x_wconf 87' lang='lat' dir='ltr'>humano</span> <span class='ocrx_word' id='word_1_172' title='bbox 1409 1626 1527 1679; x_wconf 89' lang='lat' dir='ltr'>lapso</span> <span class='ocrx_word' id='word_1_173' title='bbox 1563 1625 1806 1678; x_wconf 85' lang='lat' dir='ltr'>simpliciter</span> <span class='ocrx_word' id='word_1_174' title='bbox 1822 1652 1863 1674; x_wconf 77' lang='lat'>20</span> 
     </span>
     <span class='ocr_line' id='line_1_22' title="bbox 495 1695 1805 1750; baseline -0.003 -12"><span class='ocrx_word' id='word_1_175' title='bbox 495 1699 604 1738; x_wconf 90' lang='lat' dir='ltr'>iusta</span> <span class='ocrx_word' id='word_1_176' title='bbox 647 1696 871 1750; x_wconf 84' lang='lat' dir='ltr'>possessio,</span> <span class='ocrx_word' id='word_1_177' title='bbox 911 1696 967 1734; x_wconf 91' lang='lat' dir='ltr'>sic</span> <span class='ocrx_word' id='word_1_178' title='bbox 1001 1696 1117 1749; x_wconf 86' lang='lat' dir='ltr'>quod</span> <span class='ocrx_word' id='word_1_179' title='bbox 1151 1709 1298 1735; x_wconf 87' lang='lat' dir='ltr'>omnes</span> <span class='ocrx_word' id='word_1_180' title='bbox 1331 1705 1466 1749; x_wconf 85' lang='lat' dir='ltr'>patres</span> <span class='ocrx_word' id='word_1_181' title='bbox 1498 1695 1645 1735; x_wconf 84' lang='lat' dir='ltr'>veteris</span> <span class='ocrx_word' id='word_1_182' title='bbox 1683 1704 1805 1735; x_wconf 87' lang='lat' dir='ltr'>testa-</span> 
     </span>
     <span class='ocr_line' id='line_1_23' title="bbox 496 1764 1808 1819; baseline -0.003 -12"><span class='ocrx_word' id='word_1_183' title='bbox 496 1767 626 1807; x_wconf 87' lang='lat' dir='ltr'>menti</span> <span class='ocrx_word' id='word_1_184' title='bbox 659 1766 810 1819; x_wconf 90' lang='lat' dir='ltr'>quibus</span> <span class='ocrx_word' id='word_1_185' title='bbox 835 1766 946 1804; x_wconf 88' lang='lat' dir='ltr'>Deus</span> <span class='ocrx_word' id='word_1_186' title='bbox 981 1765 1187 1817; x_wconf 85' lang='lat' dir='ltr'>disposuit</span> <span class='ocrx_word' id='word_1_187' title='bbox 1218 1778 1411 1817; x_wconf 76' lang='lat' dir='ltr'>regnum,</span> <span class='ocrx_word' id='word_1_188' title='bbox 1435 1765 1520 1804; x_wconf 86' lang='lat' dir='ltr'>sive</span> <span class='ocrx_word' id='word_1_189' title='bbox 1550 1764 1724 1817; x_wconf 85' lang='lat' dir='ltr'>gentiles</span> <span class='ocrx_word' id='word_1_190' title='bbox 1762 1773 1808 1803; x_wconf 93' lang='lat' dir='ltr'>ut</span> 
     </span>
     <span class='ocr_line' id='line_1_24' title="bbox 495 1833 1807 1888; baseline -0.003 -12"><span class='ocrx_word' id='word_1_191' title='bbox 495 1838 585 1888; x_wconf 88' lang='lat' dir='ltr'>Job,</span> <span class='ocrx_word' id='word_1_192' title='bbox 619 1835 1015 1875; x_wconf 84' lang='lat' dir='ltr'>Nabuchodonosor</span> <span class='ocrx_word' id='word_1_193' title='bbox 1049 1844 1087 1873; x_wconf 91' lang='lat' dir='ltr'>et</span> <span class='ocrx_word' id='word_1_194' title='bbox 1119 1834 1288 1886; x_wconf 84' lang='lat' dir='ltr'>similes,</span> <span class='ocrx_word' id='word_1_195' title='bbox 1322 1834 1406 1874; x_wconf 85' lang='lat' dir='ltr'>sive</span> <span class='ocrx_word' id='word_1_196' title='bbox 1430 1833 1583 1873; x_wconf 87' lang='lat' dir='ltr'>Hebrei</span> <span class='ocrx_word' id='word_1_197' title='bbox 1616 1843 1807 1886; x_wconf 89' lang='lat' dir='ltr'>tempore</span> 
     </span>
     <span class='ocr_line' id='line_1_25' title="bbox 497 1904 1805 1958; baseline -0.002 -12"><span class='ocrx_word' id='word_1_198' title='bbox 497 1908 714 1958; x_wconf 83' lang='lat' dir='ltr'>utriusque</span> <span class='ocrx_word' id='word_1_199' title='bbox 752 1904 867 1956; x_wconf 84' lang='lat' dir='ltr'>legis,</span> <span class='ocrx_word' id='word_1_200' title='bbox 918 1918 1078 1956; x_wconf 88' lang='lat' dir='ltr'>omnes,</span> <span class='ocrx_word' id='word_1_201' title='bbox 1123 1904 1310 1957; x_wconf 86' lang='lat' dir='ltr'>inquam,</span> <span class='ocrx_word' id='word_1_202' title='bbox 1354 1913 1598 1956; x_wconf 85' lang='lat' dir='ltr'>receperunt</span> <span class='ocrx_word' id='word_1_203' title='bbox 1641 1918 1805 1956; x_wconf 85' lang='lat' dir='ltr'>posses-</span> 
     </span>
     <span class='ocr_line' id='line_1_26' title="bbox 497 1973 1863 2027; baseline -0.001 -13"><span class='ocrx_word' id='word_1_204' title='bbox 497 1976 635 2015; x_wconf 88' lang='lat' dir='ltr'>siones</span> <span class='ocrx_word' id='word_1_205' title='bbox 668 1975 755 2014; x_wconf 89' lang='lat' dir='ltr'>iure</span> <span class='ocrx_word' id='word_1_206' title='bbox 779 1974 953 2025; x_wconf 76' lang='lat' dir='ltr'>Christi3</span> <span class='ocrx_word' id='word_1_207' title='bbox 986 1974 1055 2027; x_wconf 86' lang='lat' dir='ltr'>qui</span> <span class='ocrx_word' id='word_1_208' title='bbox 1081 1974 1274 2026; x_wconf 89' lang='lat' dir='ltr'>passione</span> <span class='ocrx_word' id='word_1_209' title='bbox 1297 1988 1370 2013; x_wconf 86' lang='lat' dir='ltr'>sua</span> <span class='ocrx_word' id='word_1_210' title='bbox 1392 1973 1630 2012; x_wconf 87' lang='lat' dir='ltr'>rectificavit</span> <span class='ocrx_word' id='word_1_211' title='bbox 1660 1973 1805 2013; x_wconf 90' lang='lat' dir='ltr'>titulos</span> <span class='ocrx_word' id='word_1_212' title='bbox 1822 1989 1863 2021; x_wconf 79' lang='lat'>25</span> 
     </span>
     <span class='ocr_line' id='line_1_27' title="bbox 498 2043 1807 2096; baseline -0.002 -12"><span class='ocrx_word' id='word_1_213' title='bbox 498 2045 693 2085; x_wconf 87' lang='lat' dir='ltr'>omniurn</span> <span class='ocrx_word' id='word_1_214' title='bbox 737 2044 1026 2083; x_wconf 84' lang='lat' dir='ltr'>membrorum</span> <span class='ocrx_word' id='word_1_215' title='bbox 1070 2056 1259 2094; x_wconf 87' lang='lat' dir='ltr'>suorum,</span> <span class='ocrx_word' id='word_1_216' title='bbox 1306 2056 1453 2096; x_wconf 87' lang='lat' dir='ltr'>ymmo</span> <span class='ocrx_word' id='word_1_217' title='bbox 1486 2043 1807 2095; x_wconf 89' lang='lat' dir='ltr'>quodammodo</span> 
     </span>
     <span class='ocr_line' id='line_1_28' title="bbox 498 2112 1808 2167; baseline -0.002 -13"><span class='ocrx_word' id='word_1_218' title='bbox 498 2114 655 2167; x_wconf 85' lang='lat' dir='ltr'>profuit</span> <span class='ocrx_word' id='word_1_219' title='bbox 700 2113 775 2153; x_wconf 88' lang='lat' dir='ltr'>toti</span> <span class='ocrx_word' id='word_1_220' title='bbox 820 2114 995 2163; x_wconf 77' lang='lat' dir='ltr'>mundo,</span> <span class='ocrx_word' id='word_1_221' title='bbox 1041 2127 1139 2152; x_wconf 89' lang='lat' dir='ltr'>curn</span> <span class='ocrx_word' id='word_1_222' title='bbox 1183 2127 1330 2151; x_wconf 88' lang='lat' dir='ltr'>omnes</span> <span class='ocrx_word' id='word_1_223' title='bbox 1382 2113 1611 2165; x_wconf 89' lang='lat' dir='ltr'>dampnati,</span> <span class='ocrx_word' id='word_1_224' title='bbox 1664 2112 1808 2152; x_wconf 85' lang='lat' dir='ltr'>omnia</span> 
     </span>
     <span class='ocr_line' id='line_1_29' title="bbox 499 2182 1808 2238; baseline -0.003 -14"><span class='ocrx_word' id='word_1_225' title='bbox 499 2185 744 2236; x_wconf 86' lang='lat' dir='ltr'>inanimata,</span> <span class='ocrx_word' id='word_1_226' title='bbox 790 2193 829 2223; x_wconf 88' lang='lat' dir='ltr'>et</span> <span class='ocrx_word' id='word_1_227' title='bbox 877 2183 1051 2222; x_wconf 80' lang='lat' dir='ltr'>breviter</span> <span class='ocrx_word' id='word_1_228' title='bbox 1082 2191 1169 2222; x_wconf 90' lang='lat' dir='ltr'>tota</span> <span class='ocrx_word' id='word_1_229' title='bbox 1202 2182 1446 2238; x_wconf 86' lang='lat' dir='ltr'>universitas</span> <span class='ocrx_word' id='word_1_230' title='bbox 1494 2191 1626 2221; x_wconf 88' lang='lat' dir='ltr'>creata</span> <span class='ocrx_word' id='word_1_231' title='bbox 1664 2182 1808 2234; x_wconf 86' lang='lat' dir='ltr'>recipit</span> 
     </span>
     <span class='ocr_line' id='line_1_30' title="bbox 500 2252 1807 2309; baseline -0.003 -15"><span class='ocrx_word' id='word_1_232' title='bbox 500 2256 712 2309; x_wconf 85' lang='lat' dir='ltr'>quandam</span> <span class='ocrx_word' id='word_1_233' title='bbox 744 2253 1051 2306; x_wconf 87' lang='lat' dir='ltr'>perfeccionem</span> <span class='ocrx_word' id='word_1_234' title='bbox 1085 2253 1311 2292; x_wconf 88' lang='lat' dir='ltr'>secundam</span> <span class='ocrx_word' id='word_1_235' title='bbox 1342 2266 1389 2291; x_wconf 79' lang='lat' dir='ltr'>ex</span> <span class='ocrx_word' id='word_1_236' title='bbox 1412 2252 1493 2291; x_wconf 88' lang='lat' dir='ltr'>vita</span> <span class='ocrx_word' id='word_1_237' title='bbox 1518 2252 1685 2303; x_wconf 81' lang='lat' dir='ltr'>Christi,</span> <span class='ocrx_word' id='word_1_238' title='bbox 1710 2266 1807 2291; x_wconf 89' lang='lat' dir='ltr'>cum</span> 
     </span>
     <span class='ocr_line' id='line_1_31' title="bbox 500 2321 1865 2375; baseline -0.003 -12"><span class='ocrx_word' id='word_1_239' title='bbox 500 2334 613 2363; x_wconf 88' lang='lat' dir='ltr'>totus</span> <span class='ocrx_word' id='word_1_240' title='bbox 647 2324 832 2362; x_wconf 90' lang='lat' dir='ltr'>mundus</span> <span class='ocrx_word' id='word_1_241' title='bbox 856 2324 1089 2361; x_wconf 88' lang='lat' dir='ltr'>secuudum</span> <span class='ocrx_word' id='word_1_242' title='bbox 1112 2322 1342 2375; x_wconf 84' lang='lat' dir='ltr'>quamlibet</span> <span class='ocrx_word' id='word_1_243' title='bbox 1371 2330 1533 2374; x_wconf 84' lang='lat' dir='ltr'>partem</span> <span class='ocrx_word' id='word_1_244' title='bbox 1556 2321 1618 2360; x_wconf 91' lang='lat' dir='ltr'>sui</span> <span class='ocrx_word' id='word_1_245' title='bbox 1641 2321 1805 2360; x_wconf 86' lang='lat' dir='ltr'>racione</span> <span class='ocrx_word' id='word_1_246' title='bbox 1824 2336 1865 2368; x_wconf 79' lang='lat'>30</span> 
     </span>
     <span class='ocr_line' id='line_1_32' title="bbox 500 2391 1806 2445; baseline -0.003 -13"><span class='ocrx_word' id='word_1_247' title='bbox 500 2393 634 2432; x_wconf 91' lang='lat' dir='ltr'>meriti</span> <span class='ocrx_word' id='word_1_248' title='bbox 660 2392 810 2432; x_wconf 89' lang='lat' dir='ltr'>Christi</span> <span class='ocrx_word' id='word_1_249' title='bbox 834 2392 1061 2445; x_wconf 86' lang='lat' dir='ltr'>perfeccius</span> <span class='ocrx_word' id='word_1_250' title='bbox 1091 2391 1215 2431; x_wconf 87' lang='lat' dir='ltr'>servit</span> <span class='ocrx_word' id='word_1_251' title='bbox 1238 2392 1342 2442; x_wconf 86' lang='lat' dir='ltr'>Deo,</span> <span class='ocrx_word' id='word_1_252' title='bbox 1366 2405 1463 2431; x_wconf 91' lang='lat' dir='ltr'>cum</span> <span class='ocrx_word' id='word_1_253' title='bbox 1485 2391 1601 2430; x_wconf 89' lang='lat' dir='ltr'>aliter</span> <span class='ocrx_word' id='word_1_254' title='bbox 1622 2391 1806 2430; x_wconf 88' lang='lat' dir='ltr'>mundus</span> 
     </span>
     <span class='ocr_line' id='line_1_33' title="bbox 500 2460 1807 2513; baseline -0.002 -12"><span class='ocrx_word' id='word_1_255' title='bbox 500 2463 605 2502; x_wconf 86' lang='lat' dir='ltr'>foret</span> <span class='ocrx_word' id='word_1_256' title='bbox 647 2462 842 2513; x_wconf 85' lang='lat' dir='ltr'>colobon,</span> <span class='ocrx_word' id='word_1_257' title='bbox 889 2470 928 2500; x_wconf 91' lang='lat' dir='ltr'>et</span> <span class='ocrx_word' id='word_1_258' title='bbox 966 2470 1100 2513; x_wconf 89' lang='lat' dir='ltr'>partes</span> <span class='ocrx_word' id='word_1_259' title='bbox 1144 2460 1378 2500; x_wconf 88' lang='lat' dir='ltr'>inordinate</span> <span class='ocrx_word' id='word_1_260' title='bbox 1423 2460 1561 2500; x_wconf 89' lang='lat' dir='ltr'>forent</span> <span class='ocrx_word' id='word_1_261' title='bbox 1605 2468 1807 2513; x_wconf 88' lang='lat' dir='ltr'>perpetuo</span> 
     </span>
     <span class='ocr_line' id='line_1_34' title="bbox 501 2531 956 2584; baseline 0 -14"><span class='ocrx_word' id='word_1_262' title='bbox 501 2532 577 2570; x_wconf 83' lang='lat' dir='ltr'>sibi</span> <span class='ocrx_word' id='word_1_263' title='bbox 609 2532 707 2584; x_wconf 88' lang='lat' dir='ltr'>ipsis</span> <span class='ocrx_word' id='word_1_264' title='bbox 741 2531 956 2571; x_wconf 85' lang='lat' dir='ltr'>contrarie.</span> 
     </span>
    </p>
   </div>
   <div class='ocr_carea' id='block_1_8' title="bbox 503 2677 1808 2846">
    <p class='ocr_par' dir='ltr' id='par_1_8' title="bbox 503 2677 1808 2846">
     <span class='ocr_line' id='line_1_35' title="bbox 554 2677 1808 2713; baseline 0 -7"><span class='ocrx_word' id='word_1_265' title='bbox 554 2687 582 2709; x_wconf 76' lang='lat'>0.</span> <span class='ocrx_word' id='word_1_266' title='bbox 604 2681 630 2706; x_wconf 79' lang='grc' dir='ltr'>Λ</span> <span class='ocrx_word' id='word_1_267' title='bbox 651 2680 706 2713; x_wconf 61' lang='lat' dir='ltr'>Al:</span> <span class='ocrx_word' id='word_1_268' title='bbox 729 2687 801 2713; x_wconf 72' lang='lat' dir='ltr'>ergo</span> <span class='ocrx_word' id='word_1_269' title='bbox 816 2695 847 2698; x_wconf 92' lang='lat'>—</span> <span class='ocrx_word' id='word_1_270' title='bbox 862 2679 995 2706; x_wconf 66' lang='lat' dir='ltr'>crucifici</span> <span class='ocrx_word' id='word_1_271' title='bbox 1022 2678 1118 2705; x_wconf 80' lang='lat' dir='ltr'>deest.</span> <span class='ocrx_word' id='word_1_272' title='bbox 1196 2686 1236 2711; x_wconf 60' lang='grc' dir='ltr'>ιι..</span> <span class='ocrx_word' id='word_1_273' title='bbox 1258 2677 1330 2705; x_wconf 80' lang='lat' dir='ltr'>Ain</span> <span class='ocrx_word' id='word_1_274' title='bbox 1354 2685 1467 2711; x_wconf 61' lang='lat' dir='ltr'>marg:</span> <span class='ocrx_word' id='word_1_275' title='bbox 1490 2677 1674 2712; x_wconf 84' lang='lat' dir='ltr'>Responsio.</span> <span class='ocrx_word' id='word_1_276' title='bbox 1698 2678 1808 2706; x_wconf 87' lang='lat' dir='ltr'>Omnis</span> 
     </span>
     <span class='ocr_line' id='line_1_36' title="bbox 503 2723 1807 2760; baseline 0 -8"><span class='ocrx_word' id='word_1_277' title='bbox 503 2725 679 2752; x_wconf 83' lang='lat' dir='ltr'>dominacio</span> <span class='ocrx_word' id='word_1_278' title='bbox 699 2730 726 2752; x_wconf 79' lang='lat' dir='ltr'>et</span> <span class='ocrx_word' id='word_1_279' title='bbox 747 2726 825 2752; x_wconf 84' lang='lat' dir='ltr'>iusta</span> <span class='ocrx_word' id='word_1_280' title='bbox 847 2725 1007 2760; x_wconf 80' lang='lat' dir='ltr'>possessio</span> <span class='ocrx_word' id='word_1_281' title='bbox 1029 2729 1073 2751; x_wconf 87' lang='lat' dir='ltr'>est</span> <span class='ocrx_word' id='word_1_282' title='bbox 1093 2724 1231 2751; x_wconf 78' lang='lat' dir='ltr'>instituta</span> <span class='ocrx_word' id='word_1_283' title='bbox 1257 2733 1293 2751; x_wconf 78' lang='lat' dir='ltr'>ex</span> <span class='ocrx_word' id='word_1_284' title='bbox 1314 2724 1373 2751; x_wconf 83' lang='lat' dir='ltr'>vita</span> <span class='ocrx_word' id='word_1_285' title='bbox 1394 2723 1506 2751; x_wconf 88' lang='lat' dir='ltr'>Christi</span> <span class='ocrx_word' id='word_1_286' title='bbox 1528 2728 1555 2750; x_wconf 83' lang='lat' dir='ltr'>et</span> <span class='ocrx_word' id='word_1_287' title='bbox 1575 2732 1630 2750; x_wconf 86' lang='lat' dir='ltr'>sua</span> <span class='ocrx_word' id='word_1_288' title='bbox 1652 2724 1807 2758; x_wconf 80' lang='lat' dir='ltr'>passione.</span> 
     </span>
     <span class='ocr_line' id='line_1_37' title="bbox 504 2770 1808 2807; baseline 0 -10"><span class='ocrx_word' id='word_1_289' title='bbox 504 2779 542 2798; x_wconf 79' lang='lat'>21.</span> <span class='ocrx_word' id='word_1_290' title='bbox 563 2772 590 2798; x_wconf 80' lang='lat' dir='ltr'><strong>A</strong></span> <span class='ocrx_word' id='word_1_291' title='bbox 605 2771 634 2798; x_wconf 90' lang='lat' dir='ltr'>in</span> <span class='ocrx_word' id='word_1_292' title='bbox 650 2779 762 2807; x_wconf 61' lang='lat' dir='ltr'>marg:</span> <span class='ocrx_word' id='word_1_293' title='bbox 785 2771 965 2799; x_wconf 71' lang='lat' dir='ltr'>Conclusio,</span> <span class='ocrx_word' id='word_1_294' title='bbox 1067 2779 1113 2803; x_wconf 81' lang='lat'>24.</span> <span class='ocrx_word' id='word_1_295' title='bbox 1130 2770 1247 2797; x_wconf 82' lang='lat' dir='ltr'>Codd.:</span> <span class='ocrx_word' id='word_1_296' title='bbox 1269 2779 1376 2797; x_wconf 85' lang='lat' dir='ltr'>omnes</span> <span class='ocrx_word' id='word_1_297' title='bbox 1391 2779 1420 2798; x_wconf 84' lang='lat' dir='ltr'>in</span> <span class='ocrx_word' id='word_1_298' title='bbox 1437 2775 1596 2805; x_wconf 82' lang='lat' dir='ltr'>quantum.</span> <span class='ocrx_word' id='word_1_299' title='bbox 1696 2778 1742 2805; x_wconf 78' lang='lat'>29.</span> <span class='ocrx_word' id='word_1_300' title='bbox 1763 2773 1808 2798; x_wconf 90' lang='lat' dir='ltr'>A:</span> 
     </span>
     <span class='ocr_line' id='line_1_38' title="bbox 505 2817 1703 2846; baseline 0.001 -2"><span class='ocrx_word' id='word_1_301' title='bbox 505 2823 532 2844; x_wconf 87' lang='lat' dir='ltr'>et</span> <span class='ocrx_word' id='word_1_302' title='bbox 553 2817 620 2844; x_wconf 77' lang='lat' dir='ltr'>vita.</span> <span class='ocrx_word' id='word_1_303' title='bbox 763 2817 805 2845; x_wconf 78' lang='lat'>32.</span> <span class='ocrx_word' id='word_1_304' title='bbox 829 2819 962 2846; x_wconf 85' lang='lat' dir='ltr'>colobou</span> <span class='ocrx_word' id='word_1_305' title='bbox 986 2819 1013 2846; x_wconf 84' lang='lat' dir='ltr'>in</span> <span class='ocrx_word' id='word_1_306' title='bbox 1036 2818 1124 2845; x_wconf 86' lang='lat' dir='ltr'>codd.</span> <span class='ocrx_word' id='word_1_307' title='bbox 1147 2822 1228 2845; x_wconf 84' lang='lat' dir='ltr'>recte</span> <span class='ocrx_word' id='word_1_308' title='bbox 1250 2817 1378 2844; x_wconf 84' lang='lat' dir='ltr'>colobos</span> <span class='ocrx_word' id='word_1_309' title='bbox 1399 2817 1428 2844; x_wconf 88' lang='lat' dir='ltr'>id</span> <span class='ocrx_word' id='word_1_310' title='bbox 1450 2821 1511 2844; x_wconf 84' lang='lat' dir='ltr'>est:</span> <span class='ocrx_word' id='word_1_311' title='bbox 1535 2821 1703 2846; x_wconf 73' lang='lat' dir='ltr'>truncatus,</span> 
     </span>
    </p>
   </div>
  </div>
 </body>
</html>
