<?xml version="1.0" encoding="UTF-8"?>
<!DOCTYPE html PUBLIC "-//W3C//DTD XHTML 1.0 Transitional//EN"
    "http://www.w3.org/TR/xhtml1/DTD/xhtml1-transitional.dtd">
<html xmlns="http://www.w3.org/1999/xhtml" xml:lang="en" lang="en">
 <head>
  <title>
</title>
<meta http-equiv="Content-Type" content="text/html;charset=utf-8" />
  <meta name='ocr-system' content='tesseract 3.04.00' />
  <meta name='ocr-capabilities' content='ocr_page ocr_carea ocr_par ocr_line ocrx_word'/>
</head>
<body>
  <div class='ocr_page' id='page_1' title='image "./tractatusdeeccle00wycl_0133.png"; bbox 0 0 2051 3343; ppageno 0'>
   <div class='ocr_carea' id='block_1_1' title="bbox 224 222 1815 281">
    <p class='ocr_par' dir='ltr' id='par_1_1' title="bbox 224 222 1815 281">
     <span class='ocr_line' id='line_1_1' title="bbox 224 222 1815 281; baseline 0.01 -20"><span class='ocrx_word' id='word_1_1' title='bbox 224 231 314 261; x_wconf 79' lang='lat' dir='ltr'>CAP.</span> <span class='ocrx_word' id='word_1_2' title='bbox 340 222 395 281; x_wconf 86' lang='lat' dir='ltr'>v.]</span> <span class='ocrx_word' id='word_1_3' title='bbox 723 236 782 267; x_wconf 86' lang='lat' dir='ltr'>DE</span> <span class='ocrx_word' id='word_1_4' title='bbox 809 235 1042 267; x_wconf 79' lang='lat' dir='ltr'>ECCLESIA.</span> <span class='ocrx_word' id='word_1_5' title='bbox 1763 239 1815 277; x_wconf 83' lang='lat'>99</span> 
     </span>
    </p>
   </div>
   <div class='ocr_carea' id='block_1_2' title="bbox 119 340 1818 409">
    <p class='ocr_par' dir='ltr' id='par_1_2' title="bbox 119 340 1818 409">
     <span class='ocr_line' id='line_1_2' title="bbox 119 340 1818 409; baseline -0.006 -26"><span class='ocrx_word' id='word_1_6' title='bbox 119 350 155 383; x_wconf 85' lang='lat' dir='ltr'>G</span> <span class='ocrx_word' id='word_1_7' title='bbox 185 351 208 383; x_wconf 82' lang='lat'>2</span> <span class='ocrx_word' id='word_1_8' title='bbox 280 341 439 380; x_wconf 81' lang='lat' dir='ltr'>Dicitur</span> <span class='ocrx_word' id='word_1_9' title='bbox 470 342 653 379; x_wconf 86' lang='lat' dir='ltr'>secundo</span> <span class='ocrx_word' id='word_1_10' title='bbox 686 341 801 393; x_wconf 86' lang='lat' dir='ltr'>quod</span> <span class='ocrx_word' id='word_1_11' title='bbox 834 349 1004 392; x_wconf 87' lang='lat' dir='ltr'>propter</span> <span class='ocrx_word' id='word_1_12' title='bbox 1036 340 1354 393; x_wconf 83' lang='lat' dir='ltr'>elongacionem</span> <span class='ocrx_word' id='word_1_13' title='bbox 1377 354 1398 378; x_wconf 85' lang='lat' dir='ltr'>a</span> <span class='ocrx_word' id='word_1_14' title='bbox 1430 353 1525 379; x_wconf 84' lang='lat' dir='ltr'>vera</span> <span class='ocrx_word' id='word_1_15' title='bbox 1539 346 1818 409; x_wconf 38' lang='lat' dir='ltr'>{grgseffshigllssutrhcaht</span> 
     </span>
    </p>
   </div>
   <div class='ocr_carea' id='block_1_3' title="bbox 129 408 1818 488">
    <p class='ocr_par' dir='ltr' id='par_1_3' title="bbox 129 408 1818 488">
     <span class='ocr_line' id='line_1_3' title="bbox 129 408 1818 486; baseline -0.006 -34"><span class='ocrx_word' id='word_1_16' title='bbox 129 411 389 463; x_wconf 59' lang='lat' dir='ltr'>142f¹ecclesia</span> <span class='ocrx_word' id='word_1_17' title='bbox 423 419 461 450; x_wconf 92' lang='lat' dir='ltr'>et</span> <span class='ocrx_word' id='word_1_18' title='bbox 492 411 542 448; x_wconf 89' lang='lat' dir='ltr'>ab</span> <span class='ocrx_word' id='word_1_19' title='bbox 575 409 844 449; x_wconf 88' lang='lat' dir='ltr'>irradiacione</span> <span class='ocrx_word' id='word_1_20' title='bbox 875 409 1046 449; x_wconf 89' lang='lat' dir='ltr'>luminis</span> <span class='ocrx_word' id='word_1_21' title='bbox 1079 409 1264 462; x_wconf 89' lang='lat' dir='ltr'>capitalis</span> <span class='ocrx_word' id='word_1_22' title='bbox 1293 408 1818 486; x_wconf 41' lang='lat' dir='ltr'>frequenteritsmzngtregSsszcteo</span> 
     </span>
     <span class='ocr_line' id='line_1_4' title="bbox 1804 472 1814 488; baseline 0 0"><span class='ocrx_word' id='word_1_23' title='bbox 1804 472 1814 488; x_wconf 79' lang='lat'><em>7</em></span> 
     </span>
    </p>
   </div>
   <div class='ocr_carea' id='block_1_4' title="bbox 164 478 1799 2483">
    <p class='ocr_par' dir='ltr' id='par_1_4' title="bbox 188 478 1799 937">
     <span class='ocr_line' id='line_1_5' title="bbox 220 478 1799 548; baseline -0.005 -28"><span class='ocrx_word' id='word_1_24' title='bbox 220 489 389 533; x_wconf 88' lang='lat' dir='ltr'>putatur</span> <span class='ocrx_word' id='word_1_25' title='bbox 420 479 634 519; x_wconf 91' lang='lat' dir='ltr'>ecclesiam</span> <span class='ocrx_word' id='word_1_26' title='bbox 669 478 821 518; x_wconf 88' lang='lat' dir='ltr'>Christi</span> <span class='ocrx_word' id='word_1_27' title='bbox 845 492 932 518; x_wconf 90' lang='lat' dir='ltr'>esse</span> <span class='ocrx_word' id='word_1_28' title='bbox 955 478 1200 518; x_wconf 88' lang='lat' dir='ltr'>continuam</span> <span class='ocrx_word' id='word_1_29' title='bbox 1222 480 1363 532; x_wconf 85' lang='lat' dir='ltr'>quoad</span> <span class='ocrx_word' id='word_1_30' title='bbox 1384 479 1525 519; x_wconf 90' lang='lat' dir='ltr'>locum</span> <span class='ocrx_word' id='word_1_31' title='bbox 1554 486 1799 548; x_wconf 44' lang='grc' dir='ltr'>Πκέἑιεῶεειιῐξὶἑὲξὸ</span> 
     </span>
     <span class='ocr_line' id='line_1_6' title="bbox 222 547 1796 617; baseline -0.001 -28"><span class='ocrx_word' id='word_1_32' title='bbox 222 558 261 589; x_wconf 92' lang='lat' dir='ltr'>et</span> <span class='ocrx_word' id='word_1_33' title='bbox 292 558 472 602; x_wconf 84' lang='lat' dir='ltr'>tempus,</span> <span class='ocrx_word' id='word_1_34' title='bbox 506 549 610 588; x_wconf 88' lang='lat' dir='ltr'>dum</span> <span class='ocrx_word' id='word_1_35' title='bbox 642 557 779 587; x_wconf 90' lang='lat' dir='ltr'>tamen</span> <span class='ocrx_word' id='word_1_36' title='bbox 815 549 1002 588; x_wconf 87' lang='lat' dir='ltr'>membra</span> <span class='ocrx_word' id='word_1_37' title='bbox 1036 547 1187 588; x_wconf 81' lang='lat' dir='ltr'>Christi</span> <span class='ocrx_word' id='word_1_38' title='bbox 1212 557 1251 588; x_wconf 89' lang='lat' dir='ltr'>et</span> <span class='ocrx_word' id='word_1_39' title='bbox 1282 562 1434 602; x_wconf 86' lang='lat' dir='ltr'>sponse</span> <span class='ocrx_word' id='word_1_40' title='bbox 1457 562 1530 602; x_wconf 90' lang='lat' dir='ltr'>per</span> <span class='ocrx_word' id='word_1_41' title='bbox 1569 554 1796 617; x_wconf 46' lang='lat' dir='ltr'>Oicfiitizirsgdare</span> 
     </span>
     <span class='ocr_line' id='line_1_7' title="bbox 188 611 1757 673; baseline 0 -14"><span class='ocrx_word' id='word_1_42' title='bbox 188 627 204 659; x_wconf 84' lang='lat'><strong>5</strong></span> <span class='ocrx_word' id='word_1_43' title='bbox 219 618 444 658; x_wconf 81' lang='lat' dir='ltr'>vacuitates</span> <span class='ocrx_word' id='word_1_44' title='bbox 467 617 838 671; x_wconf 89' lang='lat' dir='ltr'>predestinacionis</span> <span class='ocrx_word' id='word_1_45' title='bbox 863 627 901 658; x_wconf 92' lang='lat' dir='ltr'>et</span> <span class='ocrx_word' id='word_1_46' title='bbox 923 619 1060 671; x_wconf 89' lang='lat' dir='ltr'>operis</span> <span class='ocrx_word' id='word_1_47' title='bbox 1082 628 1263 658; x_wconf 81' lang='lat' dir='ltr'>rarenter</span> <span class='ocrx_word' id='word_1_48' title='bbox 1277 628 1375 659; x_wconf 87' lang='lat' dir='ltr'>sunt</span> <span class='ocrx_word' id='word_1_49' title='bbox 1389 619 1527 673; x_wconf 89' lang='lat' dir='ltr'>positi.</span> <span class='ocrx_word' id='word_1_50' title='bbox 1751 611 1757 618; x_wconf 52' lang='lat'>⁸</span> 
     </span>
     <span class='ocr_line' id='line_1_8' title="bbox 219 688 1529 742; baseline 0 -14"><span class='ocrx_word' id='word_1_51' title='bbox 219 689 342 728; x_wconf 90' lang='lat' dir='ltr'>Multi</span> <span class='ocrx_word' id='word_1_52' title='bbox 374 688 487 727; x_wconf 89' lang='lat' dir='ltr'>enim</span> <span class='ocrx_word' id='word_1_53' title='bbox 518 696 667 740; x_wconf 90' lang='lat' dir='ltr'>putant</span> <span class='ocrx_word' id='word_1_54' title='bbox 706 696 845 727; x_wconf 88' lang='lat' dir='ltr'>totum</span> <span class='ocrx_word' id='word_1_55' title='bbox 883 689 1094 741; x_wconf 88' lang='lat' dir='ltr'>populum</span> <span class='ocrx_word' id='word_1_56' title='bbox 1133 698 1171 729; x_wconf 92' lang='lat' dir='ltr'>et</span> <span class='ocrx_word' id='word_1_57' title='bbox 1215 698 1355 729; x_wconf 89' lang='lat' dir='ltr'>totum</span> <span class='ocrx_word' id='word_1_58' title='bbox 1400 703 1529 742; x_wconf 85' lang='lat' dir='ltr'>genus</span> 
     </span>
     <span class='ocr_line' id='line_1_9' title="bbox 220 757 1529 811; baseline 0.001 -14"><span class='ocrx_word' id='word_1_59' title='bbox 220 758 295 797; x_wconf 90' lang='lat' dir='ltr'>sibi</span> <span class='ocrx_word' id='word_1_60' title='bbox 329 757 649 797; x_wconf 85' lang='lat' dir='ltr'>succedencium</span> <span class='ocrx_word' id='word_1_61' title='bbox 681 771 767 796; x_wconf 89' lang='lat' dir='ltr'>esse</span> <span class='ocrx_word' id='word_1_62' title='bbox 800 757 1046 797; x_wconf 85' lang='lat' dir='ltr'>christianos</span> <span class='ocrx_word' id='word_1_63' title='bbox 1078 758 1317 798; x_wconf 90' lang='lat' dir='ltr'>verissimos</span> <span class='ocrx_word' id='word_1_64' title='bbox 1351 767 1390 798; x_wconf 92' lang='lat' dir='ltr'>et</span> <span class='ocrx_word' id='word_1_65' title='bbox 1420 758 1529 811; x_wconf 88' lang='lat' dir='ltr'>capi-</span> 
     </span>
     <span class='ocr_line' id='line_1_10' title="bbox 219 827 1532 880; baseline -0.001 -12"><span class='ocrx_word' id='word_1_66' title='bbox 219 828 320 868; x_wconf 86' lang='lat' dir='ltr'>tales</span> <span class='ocrx_word' id='word_1_67' title='bbox 352 827 573 880; x_wconf 87' lang='lat' dir='ltr'>precipuos</span> <span class='ocrx_word' id='word_1_68' title='bbox 612 827 654 866; x_wconf 89' lang='lat' dir='ltr'>in</span> <span class='ocrx_word' id='word_1_69' title='bbox 693 840 785 866; x_wconf 87' lang='lat' dir='ltr'>area</span> <span class='ocrx_word' id='word_1_70' title='bbox 829 836 968 867; x_wconf 86' lang='lat' dir='ltr'>sancte</span> <span class='ocrx_word' id='word_1_71' title='bbox 1013 827 1154 867; x_wconf 89' lang='lat' dir='ltr'>matris</span> <span class='ocrx_word' id='word_1_72' title='bbox 1204 828 1388 879; x_wconf 82' lang='lat' dir='ltr'>ecclesie,</span> <span class='ocrx_word' id='word_1_73' title='bbox 1434 841 1532 867; x_wconf 87' lang='lat' dir='ltr'>cum</span> 
     </span>
     <span class='ocr_line' id='line_1_11' title="bbox 219 896 1532 937; baseline -0.002 0"><span class='ocrx_word' id='word_1_74' title='bbox 219 906 359 937; x_wconf 90' lang='lat' dir='ltr'>tamen</span> <span class='ocrx_word' id='word_1_75' title='bbox 392 906 489 936; x_wconf 91' lang='lat' dir='ltr'>sunt</span> <span class='ocrx_word' id='word_1_76' title='bbox 519 896 746 936; x_wconf 82' lang='lat' dir='ltr'>vacuitates</span> <span class='ocrx_word' id='word_1_77' title='bbox 778 905 818 936; x_wconf 95' lang='lat' dir='ltr'>et</span> <span class='ocrx_word' id='word_1_78' title='bbox 850 896 1038 936; x_wconf 89' lang='lat' dir='ltr'>membra</span> <span class='ocrx_word' id='word_1_79' title='bbox 1070 897 1238 937; x_wconf 90' lang='lat' dir='ltr'>diaboli.</span> <span class='ocrx_word' id='word_1_80' title='bbox 1272 897 1387 937; x_wconf 87' lang='lat' dir='ltr'>Sicut</span> <span class='ocrx_word' id='word_1_81' title='bbox 1419 897 1532 936; x_wconf 90' lang='lat' dir='ltr'>enim</span> 
     </span>
    </p>

    <p class='ocr_par' dir='ltr' id='par_1_5' title="bbox 167 965 1532 1299">
     <span class='ocr_line' id='line_1_12' title="bbox 167 965 1530 1018; baseline 0 -12"><span class='ocrx_word' id='word_1_82' title='bbox 167 966 332 1006; x_wconf 86' lang='lat' dir='ltr'>10iuxta</span> <span class='ocrx_word' id='word_1_83' title='bbox 363 967 570 1006; x_wconf 88' lang='lat' dir='ltr'>naturales</span> <span class='ocrx_word' id='word_1_84' title='bbox 603 974 642 1005; x_wconf 91' lang='lat' dir='ltr'>et</span> <span class='ocrx_word' id='word_1_85' title='bbox 673 965 955 1018; x_wconf 86' lang='lat' dir='ltr'>perspectivos</span> <span class='ocrx_word' id='word_1_86' title='bbox 987 966 1131 1006; x_wconf 87' lang='lat' dir='ltr'>videns</span> <span class='ocrx_word' id='word_1_87' title='bbox 1154 967 1301 1006; x_wconf 88' lang='lat' dir='ltr'>silvam</span> <span class='ocrx_word' id='word_1_88' title='bbox 1331 967 1396 1006; x_wconf 84' lang='lat' dir='ltr'>vel</span> <span class='ocrx_word' id='word_1_89' title='bbox 1419 980 1530 1006; x_wconf 90' lang='lat' dir='ltr'>cam-</span> 
     </span>
     <span class='ocr_line' id='line_1_13' title="bbox 219 1035 1530 1090; baseline 0.001 -15"><span class='ocrx_word' id='word_1_90' title='bbox 219 1050 324 1089; x_wconf 87' lang='lat' dir='ltr'>pum</span> <span class='ocrx_word' id='word_1_91' title='bbox 357 1045 545 1090; x_wconf 85' lang='lat' dir='ltr'>segetum</span> <span class='ocrx_word' id='word_1_92' title='bbox 584 1050 608 1075; x_wconf 89' lang='lat' dir='ltr'>a</span> <span class='ocrx_word' id='word_1_93' title='bbox 650 1035 885 1089; x_wconf 84' lang='lat' dir='ltr'>longinquo</span> <span class='ocrx_word' id='word_1_94' title='bbox 930 1035 1085 1075; x_wconf 89' lang='lat' dir='ltr'>iudicat</span> <span class='ocrx_word' id='word_1_95' title='bbox 1122 1044 1262 1076; x_wconf 90' lang='lat' dir='ltr'>totum</span> <span class='ocrx_word' id='word_1_96' title='bbox 1300 1050 1387 1076; x_wconf 90' lang='lat' dir='ltr'>esse</span> <span class='ocrx_word' id='word_1_97' title='bbox 1431 1050 1530 1076; x_wconf 93' lang='lat' dir='ltr'>con-</span> 
     </span>
     <span class='ocr_line' id='line_1_14' title="bbox 218 1104 1532 1158; baseline 0 -13"><span class='ocrx_word' id='word_1_98' title='bbox 218 1105 389 1146; x_wconf 89' lang='lat' dir='ltr'>tinuum</span> <span class='ocrx_word' id='word_1_99' title='bbox 440 1105 652 1145; x_wconf 90' lang='lat' dir='ltr'>consitum</span> <span class='ocrx_word' id='word_1_100' title='bbox 696 1104 912 1145; x_wconf 88' lang='lat' dir='ltr'>arboribus</span> <span class='ocrx_word' id='word_1_101' title='bbox 956 1106 1021 1144; x_wconf 79' lang='lat' dir='ltr'>vel</span> <span class='ocrx_word' id='word_1_102' title='bbox 1065 1105 1292 1158; x_wconf 64' lang='lat' dir='ltr'>frumento,</span> <span class='ocrx_word' id='word_1_103' title='bbox 1353 1106 1409 1146; x_wconf 92' lang='lat' dir='ltr'>sic</span> <span class='ocrx_word' id='word_1_104' title='bbox 1455 1120 1532 1146; x_wconf 88' lang='lat' dir='ltr'>nos</span> 
     </span>
     <span class='ocr_line' id='line_1_15' title="bbox 220 1174 1532 1229; baseline 0.001 -15"><span class='ocrx_word' id='word_1_105' title='bbox 220 1175 444 1228; x_wconf 88' lang='lat' dir='ltr'>inperfecta</span> <span class='ocrx_word' id='word_1_106' title='bbox 477 1174 557 1214; x_wconf 90' lang='lat' dir='ltr'>fide</span> <span class='ocrx_word' id='word_1_107' title='bbox 588 1174 776 1213; x_wconf 88' lang='lat' dir='ltr'>videntes</span> <span class='ocrx_word' id='word_1_108' title='bbox 824 1175 1040 1214; x_wconf 90' lang='lat' dir='ltr'>ecclesiam</span> <span class='ocrx_word' id='word_1_109' title='bbox 1084 1189 1107 1214; x_wconf 93' lang='lat' dir='ltr'>a</span> <span class='ocrx_word' id='word_1_110' title='bbox 1149 1176 1401 1229; x_wconf 83' lang='lat' dir='ltr'>longinquo,</span> <span class='ocrx_word' id='word_1_111' title='bbox 1446 1189 1532 1215; x_wconf 90' lang='lat' dir='ltr'>non</span> 
     </span>
     <span class='ocr_line' id='line_1_16' title="bbox 220 1244 1531 1299; baseline 0.001 -15"><span class='ocrx_word' id='word_1_112' title='bbox 220 1246 411 1284; x_wconf 87' lang='lat' dir='ltr'>obstante</span> <span class='ocrx_word' id='word_1_113' title='bbox 443 1245 559 1298; x_wconf 87' lang='lat' dir='ltr'>quod</span> <span class='ocrx_word' id='word_1_114' title='bbox 591 1244 740 1283; x_wconf 82' lang='lat' dir='ltr'>habeat</span> <span class='ocrx_word' id='word_1_115' title='bbox 768 1244 811 1283; x_wconf 87' lang='lat' dir='ltr'>in</span> <span class='ocrx_word' id='word_1_116' title='bbox 833 1258 875 1283; x_wconf 92' lang='lat' dir='ltr'>se</span> <span class='ocrx_word' id='word_1_117' title='bbox 893 1245 1059 1284; x_wconf 88' lang='lat' dir='ltr'>arbusta</span> <span class='ocrx_word' id='word_1_118' title='bbox 1083 1245 1233 1284; x_wconf 89' lang='lat' dir='ltr'>sterilia</span> <span class='ocrx_word' id='word_1_119' title='bbox 1248 1254 1373 1299; x_wconf 88' lang='lat' dir='ltr'>atque</span> <span class='ocrx_word' id='word_1_120' title='bbox 1394 1244 1531 1285; x_wconf 87' lang='lat' dir='ltr'>zizan-</span> 
     </span>
    </p>

    <p class='ocr_par' dir='ltr' id='par_1_6' title="bbox 167 1313 1535 1647">
     <span class='ocr_line' id='line_1_17' title="bbox 167 1313 1530 1366; baseline 0.001 -14"><span class='ocrx_word' id='word_1_121' title='bbox 167 1321 204 1353; x_wconf 89' lang='lat'>15</span> <span class='ocrx_word' id='word_1_122' title='bbox 221 1314 301 1365; x_wconf 86' lang='lat' dir='ltr'>nia,</span> <span class='ocrx_word' id='word_1_123' title='bbox 334 1314 568 1354; x_wconf 90' lang='lat' dir='ltr'>iudicamus</span> <span class='ocrx_word' id='word_1_124' title='bbox 593 1328 687 1353; x_wconf 88' lang='lat' dir='ltr'>eam</span> <span class='ocrx_word' id='word_1_125' title='bbox 704 1314 874 1366; x_wconf 88' lang='lat' dir='ltr'>plenam</span> <span class='ocrx_word' id='word_1_126' title='bbox 896 1313 1121 1353; x_wconf 85' lang='lat' dir='ltr'>fructuosis</span> <span class='ocrx_word' id='word_1_127' title='bbox 1145 1314 1360 1354; x_wconf 88' lang='lat' dir='ltr'>arboribus</span> <span class='ocrx_word' id='word_1_128' title='bbox 1385 1324 1424 1354; x_wconf 90' lang='lat' dir='ltr'>et</span> <span class='ocrx_word' id='word_1_129' title='bbox 1447 1315 1530 1354; x_wconf 87' lang='lat' dir='ltr'>fru-</span> 
     </span>
     <span class='ocr_line' id='line_1_18' title="bbox 220 1384 1532 1436; baseline 0 -12"><span class='ocrx_word' id='word_1_130' title='bbox 220 1393 377 1424; x_wconf 86' lang='lat' dir='ltr'>mento.</span> <span class='ocrx_word' id='word_1_131' title='bbox 423 1385 475 1424; x_wconf 87' lang='lat' dir='ltr'>Et</span> <span class='ocrx_word' id='word_1_132' title='bbox 521 1384 573 1423; x_wconf 92' lang='lat' dir='ltr'>ad</span> <span class='ocrx_word' id='word_1_133' title='bbox 616 1384 746 1423; x_wconf 88' lang='lat' dir='ltr'>istum</span> <span class='ocrx_word' id='word_1_134' title='bbox 789 1397 960 1423; x_wconf 89' lang='lat' dir='ltr'>sensum</span> <span class='ocrx_word' id='word_1_135' title='bbox 1006 1384 1178 1436; x_wconf 84' lang='lat' dir='ltr'>exponit</span> <span class='ocrx_word' id='word_1_136' title='bbox 1223 1385 1532 1424; x_wconf 88' lang='lat' dir='ltr'>Lincolniensis</span> 
     </span>
     <span class='ocr_line' id='line_1_19' title="bbox 219 1452 1535 1507; baseline 0 -14"><span class='ocrx_word' id='word_1_137' title='bbox 219 1453 491 1507; x_wconf 87' lang='lat' dir='ltr'>propheciam</span> <span class='ocrx_word' id='word_1_138' title='bbox 509 1453 794 1494; x_wconf 78' lang='lat' dir='ltr'>MicheeVIIO:</span> <span class='ocrx_word' id='word_1_139' title='bbox 818 1452 886 1506; x_wconf 78' lang='lat' dir='ltr'>Ve,</span> <span class='ocrx_word' id='word_1_140' title='bbox 905 1453 1054 1507; x_wconf 77' lang='lat' dir='ltr'>inquit,</span> <span class='ocrx_word' id='word_1_141' title='bbox 1081 1456 1201 1494; x_wconf 85' lang='lat' dir='ltr'>tanta</span> <span class='ocrx_word' id='word_1_142' title='bbox 1225 1454 1535 1494; x_wconf 75' lang='lat' dir='ltr'>christianismi</span> 
     </span>
     <span class='ocr_line' id='line_1_20' title="bbox 218 1523 1533 1575; baseline 0.001 -13"><span class='ocrx_word' id='word_1_143' title='bbox 218 1524 431 1574; x_wconf 83' lang='lat' dir='ltr'>dilatacio,</span> <span class='ocrx_word' id='word_1_144' title='bbox 473 1529 590 1562; x_wconf 85' lang='lat' dir='ltr'>tanto</span> <span class='ocrx_word' id='word_1_145' title='bbox 633 1536 760 1575; x_wconf 85' lang='lat' dir='ltr'>opere</span> <span class='ocrx_word' id='word_1_146' title='bbox 810 1523 969 1564; x_wconf 80' lang='lat' dir='ltr'>Christi</span> <span class='ocrx_word' id='word_1_147' title='bbox 1014 1530 1054 1563; x_wconf 88' lang='lat' dir='ltr'>et</span> <span class='ocrx_word' id='word_1_148' title='bbox 1096 1537 1272 1564; x_wconf 88' lang='lat' dir='ltr'>suorum</span> <span class='ocrx_word' id='word_1_149' title='bbox 1322 1525 1533 1564; x_wconf 77' lang='lat' dir='ltr'>mediante</span> 
     </span>
     <span class='ocr_line' id='line_1_21' title="bbox 219 1593 1535 1647; baseline 0 -14"><span class='ocrx_word' id='word_1_150' title='bbox 219 1594 312 1647; x_wconf 78' lang='lat' dir='ltr'>lege</span> <span class='ocrx_word' id='word_1_151' title='bbox 349 1594 567 1645; x_wconf 82' lang='lat' dir='ltr'>scripture</span> <span class='ocrx_word' id='word_1_152' title='bbox 613 1593 849 1641; x_wconf 81' lang='lat' dir='ltr'>elaborata,</span> <span class='ocrx_word' id='word_1_153' title='bbox 895 1600 955 1634; x_wconf 85' lang='lat' dir='ltr'>est</span> <span class='ocrx_word' id='word_1_154' title='bbox 985 1593 1105 1634; x_wconf 88' lang='lat' dir='ltr'>hodie</span> <span class='ocrx_word' id='word_1_155' title='bbox 1150 1595 1265 1634; x_wconf 81' lang='lat' dir='ltr'>velut</span> <span class='ocrx_word' id='word_1_156' title='bbox 1306 1595 1347 1633; x_wconf 86' lang='lat' dir='ltr'>in</span> <span class='ocrx_word' id='word_1_157' title='bbox 1396 1594 1535 1634; x_wconf 83' lang='lat' dir='ltr'>brevis</span> 
     </span>
    </p>

    <p class='ocr_par' dir='ltr' id='par_1_7' title="bbox 164 1663 1538 1996">
     <span class='ocr_line' id='line_1_22' title="bbox 164 1663 1536 1717; baseline 0 -15"><span class='ocrx_word' id='word_1_158' title='bbox 164 1677 204 1698; x_wconf 88' lang='lat'>20</span> <span class='ocrx_word' id='word_1_159' title='bbox 220 1663 372 1717; x_wconf 80' lang='lat' dir='ltr'>anguli</span> <span class='ocrx_word' id='word_1_160' title='bbox 404 1664 608 1716; x_wconf 77' lang='lat' dir='ltr'>angustia</span> <span class='ocrx_word' id='word_1_161' title='bbox 648 1670 854 1704; x_wconf 85' lang='lat' dir='ltr'>coartata.</span> <span class='ocrx_word' id='word_1_162' title='bbox 894 1664 1131 1704; x_wconf 87' lang='lat' dir='ltr'>Plurimam</span> <span class='ocrx_word' id='word_1_163' title='bbox 1168 1677 1353 1717; x_wconf 79' lang='lat' dir='ltr'>namque</span> <span class='ocrx_word' id='word_1_164' title='bbox 1385 1663 1536 1703; x_wconf 86' lang='lat' dir='ltr'>mundi</span> 
     </span>
     <span class='ocr_line' id='line_1_23' title="bbox 211 1732 1533 1785; baseline 0.001 -14"><span class='ocrx_word' id='word_1_165' title='bbox 211 1739 384 1784; x_wconf 89' lang='lat' dir='ltr'>partem</span> <span class='ocrx_word' id='word_1_166' title='bbox 410 1733 633 1784; x_wconf 79' lang='lat' dir='ltr'>occupavit</span> <span class='ocrx_word' id='word_1_167' title='bbox 656 1732 889 1785; x_wconf 83' lang='lat' dir='ltr'>infidelitas</span> <span class='ocrx_word' id='word_1_168' title='bbox 912 1740 949 1772; x_wconf 91' lang='lat' dir='ltr'>et</span> <span class='ocrx_word' id='word_1_169' title='bbox 971 1747 996 1772; x_wconf 91' lang='lat' dir='ltr'>a</span> <span class='ocrx_word' id='word_1_170' title='bbox 1023 1734 1183 1774; x_wconf 85' lang='lat' dir='ltr'>Christi</span> <span class='ocrx_word' id='word_1_171' title='bbox 1205 1733 1388 1773; x_wconf 88' lang='lat' dir='ltr'>ecclesia</span> <span class='ocrx_word' id='word_1_172' title='bbox 1409 1745 1533 1785; x_wconf 90' lang='lat' dir='ltr'>sepa-</span> 
     </span>
     <span class='ocr_line' id='line_1_24' title="bbox 219 1802 1534 1857; baseline -0.001 -15"><span class='ocrx_word' id='word_1_173' title='bbox 219 1804 352 1851; x_wconf 80' lang='lat' dir='ltr'>ravit;</span> <span class='ocrx_word' id='word_1_174' title='bbox 370 1803 421 1842; x_wconf 88' lang='lat' dir='ltr'>de</span> <span class='ocrx_word' id='word_1_175' title='bbox 431 1809 562 1855; x_wconf 88' lang='lat' dir='ltr'>parte</span> <span class='ocrx_word' id='word_1_176' title='bbox 576 1816 674 1842; x_wconf 78' lang='lat' dir='ltr'>vere</span> <span class='ocrx_word' id='word_1_177' title='bbox 690 1802 802 1842; x_wconf 86' lang='lat' dir='ltr'>dicta</span> <span class='ocrx_word' id='word_1_178' title='bbox 826 1803 1064 1843; x_wconf 88' lang='lat' dir='ltr'>christiana</span> <span class='ocrx_word' id='word_1_179' title='bbox 1082 1804 1305 1857; x_wconf 82' lang='lat' dir='ltr'>separavit</span> <span class='ocrx_word' id='word_1_180' title='bbox 1326 1816 1351 1842; x_wconf 92' lang='lat' dir='ltr'>a</span> <span class='ocrx_word' id='word_1_181' title='bbox 1374 1802 1534 1842; x_wconf 88' lang='lat' dir='ltr'>Christo</span> 
     </span>
     <span class='ocr_line' id='line_1_25' title="bbox 218 1872 1534 1927; baseline -0.002 -14"><span class='ocrx_word' id='word_1_182' title='bbox 218 1874 390 1920; x_wconf 85' lang='lat' dir='ltr'>scisma,</span> <span class='ocrx_word' id='word_1_183' title='bbox 424 1872 474 1912; x_wconf 90' lang='lat' dir='ltr'>de</span> <span class='ocrx_word' id='word_1_184' title='bbox 499 1879 631 1924; x_wconf 85' lang='lat' dir='ltr'>parte</span> <span class='ocrx_word' id='word_1_185' title='bbox 665 1885 765 1912; x_wconf 81' lang='lat' dir='ltr'>vero</span> <span class='ocrx_word' id='word_1_186' title='bbox 798 1873 977 1913; x_wconf 87' lang='lat' dir='ltr'>residua</span> <span class='ocrx_word' id='word_1_187' title='bbox 1002 1887 1082 1927; x_wconf 81' lang='lat' dir='ltr'>que</span> <span class='ocrx_word' id='word_1_188' title='bbox 1116 1879 1312 1926; x_wconf 86' lang='lat' dir='ltr'>respectu</span> <span class='ocrx_word' id='word_1_189' title='bbox 1346 1873 1534 1912; x_wconf 89' lang='lat' dir='ltr'>duarum</span> 
     </span>
     <span class='ocr_line' id='line_1_26' title="bbox 212 1939 1538 1996; baseline -0.001 -15"><span class='ocrx_word' id='word_1_190' title='bbox 212 1943 621 1995; x_wconf 85' lang='lat' dir='ltr'>prenominatarum</span> <span class='ocrx_word' id='word_1_191' title='bbox 659 1942 889 1981; x_wconf 77' lang='lat' dir='ltr'>admodum</span> <span class='ocrx_word' id='word_1_192' title='bbox 923 1949 986 1983; x_wconf 88' lang='lat' dir='ltr'>est</span> <span class='ocrx_word' id='word_1_193' title='bbox 1022 1957 1169 1996; x_wconf 84' lang='lat' dir='ltr'>parva</span> <span class='ocrx_word' id='word_1_194' title='bbox 1203 1950 1241 1983; x_wconf 89' lang='lat' dir='ltr'>et</span> <span class='ocrx_word' id='word_1_195' title='bbox 1280 1955 1431 1996; x_wconf 89' lang='lat' dir='ltr'>pauca</span> <span class='ocrx_word' id='word_1_196' title='bbox 1475 1939 1538 1996; x_wconf 90' lang='lat' dir='ltr'>(ut</span> 
     </span>
    </p>

    <p class='ocr_par' dir='ltr' id='par_1_8' title="bbox 164 2010 1540 2345">
     <span class='ocr_line' id='line_1_27' title="bbox 164 2010 1536 2066; baseline 0 -16"><span class='ocrx_word' id='word_1_197' title='bbox 164 2010 342 2066; x_wconf 78' lang='lat' dir='ltr'>25puto)</span> <span class='ocrx_word' id='word_1_198' title='bbox 375 2024 460 2051; x_wconf 87' lang='lat' dir='ltr'>non</span> <span class='ocrx_word' id='word_1_199' title='bbox 493 2011 704 2051; x_wconf 84' lang='lat' dir='ltr'>modicam</span> <span class='ocrx_word' id='word_1_200' title='bbox 742 2013 996 2064; x_wconf 81' lang='lat' dir='ltr'>porcionem</span> <span class='ocrx_word' id='word_1_201' title='bbox 1043 2014 1263 2065; x_wconf 78' lang='lat' dir='ltr'>separavit</span> <span class='ocrx_word' id='word_1_202' title='bbox 1305 2025 1330 2051; x_wconf 88' lang='lat' dir='ltr'>a</span> <span class='ocrx_word' id='word_1_203' title='bbox 1369 2011 1536 2051; x_wconf 89' lang='lat' dir='ltr'>Christo</span> 
     </span>
     <span class='ocr_line' id='line_1_28' title="bbox 213 2081 1536 2134; baseline 0 -14"><span class='ocrx_word' id='word_1_204' title='bbox 213 2083 414 2133; x_wconf 79' lang='lat' dir='ltr'>pravitas</span> <span class='ocrx_word' id='word_1_205' title='bbox 435 2081 633 2132; x_wconf 71' lang='lat' dir='ltr'>heretica,</span> <span class='ocrx_word' id='word_1_206' title='bbox 659 2084 783 2134; x_wconf 81' lang='lat' dir='ltr'>quasi</span> <span class='ocrx_word' id='word_1_207' title='bbox 805 2089 947 2122; x_wconf 90' lang='lat' dir='ltr'>autem</span> <span class='ocrx_word' id='word_1_208' title='bbox 973 2083 1224 2123; x_wconf 87' lang='lat' dir='ltr'>totalitatem</span> <span class='ocrx_word' id='word_1_209' title='bbox 1250 2081 1414 2121; x_wconf 84' lang='lat' dir='ltr'>residui</span> <span class='ocrx_word' id='word_1_210' title='bbox 1437 2094 1536 2121; x_wconf 85' lang='lat' dir='ltr'>con-</span> 
     </span>
     <span class='ocr_line' id='line_1_29' title="bbox 221 2151 1536 2204; baseline 0 -15"><span class='ocrx_word' id='word_1_211' title='bbox 221 2158 515 2202; x_wconf 83' lang='lat' dir='ltr'>corporarunt</span> <span class='ocrx_word' id='word_1_212' title='bbox 547 2151 720 2191; x_wconf 86' lang='lat' dir='ltr'>diabolo</span> <span class='ocrx_word' id='word_1_213' title='bbox 754 2159 792 2192; x_wconf 88' lang='lat' dir='ltr'>et</span> <span class='ocrx_word' id='word_1_214' title='bbox 823 2159 1093 2204; x_wconf 79' lang='lat' dir='ltr'>separarunt</span> <span class='ocrx_word' id='word_1_215' title='bbox 1115 2166 1139 2191; x_wconf 88' lang='lat' dir='ltr'>a</span> <span class='ocrx_word' id='word_1_216' title='bbox 1177 2152 1348 2192; x_wconf 85' lang='lat' dir='ltr'>Christo</span> <span class='ocrx_word' id='word_1_217' title='bbox 1378 2157 1536 2203; x_wconf 81' lang='lat' dir='ltr'>septem</span> 
     </span>
     <span class='ocr_line' id='line_1_30' title="bbox 221 2220 1539 2276; baseline 0.001 -18"><span class='ocrx_word' id='word_1_218' title='bbox 221 2220 467 2259; x_wconf 88' lang='lat' dir='ltr'>criminalia</span> <span class='ocrx_word' id='word_1_219' title='bbox 508 2228 705 2273; x_wconf 87' lang='lat' dir='ltr'>peccata,</span> <span class='ocrx_word' id='word_1_220' title='bbox 751 2229 796 2261; x_wconf 88' lang='lat' dir='ltr'>ut</span> <span class='ocrx_word' id='word_1_221' title='bbox 841 2222 924 2261; x_wconf 91' lang='lat' dir='ltr'>iam</span> <span class='ocrx_word' id='word_1_222' title='bbox 974 2235 1072 2262; x_wconf 80' lang='lat' dir='ltr'>voce</span> <span class='ocrx_word' id='word_1_223' title='bbox 1126 2222 1307 2276; x_wconf 79' lang='lat' dir='ltr'>lugubri</span> <span class='ocrx_word' id='word_1_224' title='bbox 1346 2222 1539 2274; x_wconf 80' lang='lat' dir='ltr'>plangat</span> 
     </span>
     <span class='ocr_line' id='line_1_31' title="bbox 228 2290 1540 2345; baseline 0 -16"><span class='ocrx_word' id='word_1_225' title='bbox 228 2290 424 2330; x_wconf 88' lang='lat' dir='ltr'>Christus</span> <span class='ocrx_word' id='word_1_226' title='bbox 465 2290 630 2331; x_wconf 86' lang='lat' dir='ltr'>dicens:</span> <span class='ocrx_word' id='word_1_227' title='bbox 686 2291 740 2330; x_wconf 88' lang='lat' dir='ltr'>Ve</span> <span class='ocrx_word' id='word_1_228' title='bbox 771 2292 873 2330; x_wconf 89' lang='lat' dir='ltr'>mihi</span> <span class='ocrx_word' id='word_1_229' title='bbox 905 2292 1004 2345; x_wconf 79' lang='lat' dir='ltr'>quia</span> <span class='ocrx_word' id='word_1_230' title='bbox 1026 2291 1180 2345; x_wconf 85' lang='lat' dir='ltr'>factus</span> <span class='ocrx_word' id='word_1_231' title='bbox 1210 2304 1303 2331; x_wconf 88' lang='lat' dir='ltr'>sum</span> <span class='ocrx_word' id='word_1_232' title='bbox 1336 2292 1446 2330; x_wconf 88' lang='lat' dir='ltr'>sicut</span> <span class='ocrx_word' id='word_1_233' title='bbox 1468 2291 1540 2343; x_wconf 77' lang='lat' dir='ltr'>qui</span> 
     </span>
    </p>

    <p class='ocr_par' dir='ltr' id='par_1_9' title="bbox 165 2359 1540 2483">
     <span class='ocr_line' id='line_1_32' title="bbox 165 2359 1540 2413; baseline 0.001 -16"><span class='ocrx_word' id='word_1_234' title='bbox 165 2359 207 2391; x_wconf 83' lang='lat'>30</span> <span class='ocrx_word' id='word_1_235' title='bbox 222 2359 384 2413; x_wconf 83' lang='lat' dir='ltr'>colligit</span> <span class='ocrx_word' id='word_1_236' title='bbox 399 2361 442 2400; x_wconf 89' lang='lat' dir='ltr'>in</span> <span class='ocrx_word' id='word_1_237' title='bbox 458 2368 693 2412; x_wconf 85' lang='lat' dir='ltr'>autumpno</span> <span class='ocrx_word' id='word_1_238' title='bbox 709 2374 902 2401; x_wconf 87' lang='lat' dir='ltr'>racemos</span> <span class='ocrx_word' id='word_1_239' title='bbox 919 2361 1233 2413; x_wconf 81' lang='lat' dir='ltr'>vindemie‚non</span> <span class='ocrx_word' id='word_1_240' title='bbox 1251 2367 1308 2400; x_wconf 89' lang='lat' dir='ltr'>est</span> <span class='ocrx_word' id='word_1_241' title='bbox 1324 2361 1470 2400; x_wconf 82' lang='lat' dir='ltr'>botrus</span> <span class='ocrx_word' id='word_1_242' title='bbox 1484 2359 1540 2399; x_wconf 88' lang='lat' dir='ltr'>ad</span> 
     </span>
     <span class='ocr_line' id='line_1_33' title="bbox 222 2429 1540 2483; baseline 0 -14"><span class='ocrx_word' id='word_1_243' title='bbox 222 2429 545 2470; x_wconf 84' lang='lat' dir='ltr'>comedendum.</span> <span class='ocrx_word' id='word_1_244' title='bbox 585 2429 698 2470; x_wconf 77' lang='lat' dir='ltr'>Uvas</span> <span class='ocrx_word' id='word_1_245' title='bbox 714 2432 938 2483; x_wconf 84' lang='lat' dir='ltr'>preciosas</span> <span class='ocrx_word' id='word_1_246' title='bbox 971 2430 1232 2471; x_wconf 81' lang='lat' dir='ltr'>desideravit</span> <span class='ocrx_word' id='word_1_247' title='bbox 1252 2431 1399 2470; x_wconf 89' lang='lat' dir='ltr'>anima</span> <span class='ocrx_word' id='word_1_248' title='bbox 1423 2439 1540 2479; x_wconf 86' lang='lat' dir='ltr'>mea;</span> 
     </span>
    </p>
   </div>
   <div class='ocr_carea' id='block_1_5' title="bbox 223 2563 1541 2789">
    <p class='ocr_par' dir='ltr' id='par_1_10' title="bbox 223 2563 1541 2789">
     <span class='ocr_line' id='line_1_34' title="bbox 274 2563 1537 2601; baseline 0.001 -10"><span class='ocrx_word' id='word_1_249' title='bbox 274 2572 293 2591; x_wconf 95' lang='lat'>1.</span> <span class='ocrx_word' id='word_1_250' title='bbox 315 2565 344 2592; x_wconf 91' lang='lat' dir='ltr'><strong>A</strong></span> <span class='ocrx_word' id='word_1_251' title='bbox 368 2564 399 2591; x_wconf 89' lang='lat' dir='ltr'>in</span> <span class='ocrx_word' id='word_1_252' title='bbox 426 2572 540 2599; x_wconf 64' lang='lat' dir='ltr'>marg:</span> <span class='ocrx_word' id='word_1_253' title='bbox 566 2563 647 2592; x_wconf 88' lang='lat' dir='ltr'>Nota</span> <span class='ocrx_word' id='word_1_254' title='bbox 668 2573 761 2601; x_wconf 84' lang='lat' dir='ltr'>quare</span> <span class='ocrx_word' id='word_1_255' title='bbox 787 2566 937 2594; x_wconf 89' lang='lat' dir='ltr'>iudicium</span> <span class='ocrx_word' id='word_1_256' title='bbox 969 2571 1108 2594; x_wconf 85' lang='lat' dir='ltr'>nostrum</span> <span class='ocrx_word' id='word_1_257' title='bbox 1140 2571 1222 2594; x_wconf 89' lang='lat' dir='ltr'>errat</span> <span class='ocrx_word' id='word_1_258' title='bbox 1251 2567 1332 2594; x_wconf 87' lang='lat' dir='ltr'>circa</span> <span class='ocrx_word' id='word_1_259' title='bbox 1364 2565 1537 2594; x_wconf 84' lang='lat' dir='ltr'>ecclesiam.</span> 
     </span>
     <span class='ocr_line' id='line_1_35' title="bbox 224 2610 1538 2645; baseline 0.002 -8"><span class='ocrx_word' id='word_1_260' title='bbox 224 2610 345 2644; x_wconf 91' lang='lat' dir='ltr'>(Above</span> <span class='ocrx_word' id='word_1_261' title='bbox 366 2616 431 2643; x_wconf 73' lang='lat'>¹42³</span> <span class='ocrx_word' id='word_1_262' title='bbox 456 2611 586 2639; x_wconf 88' lang='lat' dir='ltr'>without</span> <span class='ocrx_word' id='word_1_263' title='bbox 606 2612 693 2638; x_wconf 86' lang='lat' dir='ltr'>mark</span> <span class='ocrx_word' id='word_1_264' title='bbox 712 2612 747 2639; x_wconf 80' lang='lat' dir='ltr'>of</span> <span class='ocrx_word' id='word_1_265' title='bbox 762 2612 943 2645; x_wconf 85' lang='lat' dir='ltr'>reference.)</span> <span class='ocrx_word' id='word_1_266' title='bbox 1043 2622 1063 2641; x_wconf 87' lang='lat'>1.</span> <span class='ocrx_word' id='word_1_267' title='bbox 1085 2612 1110 2640; x_wconf 79' lang='lat'>3.</span> <span class='ocrx_word' id='word_1_268' title='bbox 1133 2614 1173 2641; x_wconf 79' lang='lat' dir='ltr'>ss:</span> <span class='ocrx_word' id='word_1_269' title='bbox 1194 2622 1210 2641; x_wconf 90' lang='lat' dir='ltr'>a</span> <span class='ocrx_word' id='word_1_270' title='bbox 1230 2622 1303 2641; x_wconf 84' lang='lat' dir='ltr'>vera</span> <span class='ocrx_word' id='word_1_271' title='bbox 1322 2629 1355 2633; x_wconf 92' lang='lat'>-</span> <span class='ocrx_word' id='word_1_272' title='bbox 1375 2612 1538 2641; x_wconf 80' lang='lat' dir='ltr'>ecclesiam</span> 
     </span>
     <span class='ocr_line' id='line_1_36' title="bbox 224 2657 1541 2696; baseline 0.003 -13"><span class='ocrx_word' id='word_1_273' title='bbox 224 2657 318 2684; x_wconf 84' lang='lat' dir='ltr'>deest.</span> <span class='ocrx_word' id='word_1_274' title='bbox 376 2657 418 2685; x_wconf 87' lang='lat'>16.</span> <span class='ocrx_word' id='word_1_275' title='bbox 439 2658 478 2684; x_wconf 94' lang='lat' dir='ltr'>A.</span> <span class='ocrx_word' id='word_1_276' title='bbox 500 2657 531 2685; x_wconf 88' lang='lat' dir='ltr'>in</span> <span class='ocrx_word' id='word_1_277' title='bbox 552 2665 668 2693; x_wconf 85' lang='lat' dir='ltr'>marg.:</span> <span class='ocrx_word' id='word_1_278' title='bbox 689 2658 929 2687; x_wconf 84' lang='lat' dir='ltr'>Lincolniensis.</span> <span class='ocrx_word' id='word_1_279' title='bbox 981 2668 1019 2695; x_wconf 86' lang='lat'>17.</span> <span class='ocrx_word' id='word_1_280' title='bbox 1040 2661 1069 2687; x_wconf 93' lang='lat' dir='ltr'><strong>A</strong></span> <span class='ocrx_word' id='word_1_281' title='bbox 1089 2660 1120 2688; x_wconf 89' lang='lat' dir='ltr'>in</span> <span class='ocrx_word' id='word_1_282' title='bbox 1140 2668 1256 2696; x_wconf 62' lang='lat' dir='ltr'>marg:</span> <span class='ocrx_word' id='word_1_283' title='bbox 1277 2659 1415 2688; x_wconf 78' lang='lat' dir='ltr'>Ecclesia</span> <span class='ocrx_word' id='word_1_284' title='bbox 1435 2665 1541 2687; x_wconf 85' lang='lat' dir='ltr'>sancta</span> 
     </span>
     <span class='ocr_line' id='line_1_37' title="bbox 223 2703 1540 2742; baseline 0.003 -13"><span class='ocrx_word' id='word_1_285' title='bbox 223 2703 374 2730; x_wconf 82' lang='lat' dir='ltr'>catholica</span> <span class='ocrx_word' id='word_1_286' title='bbox 393 2708 542 2739; x_wconf 87' lang='lat' dir='ltr'>quantum</span> <span class='ocrx_word' id='word_1_287' title='bbox 563 2703 602 2731; x_wconf 90' lang='lat' dir='ltr'>sit</span> <span class='ocrx_word' id='word_1_288' title='bbox 621 2709 727 2732; x_wconf 84' lang='lat' dir='ltr'>artata.</span> <span class='ocrx_word' id='word_1_289' title='bbox 841 2705 886 2733; x_wconf 74' lang='lat'>18.</span> <span class='ocrx_word' id='word_1_290' title='bbox 907 2705 940 2733; x_wconf 90' lang='lat' dir='ltr'>ln</span> <span class='ocrx_word' id='word_1_291' title='bbox 961 2706 1069 2733; x_wconf 91' lang='lat' dir='ltr'>codd.:</span> <span class='ocrx_word' id='word_1_292' title='bbox 1093 2706 1210 2734; x_wconf 67' lang='lat' dir='ltr'>medite.</span> <span class='ocrx_word' id='word_1_293' title='bbox 1300 2706 1333 2733; x_wconf 90' lang='lat' dir='ltr'>In</span> <span class='ocrx_word' id='word_1_294' title='bbox 1355 2707 1465 2734; x_wconf 87' lang='lat' dir='ltr'>codd.:</span> <span class='ocrx_word' id='word_1_295' title='bbox 1487 2706 1540 2742; x_wconf 92' lang='lat' dir='ltr'>qui</span> 
     </span>
     <span class='ocr_line' id='line_1_38' title="bbox 223 2748 1538 2789; baseline 0.003 -13"><span class='ocrx_word' id='word_1_296' title='bbox 223 2748 334 2777; x_wconf 85' lang='lat' dir='ltr'>factus.</span> <span class='ocrx_word' id='word_1_297' title='bbox 476 2758 519 2778; x_wconf 87' lang='lat'>22.</span> <span class='ocrx_word' id='word_1_298' title='bbox 543 2749 663 2779; x_wconf 84' lang='lat' dir='ltr'>Codd.:</span> <span class='ocrx_word' id='word_1_299' title='bbox 688 2759 771 2779; x_wconf 87' lang='lat' dir='ltr'>vero.</span> <span class='ocrx_word' id='word_1_300' title='bbox 893 2750 931 2779; x_wconf 86' lang='lat'>31.</span> <span class='ocrx_word' id='word_1_301' title='bbox 954 2751 992 2779; x_wconf 84' lang='lat' dir='ltr'>B:</span> <span class='ocrx_word' id='word_1_302' title='bbox 1014 2751 1097 2779; x_wconf 89' lang='lat' dir='ltr'>Uvas</span> <span class='ocrx_word' id='word_1_303' title='bbox 1118 2757 1222 2788; x_wconf 83' lang='lat' dir='ltr'>preter</span> <span class='ocrx_word' id='word_1_304' title='bbox 1242 2760 1320 2789; x_wconf 86' lang='lat' dir='ltr'>quas</span> <span class='ocrx_word' id='word_1_305' title='bbox 1341 2752 1538 2780; x_wconf 61' lang='lat' dir='ltr'>desiderant.</span> 
     </span>
    </p>
   </div>
   <div class='ocr_carea' id='block_1_6' title="bbox 284 2856 1413 2959">
    <p class='ocr_par' dir='ltr' id='par_1_11' title="bbox 284 2856 1413 2959">
     <span class='ocr_line' id='line_1_39' title="bbox 284 2856 946 2900; baseline 0.005 -14"><span class='ocrx_word' id='word_1_306' title='bbox 284 2866 336 2900; x_wconf 80' lang='lat'>29.</span> <span class='ocrx_word' id='word_1_307' title='bbox 363 2856 526 2900; x_wconf 74' lang='lat' dir='ltr'>prophet.</span> <span class='ocrx_word' id='word_1_308' title='bbox 555 2857 730 2889; x_wconf 75' lang='lat' dir='ltr'>Michaeae</span> <span class='ocrx_word' id='word_1_309' title='bbox 760 2858 831 2898; x_wconf 84' lang='lat' dir='ltr'>VII,</span> <span class='ocrx_word' id='word_1_310' title='bbox 866 2870 888 2892; x_wconf 81' lang='grc' dir='ltr'>ι.</span> <span class='ocrx_word' id='word_1_311' title='bbox 918 2868 946 2889; x_wconf 87' lang='lat'>2.</span> 
     </span>
     <span class='ocr_line' id='line_1_40' title="bbox 1371 2914 1413 2959; baseline 0 -22"><span class='ocrx_word' id='word_1_312' title='bbox 1371 2914 1413 2959; x_wconf 72' lang='lat'>7*</span> 
     </span>
    </p>
   </div>
  </div>
 </body>
</html>
