2051 3273
238 213 324 241 CAP.
344 201 441 260 xxi]
725 215 784 247 DE
811 214 1045 248 ECCLEstA.
1747 205 1824 257 509

129 329 164 362 P
191 330 217 363 3
289 320 369 360 Sed
391 320 519 360 tercio
543 319 756 359 dubitatur
777 319 997 372 quomodo
1019 318 1077 357 illi
1100 327 1322 358 caracteres
1338 318 1537 358 ordinum
1570 327 1752 355 Difficutties
1774 336 1806 354 as

137 385 215 431 ¹98¹³
229 403 364 429 unum
397 389 672 429 constituunt.
714 389 767 428 Et
799 388 943 427 dicunt
975 388 1166 428 doctores
1199 387 1386 440 predicti,
1421 389 1536 441 quod
1575 363 1806 424 tooihcircgtiiissi.⁶⁵

229 473 303 499 nec
320 468 417 499 sunt
431 468 566 512 partes
590 457 866 511 quantitative
888 457 1047 497 ordinis
1069 470 1145 497 nec
1160 466 1296 510 partes
1312 457 1537 496 subiective

137 535 213 581 ¹98⁰
228 529 298 568 sed
321 537 456 581 partes
488 527 748 581 potestative,
771 526 796 554 Ψ
819 536 865 567 ut
895 535 1008 579 patet
1030 526 1178 580 prioris
1211 526 1392 566 doctoris
1416 540 1539 579 super

194 606 210 639 5
228 599 266 639 d.
280 598 452 649 XXIVa,
468 598 523 637 ita
546 597 662 651 quod
685 596 850 636 ordines
874 595 1086 635 inferiores
1110 596 1264 635 habent
1286 604 1538 648 potestatem

227 682 250 706 a
282 667 520 707 sacerdocio
553 668 604 707 ad
637 667 753 720 quod
784 665 961 706 finaliter
993 665 1252 706 ordinantur.
1290 665 1406 705 Sicut
1438 679 1537 718 ergo

226 737 409 777 senarius
427 745 591 777 constat
612 750 661 775 ex
682 736 867 789 partibus
890 736 974 775 suis
1005 735 1200 789 aliquotis
1224 748 1304 789 que
1326 749 1413 775 non
1442 743 1539 774 sunt

226 815 361 858 partes
384 806 471 846 eius
495 805 780 860 quantitative,
802 805 858 845 sic
881 814 1190 845 sacramentum
1205 804 1361 844 ordinis
1377 813 1538 844 constat

227 889 275 915 ex
307 875 391 915 suis
424 876 623 929 partibUS,
656 876 728 915 sed
758 875 862 915 illud
892 875 1072 914 latinum
1101 874 1264 914 videtur
1287 875 1431 914 multis
1460 875 1537 914 dif-

172 962 212 984 10
226 944 344 984 ficile.
368 945 477 985 Nam
499 945 661 998 signato
684 946 805 985 Petro
829 944 900 998 qui
921 944 1107 984 vicissim
1128 944 1356 997 assumpsit
1378 953 1539 997 septem

226 1015 392 1054 ordines
415 1024 454 1055 et
476 1023 643 1054 maneat
674 1015 805 1054 modo
829 1028 925 1054 cum
953 1013 1032 1053 illis
1054 1014 1266 1065 omnibus,
1294 1023 1407 1067 patet
1423 1014 1539 1067 quod

227 1083 260 1123 si
279 1084 452 1138 quilibet
470 1098 617 1124 eorum
632 1084 709 1124 fuit
723 1093 1029 1124 sacramentum
1055 1083 1152 1137 quia
1180 1084 1298 1135 ordo,
1331 1097 1405 1137 per
1426 1083 1540 1123 idem

226 1153 401 1207 quilibet
423 1167 569 1194 eorum
593 1163 653 1194 est
675 1155 806 1193 modo
830 1163 1137 1193 sacramentum
1160 1153 1257 1207 quia
1280 1153 1396 1193 ordo.
1431 1155 1541 1193 Nam
1612 1161 1717 1209 Either
1737 1161 1774 1189 att

227 1223 414 1263 eiusdem
436 1223 613 1263 racionis
637 1232 698 1263 est
720 1223 893 1277 quilibet
915 1237 1060 1263 eorum
1092 1223 1210 1263 cuius
1240 1223 1345 1263 foret
1367 1223 1541 1276 quilibet
1584 1197 1800 1266 ifferriiibzffrgr

173 1298 210 1331 15
226 1293 470 1333 huiusmodi
501 1306 574 1346 per
619 1307 661 1332 se
708 1302 917 1345 sumptus,
961 1293 1034 1332 sed
1071 1301 1170 1332 tunc
1209 1292 1315 1332 foret
1353 1294 1458 1333 ordo
1503 1302 1542 1333 et
1608 1267 1777 1329 Ᾰῗιῗζὲιέιζξ

226 1371 547 1413 sacramentum,
581 1376 678 1416 ergo
712 1371 750 1402 et
783 1363 924 1402 modo.
965 1360 1007 1401 Si
1040 1362 1152 1401 enim
1185 1361 1359 1415 quilibet
1392 1376 1538 1402 eorum
1564 1337 1820 1409 fi‘ississrrsdissiiiiiii.

227 1432 278 1472 sit
309 1433 427 1484 ordo,
461 1446 558 1485 ergo
580 1432 645 1472 vel
677 1432 790 1472 idem
813 1432 918 1472 ordo
946 1432 990 1470 in
1013 1445 1190 1471 numero
1224 1432 1295 1485 qui
1319 1432 1538 1485 posterior,

226 1502 291 1542 vel
322 1502 426 1542 alius
451 1515 537 1541 non
560 1502 672 1542 idem
693 1502 735 1541 in
758 1515 950 1553 numero,
984 1502 1082 1555 quia
1113 1502 1169 1541 sic
1192 1501 1297 1542 foret
1328 1502 1538 1556 ydempti-

227 1571 372 1611 ficacio
394 1571 632 1624 numeralis,
649 1581 687 1612 et
702 1572 734 1612 si
758 1571 876 1623 alius,
899 1580 999 1612 tunc
1022 1571 1158 1611 forent
1181 1581 1342 1624 septem
1358 1572 1539 1622 ordines,

170 1657 212 1680 20
228 1651 267 1682 et
298 1656 371 1695 per
401 1655 675 1696 consequens,
724 1655 822 1680 cum
860 1641 1042 1694 quelibet
1080 1641 1312 1681 multitudo
1350 1641 1539 1694 priorum

229 1711 444 1752 constituit
486 1725 622 1751 unum
669 1711 873 1763 ordinem,
926 1710 1061 1750 forent
1111 1711 1431 1764 quatuordecim
1475 1711 1539 1750 vel

229 1782 368 1834 plures
401 1781 568 1821 ordines
601 1780 784 1821 distincti
816 1780 1018 1834 specifice.
1057 1781 1169 1820 Nam
1199 1780 1306 1820 sicut
1338 1781 1444 1820 ordo
1476 1780 1538 1819 in-

228 1850 351 1891 ferior
383 1860 422 1891 et
454 1852 556 1891 ordo
590 1850 780 1904 superior
812 1859 909 1890 sunt
940 1850 1115 1903 disparis
1148 1849 1312 1902 speciei,
1346 1849 1403 1889 sic
1435 1851 1539 1889 ordo

226 1921 451 1961 sacerdocii
497 1929 692 1960 constans
743 1934 791 1960 ex
840 1934 909 1959 sex
959 1919 1177 1959 ordinibus
1220 1920 1540 1972 precedentibus

168 1994 209 2027 25
226 1999 266 2030 et
308 1991 413 2030 ordo
457 1990 681 2030 sacerdocii
732 1990 908 2043 simplex
959 2003 1045 2029 non
1099 1989 1256 2028 habens
1299 1998 1434 2042 partes
1476 1988 1541 2028 vel
1624 1999 1637 2026 1
1656 1998 1742 2026 think

227 2074 370 2100 causas
402 2059 647 2099 huiusmodi
679 2059 818 2099 forent
847 2058 1021 2112 disparis
1045 2058 1211 2112 speciei,
1235 2058 1342 2098 sicut
1364 2058 1540 2112 simplex
1565 2033 1830 2096 ‘iiiigsssinmitirekiee

227 2139 266 2170 et
298 2129 598 2182 compositum.
631 2129 677 2168 In
709 2130 789 2169 isto
811 2129 974 2168 videtur
1006 2128 1109 2168 mihi
1131 2128 1271 2181 primo
1299 2129 1539 2168 notandum
1614 2112 1776 2178 ιῗῗέιῗῗιίε-

191 2205 209 2235 1
227 2200 343 2253 quod
370 2200 474 2239 ordo
498 2199 608 2239 sumi
630 2208 769 2252 potest
791 2199 1006 2252 tripliciter
1028 2198 1123 2238 satis
1149 2198 1363 2252 equivoce.
1396 2199 1538 2238 Primo
1554 2173 1828 2244 (ἓὲἓηὲἷὲῑέἴιὲωἷῖ)

225 2269 439 2322 analogice
470 2283 546 2322 pro
578 2270 707 2322 gradu
754 2269 795 2307 in
840 2282 928 2322 quo
967 2268 1080 2307 Deus
1113 2268 1280 2307 ordinat
1311 2268 1540 2321 quicquam
1595 2244 1669 2271 each
1689 2245 1788 2278 thmg.

168 2341 211 2374 30
227 2339 425 2379 constitui
469 2340 521 2378 ad
564 2339 921 2392 pulchritudinem
965 2337 1160 2390 universi,
1195 2347 1234 2377 et
1265 2337 1321 2377 sic
1353 2338 1540 2391 quelibet

226 2422 289 2448 res
323 2408 446 2448 habet
478 2422 604 2448 suum
637 2408 829 2448 ordinem
862 2408 904 2446 in
937 2416 1102 2447 tantum
1135 2408 1251 2461 quod
1284 2421 1451 2448 necesse
1480 2416 1540 2447 est

275 2578 305 2603 4.
327 2570 356 2597 A
374 2570 433 2604 Al:
459 2574 491 2596 ut
518 2584 548 2589 —
576 2573 759 2604 potestatem
781 2568 874 2595 deest.
1017 2575 1044 2602 7.
1075 2568 1103 2595 A
1122 2567 1150 2594 in
1173 2575 1290 2602 marg:
1318 2567 1384 2595 Hec
1404 2572 1450 2594 est
1469 2576 1539 2594 sen-

223 2616 325 2643 tencia
355 2615 489 2643 auctoris
521 2615 557 2642 de
587 2618 736 2650 potestate
766 2619 793 2641 et
815 2619 970 2641 caractere
995 2614 1113 2641 ordinis
1141 2614 1289 2641 continue
1309 2613 1389 2641 infra
1419 2613 1540 2648 (Above

226 2661 292 2697 1980
303 2662 433 2689 without
448 2662 534 2689 mark
545 2661 580 2688 of
590 2660 772 2694 reference).
882 2668 921 2687 10.
935 2661 963 2687 A
976 2660 1005 2687 in
1022 2668 1138 2695 marg:
1155 2659 1264 2687 Casus*
1376 2659 1455 2694 29.A
1471 2659 1491 2685 Β
1507 2659 1537 2685 in

224 2716 342 2743 marg:
363 2708 443 2736 Nota
458 2708 541 2743 quod
556 2708 633 2735 ordo
653 2707 814 2742 tripliciter
835 2706 993 2741 accipitur.
1103 2706 1141 2733 ἰὴ.
1164 2706 1202 2733 B:
1226 2707 1317 2734 habet
1338 2707 1493 2734 ordinem.

287 2827 315 2858 5.
345 2827 397 2858 Cf.
422 2827 584 2859 Thomae
611 2826 689 2858 Lib.
718 2826 773 2857 IV.
800 2827 893 2858 Sent.
920 2826 942 2856 l.
969 2836 996 2857 c.
1024 2836 1101 2868 pag.
1130 2837 1210 2867 424.
