2051 3273
282 1090 380 1118 Verse
402 1098 431 1125 ¹9

268 1126 333 1153 tells
354 1126 389 1153 of
405 1127 455 1153 the

283 1161 435 1188 Church's

285 1196 433 1222 sedulous

280 1231 436 1267 industry.

974 215 1197 247 JOHANNIS
1223 214 1419 246 WYCLIF.
1639 199 1744 258 [CAP.
1765 210 1832 238 xx.

518 320 746 359 delectatur
790 319 831 357 in
880 319 1071 369 domino,
1116 332 1203 357 non
1249 319 1388 358 solum
1432 317 1603 370 exponit
1635 318 1971 371 exercicio195¹²1

515 388 649 428 laudis
701 388 838 427 divine
883 402 957 428 sua
988 387 1144 427 ”omnia
1188 388 1259 427 sed
1306 401 1348 426 se
1392 387 1548 440 ipsam3
1586 387 1678 426 talis
1723 387 1835 426 enim

514 457 682 496 interim
712 465 851 510 gustat
895 457 938 496 in
985 457 1144 497 actibus
1189 471 1318 510 quam
1361 456 1497 496 suavis
1530 465 1590 496 est
1622 456 1833 508 dominus,

514 540 738 580 quousque
772 526 916 565 infima
949 526 1128 566 dulcedo
1161 526 1405 566 timentibus
1428 526 1566 566 Deum
1590 526 1834 566 abscondita

515 595 566 634 sit
599 595 755 648 illapsa.
814 597 900 635 Nec
944 604 1083 649 potest
1126 595 1234 636 obici
1280 596 1394 649 quod
1440 595 1514 635 hec
1552 595 1703 635 mulier
1747 604 1865 636 nonS

511 664 614 703 vidit
664 666 886 718 quomodo
933 666 1198 718 operandum
1242 665 1292 705 sit
1341 674 1511 718 propter
1555 665 1685 705 noctis
1719 675 1831 705 tene-

514 734 605 772 bras
639 734 680 772 in
717 748 800 787 qua
832 734 930 786 viat,
963 735 1061 788 quia
1094 735 1262 774 lucerna
1294 735 1456 774 ardebit
1489 735 1699 786 continue,
1729 736 1832 774 dum

512 816 677 855 semper
728 803 852 842 habet
903 804 1079 843 oculum
1124 813 1162 843 et
1207 803 1491 855 affeccionen]‚
1536 805 1743 856 sperando
1790 804 1829 842 in

512 872 705 923 domino,
759 873 886 912 verbo
941 874 1101 912 domini
1157 873 1498 912 consolacionem
1545 873 1745 926 scripture
1793 882 1832 913 et

514 941 888 981 continuacionem
922 942 1201 982 beneficencie
1224 951 1443 996 tamquam
1466 943 1608 982 oleum
1632 943 1831 982 continue
1853 961 1890 982 ιο

514 1011 729 1064 largiente,
754 1020 793 1051 et
809 1012 949 1051 exista
967 1013 1058 1051 luce
1083 1026 1180 1051 cum
1204 1013 1298 1051 oleo
1322 1012 1565 1051 devocionis
1595 1013 1829 1052 exhilarata.

571 1082 693 1120 Unde
735 1090 884 1120 octavo
924 1082 1207 1135 subiungitur:
1245 1083 1424 1121 Manum
1457 1096 1582 1122 suam
1627 1082 1740 1121 misit
1776 1082 1871 1121 adS
1897 1089 1935 1121 Κ

498 1150 649 1202 forcia
683 1157 722 1189 ct
753 1150 876 1204 digiti
907 1153 998 1191 eius
1030 1151 1406 1204 apprehenderunt
1422 1151 1608 1204 fusum,·
1651 1151 1720 1190 ubi
1755 1151 1829 1190 ista

514 1220 625 1259 bona
648 1228 842 1260 matrona
865 1221 1028 1260 lanifica
1051 1235 1124 1274 per
1146 1236 1318 1261 manum
1355 1231 1394 1260 et
1417 1222 1596 1275 digitum
1620 1220 1830 1274 specificat

515 1290 748 1341 expressius
801 1304 930 1344 quam
982 1305 1109 1344 supra
1161 1291 1495 1344 applicacionem
1546 1290 1739 1343 potencie
1791 1298 1885 1329 et15

511 1360 740 1411 prudencie
773 1361 824 1398 ad
848 1361 991 1400 sedule
1025 1362 1303 1413 operandum.
1338 1362 1446 1399 Nam
1479 1374 1627 1400 manus
1650 1369 1689 1400 et
1712 1359 1826 1412 digiti

510 1438 607 1468 sunt
653 1430 872 1482 propiores
917 1444 1047 1482 quam
1091 1430 1306 1469 brachium
1359 1429 1469 1469 actui
1516 1429 1736 1482 operandi;
1789 1437 1827 1468 et

509 1507 649 1550 potest
694 1512 801 1551 opus
841 1498 968 1538 huius
1010 1498 1163 1538 femine
1203 1500 1281 1539 dici
1324 1499 1442 1552 forte,
1488 1499 1586 1552 quia
1619 1499 1827 1539 collectim

509 1568 698 1620 procedit
737 1583 783 1608 ex
817 1568 976 1608 viribus
1010 1569 1251 1608 universalis
1287 1569 1456 1608 ecclesie
1489 1569 1703 1608 resistente
1736 1576 1826 1607 toto

509 1651 685 1690 corpore
719 1638 886 1692 dyaboli
922 1653 1018 1678 cum
1055 1638 1142 1678 eius
1176 1638 1376 1678 omnibus
1410 1638 1711 1678 instrumentis.
1746 1638 1826 1677 Sed
1843 1657 1886 1678 20

508 1716 718 1760 quantum
751 1709 802 1746 ad
836 1722 1008 1748 sensum
1040 1708 1283 1747 habendum
1317 1709 1367 1747 de
1401 1707 1494 1747 fuso
1529 1708 1627 1747 dicit
1649 1721 1827 1760 magnus

508 1778 654 1816 doctor
685 1777 950 1829 Augustinus
997 1779 1113 1830 quod
1158 1791 1244 1816 non
1291 1777 1442 1817 tacebit
1487 1777 1641 1817 caritati
1685 1785 1825 1816 nostre

507 1847 623 1899 quod
658 1847 855 1899 magister
887 1860 988 1886 suus
1022 1847 1267 1899 inspirando
1291 1847 1519 1886 donaverit.
1554 1846 1696 1885 Primo
1729 1858 1856 1899 ergo]

507 1916 712 1969 supponit
749 1917 867 1969 quod
915 1916 1163 1955 christianus
1209 1916 1283 1955 scit
1328 1917 1432 1955 bene
1466 1916 1566 1969 quid
1608 1916 1747 1955 fecerit
1780 1915 1819 1953 in

508 1986 767 2038 preteritum,
819 1986 890 2024 sed
935 1985 1099 2038 ignorat
1142 1985 1242 2038 quid
1288 1994 1359 2025 aut
1399 1986 1575 2038 qualiter
1614 1985 1736 2024 fac‘et
1778 1985 1817 2023 in
1846 1994 1884 2027 75

509 2056 712 2095 futurum.
749 2055 945 2094 Secundo
986 2055 1242 2108 supponitur
1274 2056 1390 2107 quod
1427 2056 1530 2107 pius
1569 2055 1867 2096 christianum

507 2125 557 2164 de
580 2125 743 2178 futuro
783 2138 908 2177 opere
947 2125 1053 2163 bono
1088 2126 1218 2173 timet,
1264 2125 1314 2164 de
1340 2125 1544 2177 preterito
1577 2124 1749 2177 gaudet,
1791 2131 1829 2163 et

509 2202 554 2234 ut
576 2201 822 2247 perseveret
854 2195 895 2233 in
929 2194 1047 2233 honis
1070 2195 1267 2247 operibus
1301 2201 1423 2233 caute
1445 2195 1608 2247 vigilat,
1645 2194 1828 2246 neforte

509 2265 730 2317 negligens
761 2264 1025 2317 ιῘιιΐῑινονιιῑη
1054 2264 1212 2317 perdat
1236 2264 1505 2316 preteritum,
1545 2270 1584 2303 et
1613 2264 1674 2303 sic
1707 2263 1830 2302 habet

491 2335 675 2387 firmam
699 2335 1002 2372 conscienciam
1028 2334 1078 2372 de
1109 2334 1218 2373 facto
1243 2343 1282 2373 et
1305 2347 1391 2372 non
1415 2334 1465 2372 de
1488 2332 1641 2372 fiendo.
1676 2332 1827 2372 Tercio
1843 2343 1868 2375 3

507 2404 709 2456 supponit
732 2405 847 2457 quod
870 2404 911 2442 in
944 2412 1028 2443 arte
1062 2403 1185 2442 nendi
1221 2402 1373 2442 lanifici
1403 2403 1646 2442 involutum
1669 2402 1709 2441 in
1734 2402 1827 2441 colo

508 2473 702 2512 nondum
742 2472 1007 2513 artificiatum
1041 2481 1101 2512 est
1133 2473 1173 2511 in
1208 2472 1340 2512 forma
1375 2471 1446 2521 fili,
1479 2473 1549 2511 sed
1584 2472 1635 2510 ab
1668 2471 1738 2510 illo
1776 2472 1826 2510 ad

509 2542 649 2581 susum
684 2542 873 2594 trahitur,
907 2557 991 2582 non
1026 2550 1206 2582 econtra.

560 2708 585 2727 2.
608 2701 639 2727 In
661 2701 772 2727 codd.:
802 2709 833 2727 se
864 2701 980 2735 ipsum.
1124 2709 1149 2735 7.
1178 2702 1215 2728 B:
1247 2701 1319 2728 inde
1344 2709 1404 2736 qua
1435 2701 1504 2729 viat.
1651 2709 1691 2728 10.
1722 2701 1751 2728 Λ
1770 2700 1826 2735 Al:

507 2748 611 2773 oleum
641 2747 736 2773 deest.
881 2754 919 2773 12.
946 2747 978 2773 In
1013 2748 1120 2774 codd„-
1152 2747 1190 2774 Ut
1211 2752 1331 2774 octavo.
1354 2748 1398 2774 A:
1423 2747 1523 2774 Litera
1545 2747 1571 2774 Κ
1597 2747 1627 2774 in
1651 2748 1719 2774 loco
1739 2746 1826 2773 infer.

508 2793 550 2819 23.
573 2793 600 2819 A
624 2793 652 2819 iu
676 2801 790 2827 marg:
823 2793 951 2828 Triplex
974 2794 1166 2828 supposicio.
1316 2801 1361 2827 24.
1402 2793 1440 2819 B:
1478 2793 1629 2827 supponit
1651 2793 1735 2828 quod
1759 2792 1827 2825 pius

508 2840 623 2866 fecerit.
