2051 3273
227 223 315 251 CAP.
344 211 470 269 xxm]
738 226 797 257 DE
824 225 1055 257 ECCLESIA.
1753 217 1831 270 587

73 342 101 376 Ζ
129 340 209 384 207d
227 330 473 382 purgatorio
499 339 714 368 merentur
738 330 814 368 sibi
841 330 1049 382 premium
1072 339 1303 382 utrumque
1321 331 1537 382 continue,
1557 342 1632 383 *and
1656 342 1704 368 ihe
1726 342 1813 368 souis

227 399 284 438 sic
330 399 548 450 dampnati
596 411 730 451 usque
765 399 803 437 in
840 397 967 437 finem
1013 398 1213 437 continue
1256 400 1539 438 demerentur.
1556 375 1831 440 mphffirmggfflgsror

228 469 366 507 Prima
412 481 507 520 pars
541 467 728 506 videtur:
777 468 837 506 Eo
882 468 996 520 quod
1034 468 1160 517 beati,
1196 467 1304 507 sicut
1339 469 1542 508 continue

227 545 444 576 merentur
476 537 565 575 aliis
599 537 639 575 in
675 537 756 588 via,
805 537 863 575 sic
896 544 1113 575 merentur
1148 545 1193 575 ut
1227 545 1322 588 post
1359 537 1543 577 habeant

195 607 494 651 §consorcium
529 618 677 644 eorum
712 605 752 644 in
789 605 946 658 patria;
983 606 1152 657 purgati
1189 618 1288 644 vero
1323 615 1542 646 merentur

227 678 303 716 sibi
358 677 515 715 nedum
568 677 863 715 remissionem
917 676 1229 728 peccaminum,
1284 677 1355 715 sed
1410 677 1539 714 beati-

227 747 418 786 tudinem
442 755 530 785 tam
553 746 824 785 essencialem
848 759 978 799 quam
1003 746 1308 785 accidentalem
1334 746 1540 796 futuram,

231 816 470 855 voluntarie
503 816 643 867 gracia
677 816 802 854 huius
838 828 885 853 ex
911 815 986 854 Dei
1020 815 1159 868 gracia
1185 815 1413 867 paciend03
1446 815 1543 854 licet

228 894 370 925 autem
415 894 591 938 peccent
638 885 855 936 continue,
906 885 1007 937 quia
1054 893 1155 924 tunc
1199 894 1295 924 sunt
1330 885 1370 924 in
1404 884 1544 937 gracia

173 975 212 997 10
228 955 316 993 sine
350 954 531 1005 mortali,
580 966 665 993 non
701 954 824 993 video
857 954 1079 1006 quomodo
1113 955 1285 1007 proprie
1327 955 1544 993 demeren-

229 1033 311 1074 tur,
358 1023 466 1063 sicut
511 1037 585 1062 nec
630 1023 759 1062 libere
806 1023 1134 1062 contradictorie
1170 1032 1272 1062 tunc
1313 1031 1542 1062 merentur.

228 1092 459 1145 Dampnati
505 1105 606 1132 vero
651 1106 746 1132 cum
797 1093 880 1132 sint
925 1101 1100 1145 peccato
1147 1093 1316 1131 mortali
1351 1094 1391 1132 in
1425 1093 1542 1132 mali-

231 1161 418 1201 volencia
451 1175 527 1201 sua
562 1162 762 1202 continue
788 1162 983 1215 peiorati,
1019 1161 1220 1201 continue
1254 1162 1542 1212 demerentur,

228 1232 324 1271 licet
355 1231 520 1284 prosint
553 1245 628 1284 per
661 1232 869 1273 accidens„
912 1233 973 1270 De
1006 1232 1087 1270 isto
1122 1232 1236 1271 alibi.

175 1381 212 1414 15
233 1371 459 1424 Explicit
498 1378 750 1410 tractatus
793 1371 848 1409 de
896 1379 1070 1410 sancta
1110 1380 1269 1411 matre
1315 1371 1544 1410 ecclesia.

283 1572 312 1598 9.
332 1566 361 1591 A
381 1566 436 1599 A1:
463 1565 534 1600 quia
555 1569 633 1592 tum.
777 1572 817 1597 ¹4-
839 1564 878 1591 B:
908 1565 975 1592 licet
1008 1565 1135 1598 profuit.
1283 1564 1320 1592 15.
1342 1564 1381 1590 B:
1416 1565 1547 1600 Explicit

231 1611 286 1644 Al:
312 1609 457 1638 Continet
478 1611 584 1645 viginti
606 1611 664 1638 tria
686 1612 819 1645 capitula
840 1615 867 1637 et
888 1610 933 1638 sic
954 1616 999 1638 est
1020 1610 1099 1639 finis.
