2051 3273
263 261 352 290 CAP.
372 249 471 307 vni]
766 262 826 294 DE
852 260 1085 294 ECCLESIA.
1782 249 1858 303 157

118 378 153 411 P
178 365 325 421 150b(ut
356 374 468 419 patet
501 366 534 405 Ia
573 365 829 419 Thymothei
872 363 939 420 10).
986 366 1072 404 Nec
1111 363 1219 402 dicat
1251 363 1400 416 aliquis
1454 364 1571 416 quod

260 435 412 488 Anglia
444 435 644 487 processit
674 448 885 487 prospere,
919 434 1088 487 quando
1120 433 1288 472 ecclesia
1313 432 1456 471 habuit
1477 432 1573 471 talia

259 504 473 557 privilegia
504 504 560 544 sic
592 504 773 556 defensa,
807 503 903 558 quia
936 504 1130 544 audacter
1168 516 1305 542 assero
1338 502 1453 555 quod
1485 515 1572 540 non

261 573 406 613 exinde
451 574 696 627 promeruit,
741 574 812 612 sed
863 573 969 613 sicut
1018 572 1216 626 iniquitas
1268 574 1573 611 Amorreorum

227 642 337 688 5fuit
372 643 415 682 in
449 644 690 697 congregari
722 656 796 696 per
819 642 1023 683 CCCC10⁵
1056 655 1189 681 annos
1222 650 1261 680 et
1293 640 1473 693 amplius
1508 639 1573 694 (ut

259 721 372 765 patet
396 713 498 753 Gen.
523 711 662 768 XV0);
695 727 742 752 ex
776 712 893 752 cuius
927 720 1140 752 cremento
1164 710 1341 750 finaliter
1372 717 1469 748 sunt
1501 710 1570 748 de-

259 782 420 822 structi:
455 783 511 822 sic
543 783 782 823 timendum
805 790 865 822 est
897 783 947 821 de
978 791 1103 836 gente
1131 780 1295 833 Anglie,
1328 779 1406 818 nisi
1440 779 1572 818 clerus

257 853 398 891 redeat
429 853 480 892 ad
503 852 760 905 spiritualem
784 852 1080 903 humilitatem,
1113 860 1158 891 ut
1180 851 1296 901 olim,
1320 863 1418 889 cum
1441 850 1572 889 clerus

258 929 304 960 ut
349 921 486 961 anima
532 931 571 961 et
620 922 812 961 secularis
859 930 906 961 ut
944 935 1095 974 corpus
1127 921 1280 960 debent
1312 920 1574 960 concorditer

205 1014 243 1035 10
258 991 510 1031 constituere
556 991 692 1032 virum
736 1002 891 1043 unum;
940 991 1055 1044 quod
1088 1004 1174 1030 non
1206 998 1344 1043 potest
1375 989 1461 1029 fieri
1495 990 1573 1029 nisi

258 1073 305 1099 ex
356 1069 505 1101 mutua
557 1061 826 1101 observancia
868 1061 970 1114 legis
1015 1060 1181 1100 Christi.
1227 1060 1334 1113 Sepe
1378 1060 1491 1099 enim
1529 1059 1572 1098 in

257 1130 417 1182 pruritu
445 1131 731 1184 prosperitatis
753 1131 967 1170 mundane
991 1139 1050 1170 est
1072 1129 1257 1183 populus
1280 1128 1574 1168 insensibiliter

256 1201 397 1253 quoad
428 1200 566 1240 Deum
598 1200 778 1254 amplius
811 1200 1035 1253 peioratus.

315 1270 522 1310 Hortandi
555 1279 696 1310 tamen
729 1278 828 1309 sunt
850 1269 1010 1309 domini
1036 1270 1239 1309 seculares
1272 1282 1323 1308 ne
1355 1268 1570 1321 arguendo
1585 1283 1859 1319 Layruiersmust,

204 1350 329 1391 15per
365 1339 510 1379 locum
549 1340 599 1379 ab
638 1338 906 1379 insufficienti
944 1338 1218 1378 similitudine
1250 1337 1440 1378 auferant
1476 1350 1570 1377 vera
1584 1318 1862 1381 igitiiiscigcisbfihreei}

256 1408 469 1462 privilegia
498 1409 667 1448 ecclesie
699 1417 872 1462 propter
904 1408 1146 1461 cupidinem
1177 1407 1473 1460 temporalium
1505 1408 1570 1447 vel
1613 1388 1833 1450 dugffirtghrhe

254 1477 495 1518 vindictam.
543 1478 752 1518 Hortandi
790 1487 888 1518 sunt
920 1478 1105 1518 secundo
1145 1491 1196 1517 ne
1228 1491 1276 1517 ex
1307 1477 1463 1517 invidia
1505 1478 1571 1517 vel

255 1547 334 1586 alia
366 1561 488 1587 causa
520 1547 870 1601 pretergrediente
901 1547 1079 1588 caritatis
1114 1547 1276 1600 regulas
1309 1547 1360 1587 sit
1392 1546 1570 1600 fugitivo

162 1627 240 1660 1500
256 1617 378 1670 culpa
409 1618 608 1671 imposita
638 1618 704 1657 vel
725 1617 748 1641 ²¹⁶
770 1617 1026 1671 prodicionis
1059 1617 1242 1670 suspicio
1275 1617 1455 1670 palliata.
1518 1617 1573 1657 Et

197 1708 239 1730 20
256 1687 448 1727 hortandi
491 1697 589 1728 sunt
632 1687 759 1728 tercio
804 1701 855 1726 ne
900 1686 1053 1726 alicubi
1099 1695 1139 1726 et
1185 1687 1416 1740 specialiter
1465 1686 1572 1726 infra

255 1766 371 1810 septa
414 1757 584 1797 ecclesie
635 1757 884 1810 sanguinem
937 1756 1156 1796 effundant
1206 1752 1441 1809 innoxium,
1501 1757 1572 1796 sed

257 1826 467 1866 honorent
499 1835 685 1867 sanctam
708 1836 887 1866 matrem
915 1826 1131 1866 ecclesiam
1153 1827 1387 1866 secundum
1409 1826 1571 1879 regulas

259 1909 363 1949 quas
408 1895 599 1936 Christus
644 1896 719 1935 sibi
764 1896 959 1948 instituit;
1006 1897 1058 1935 ad
1090 1910 1171 1950 que
1217 1895 1361 1936 omnia
1405 1903 1573 1950 oportet

258 1965 435 2005 omnino
463 1965 679 2005 consulere
711 1979 883 2005 sensum
915 1965 1169 2005 catholicum
1201 1966 1511 2019 scripturarum.

779 2186 900 2227 CAP.
933 2186 1042 2228 VIII.

203 2302 238 2335 A
310 2289 421 2340 Quia
459 2290 636 2330 sciencia
668 2292 903 2331 secundum
935 2290 1214 2344 philosophos
1245 2291 1401 2343 gaudet
1434 2299 1566 2331 extra-
1599 2314 1783 2350 Digression
1804 2322 1845 2342 0„

250 2360 338 2400 neis
381 2374 428 2400 ac
474 2360 650 2400 sciencie
694 2362 745 2400 de
791 2369 932 2400 sancta
976 2369 1108 2400 matre
1153 2359 1325 2399 ecclesia
1357 2360 1409 2399 sit
1440 2360 1565 2400 nimis
1581 2349 1856 2412 Θᾷξξῇψὴξξὲξᾞᾎς

251 2439 469 2470 extraneus
502 2429 669 2469 infamis
702 2444 819 2470 casus
852 2430 925 2483 qui
960 2429 1136 2483 contigit
1166 2443 1301 2482 nuper
1338 2429 1381 2468 in
1413 2419 1855 2488 Angliaffitefgffighggfiegfi}

250 2507 289 2539 et
333 2499 376 2538 in
412 2500 565 2551 Roma,
597 2500 692 2539 ideo
724 2499 860 2553 gracia
891 2498 1185 2539 declaracionis
1216 2498 1312 2538 fidei
1345 2508 1384 2539 et
1416 2512 1563 2539 caven·
1640 2488 1670 2516 ³¹¹
1691 2488 1797 2516 Rome.

191 2577 233 2610 30
249 2568 402 2608 dorum
425 2582 614 2608 errorum
637 2569 808 2609 ecclesie
838 2577 963 2608 restat
994 2581 1222 2621 parumper
1254 2569 1436 2620 disgredi
1460 2569 1566 2608 circa

298 2700 328 2727 4.
348 2692 388 2720 B:
410 2693 520 2720 exinde
540 2697 706 2728 proverant
725 2694 802 2728 (sic).
937 2693 974 2721 13.
995 2693 1025 2720 A
1043 2694 1100 2728 A1:
1122 2693 1288 2728 peioratur.
1424 2701 1467 2728 14.
1487 2693 1517 2720 A
1535 2692 1565 2720 in

247 2747 362 2774 marg:
391 2738 471 2767 Nota
500 2740 598 2767 bonas
621 2739 830 2767 hortaciones.
958 2747 1003 2767 20.
1035 2740 1079 2767 D:
1109 2747 1147 2767 ne
1174 2739 1270 2767 aliter.
1390 2746 1437 2767 20.
1457 2747 1496 2767 21.
1519 2742 1562 2767 D:

245 2784 328 2813 infra
348 2790 444 2822 cepta.
474 2786 502 2813 A
522 2786 562 2821 Al
582 2785 622 2813 13:
653 2785 795 2814 Christus
824 2786 917 2814 deest.
1061 2793 1107 2820 24.
1130 2787 1159 2813 A
1178 2786 1209 2813 in
1232 2793 1329 2821 marg.
1354 2786 1448 2813 verba
1468 2786 1567 2813 tsche-

246 2832 350 2859 chica:
381 2831 431 2860 Nu
453 2833 586 2860 zbohem
610 2833 724 2870 mylym
751 2833 936 2869 potahnyem
966 2833 1041 2861 dale.
1067 2833 1101 2860 Id
1126 2837 1186 2860 est:
1208 2833 1287 2868 Age,
1308 2841 1378 2861 cum
1403 2833 1468 2860 Deo
1494 2841 1566 2861 caro

246 2871 431 2913 (materiam)
454 2887 550 2914 porro
569 2880 719 2907 tractabo.
