2051 3343
187 215 240 254 90
881 212 1104 244 JOHANNIS
1130 212 1326 244 WYCLIF.
1599 200 1708 257 [CAP.
1738 209 1781 237 1v

475 318 731 371 pretendunt
763 331 805 357 se
836 330 976 370 gerere
1006 316 1204 357 vicariam
1234 325 1500 370 potestatem.
1533 317 1664 357 Aliter
1679 317 1840 361 enimP

476 398 571 428 sunt
605 389 655 428 de
677 385 700 409 ”¹²
722 387 998 442 generacione
1014 386 1196 439 pessima
1210 386 1436 426 meretricis
1453 387 1621 426 diaboli.
1657 387 1792 427 Gene-
1812 396 1891 440 140d

475 459 585 499 racio
619 458 732 498 enim
764 466 862 497 sunt
894 456 1061 508 Christi,
1084 470 1222 510 neque
1246 464 1409 496 constat
1441 469 1490 496 ex
1513 457 1793 509 sanguinibus

476 537 523 568 ut
553 528 595 567 in
627 527 940 580 propagacione
971 526 1150 566 naturali
1182 539 1320 580 neque
1343 539 1392 565 ex
1422 526 1640 567 voluntate
1663 527 1796 567 carnis

475 607 521 638 ut
552 598 595 637 in
628 597 765 637 electis
797 597 909 636 nude
936 609 984 635 ex
1004 596 1228 636 affeccione
1248 595 1401 635 carnali
1421 610 1558 649 neque
1588 596 1632 635 in
1657 597 1828 639 electis5

476 681 552 721 pro
585 681 746 720 pompa
777 666 905 706 seculi
937 679 1019 719 que
1054 666 1235 705 nascitur
1266 679 1314 705 ex
1345 665 1564 705 voluntate
1596 666 1685 718 viri,
1725 667 1797 705 sed

476 752 524 778 ex
555 738 645 777 Deo
664 736 749 776 nati
765 745 863 776 sunt
883 745 1103 789 tamquam
1131 734 1203 774 filii
1234 735 1488 775 imitacionis
1511 749 1585 788 per
1615 735 1798 788 graciam

475 808 750 860 adoptantem
771 815 810 846 et
830 815 930 846 tunc
963 820 1011 845 ex
1044 805 1295 845 condicione
1319 805 1484 858 generis
1516 805 1796 858 patrizabunt.

215 871 284 897 The
305 869 424 897 faithful

188 906 265 933 have
282 913 298 932 a
310 904 462 932 sufficient

207 939 446 1009 {ffiWC'ffifssfih‘Jf
479 948 595 1001 quod
628 947 725 986 satis
759 946 1029 999 cognoscitur
1066 960 1089 985 a
1127 944 1259 985 fideli:
1305 954 1367 985 est
1399 945 1512 985 enim
1544 946 1640 986 dare
1686 944 1796 984 noti-
1817 964 1856 985 10

187 1009 367 1080 mffilss‘f'ssgh
387 1016 584 1071 {Jssfficiam
606 1017 846 1057 distinctam
865 1025 904 1056 et
926 1015 1149 1056 confusam
1171 1025 1209 1055 et
1224 1024 1400 1069 utraque
1415 1023 1555 1068 potest
1575 1014 1797 1068 subdividi,

476 1088 618 1142 quoad
640 1100 867 1140 personam
888 1086 954 1126 vel
976 1084 1354 1135 circumstanciam,
1380 1085 1522 1138 quoad
1544 1097 1716 1124 sensum
1736 1083 1803 1123 vel

474 1157 748 1209 intellectum,
780 1157 923 1210 quoad
944 1155 1073 1195 fidem
1102 1156 1168 1195 vel
1198 1154 1424 1196 racionem.
1457 1154 1500 1194 Si
1531 1154 1670 1194 cenim
1702 1167 1799 1207 cog-

476 1243 608 1270 nosco
648 1236 775 1280 caput
802 1227 971 1267 ecclesie
994 1234 1034 1266 et
1055 1234 1197 1266 tamen
1219 1225 1313 1278 ipso
1337 1233 1507 1265 ostenso
1529 1223 1657 1263 michi
1687 1224 1799 1263 nude

477 1300 520 1339 in
552 1299 690 1352 specie
720 1298 908 1337 humana
944 1296 1149 1336 nescirem
1181 1296 1324 1348 ipsum
1354 1295 1405 1334 ab
1440 1294 1521 1333 alio
1555 1294 1799 1333 discernere.
1821 1298 1858 1332 15

535 876 686 916 Tercio
719 876 870 916 dicitur
900 877 953 916 ad
985 875 1201 915 obiectum
1222 875 1274 914 de
1301 875 1458 915 noticia
1480 875 1624 915 matris
1656 884 1847 935 nostreQ

188 1370 465 1440 Κέθῆζξῇξζωῇὲῑ
538 1370 675 1420 Unde,
709 1382 807 1408 cum
839 1366 921 1406 fide
953 1366 1222 1406 ambulamus
1256 1374 1295 1405 et
1332 1364 1529 1416 vivimus,
1562 1377 1801 1403 consonum

210 1439 448 1502 beslffitfefiffer‘gffiff
480 1449 542 1480 est
573 1439 690 1493 quod
736 1452 815 1478 nos
859 1436 978 1491 quasi
1025 1437 1157 1476 modo
1189 1434 1321 1488 geniti
1351 1434 1531 1474 infantes
1564 1433 1737 1474 confuse
1758 1434 1801 1473 in

478 1510 717 1549 velamento
749 1508 847 1548 fidei
877 1508 1108 1547 habeamus
1140 1505 1343 1545 noticiam
1373 1504 1517 1544 matris
1549 1512 1710 1543 nostre:
1745 1504 1801 1544 sic

481 1579 595 1620 enim
626 1593 702 1619 nec
745 1578 950 1632 prescitos
988 1576 1336 1630 reprehendimus
1380 1588 1456 1614 nec
1494 1574 1801 1627 predestinatos
1816 1587 1859 1609 20

481 1649 721 1690 extollimus
738 1648 907 1699 viciose,
927 1648 999 1688 sed
1031 1646 1404 1699 correspondenter
1427 1645 1478 1684 ad
1492 1644 1694 1684 noticiam
1715 1653 1802 1684 tam

481 1720 670 1760 membra
687 1718 832 1759 matris
848 1727 989 1758 nostre
1005 1730 1137 1771 quam
1168 1715 1355 1756 infideles
1389 1715 1465 1754 sibi
1497 1723 1537 1754 et
1568 1713 1690 1754 nobis
1722 1713 1800 1752 ini-

480 1791 613 1830 micos
665 1789 901 1842 diligimus;
944 1788 1039 1827 illos
1086 1794 1230 1826 autem
1274 1799 1383 1840 quos
1427 1785 1619 1824 videmus
1665 1784 1803 1823 vivere

481 1861 718 1901 secundum
749 1859 886 1911 legem
903 1858 980 1898 Dei
1002 1867 1250 1911 reputamus
1273 1870 1361 1896 esse
1383 1854 1491 1895 filios
1522 1854 1652 1907 regni,
1685 1862 1725 1893 et
1746 1853 1803 1893 sic

481 1932 532 1971 de
564 1931 652 1970 aliis
685 1930 891 1969 habemus
924 1928 1129 1968 maiorem
1162 1926 1434 1977 evidenciam‚
1469 1926 1519 1964 de
1541 1924 1629 1964 aliis
1662 1923 1802 1963 mino·
1821 1927 1859 1960 25

480 2014 581 2042 rem.
615 2001 677 2039 De
709 1999 789 2039 illis
822 2008 965 2039 tamen
983 2011 1096 2037 nunc
1130 1997 1337 2037 credimus
1359 1996 1476 2049 quod
1506 2002 1602 2033 sunt
1617 1994 1805 2033 membra

480 2071 623 2110 matris
657 2078 796 2109 nostre
828 2069 894 2108 vel
927 2067 1156 2108 meretricis
1179 2066 1375 2120 opposite
1408 2066 1503 2118 plus
1536 2078 1666 2118 quam
1708 2063 1802 2103 fide.

481 2141 618 2191 Unde,
640 2139 804 2193 quesito
831 2153 854 2178 a
885 2152 953 2178 me
977 2138 1027 2177 de
1057 2149 1311 2191 quacunque
1343 2148 1523 2188 persona
1543 2135 1608 2173 vel
1639 2134 1804 2187 populo

482 2219 753 2251 conversante
798 2208 1023 2248 nobiscum
1074 2216 1218 2247 utrum
1269 2206 1321 2246 sit
1369 2206 1611 2245 membrum
1661 2203 1804 2243 matris

481 2289 635 2331 nostre,
669 2280 727 2319 sic
760 2279 877 2333 quod
908 2278 1091 2317 videndo
1133 2277 1276 2330 ipsum
1313 2275 1533 2315 videamus
1572 2273 1805 2327 parcialiter
1821 2277 1862 2309 30

482 2360 660 2391 matrem
692 2358 894 2400 nostram,
939 2347 1033 2387 dico
1074 2347 1191 2401 quod
1229 2360 1307 2399 ego
1347 2346 1497 2398 ignoro
1541 2345 1613 2384 sed
1652 2351 1803 2396 reputo

482 2421 548 2460 vel
584 2433 782 2473 suppono
816 2432 864 2458 ex
896 2418 1028 2458 modo
1052 2416 1326 2457 conversandi
1356 2416 1413 2456 sic
1436 2416 1502 2455 vel
1533 2415 1602 2468 sic,
1636 2427 1711 2453 nec
1744 2422 1805 2453 est

483 2491 783 2531 inconveniens
809 2490 880 2530 sed
904 2502 1145 2528 consonum
1167 2487 1290 2528 statui
1327 2486 1392 2526 vie
1414 2486 1531 2540 quod
1561 2485 1804 2538 ignoremus

537 2626 561 2645 2.
584 2619 611 2645 A
630 2617 661 2645 in
682 2624 795 2651 marg.;
821 2616 995 2643 Generacio
1014 2614 1082 2642 Dei.
1103 2614 1226 2649 (Above
1247 2614 1348 2648 14021.)
1369 2611 1408 2639 B:
1429 2616 1500 2639 sunt
1520 2611 1616 2639 deest.
1709 2609 1736 2638 8.
1757 2610 1798 2637 A:

486 2665 705 2700 patrissabunt.
878 2671 907 2699 9.
928 2663 957 2691 A
978 2663 1008 2689 in
1030 2669 1145 2696 marg:
1168 2661 1211 2688 De
1231 2660 1355 2688 noticia.
1516 2666 1558 2693 19.
1587 2658 1616 2685 A
1636 2657 1667 2685 in
1688 2665 1803 2692 marg.:

484 2710 642 2739 Noticiam
664 2710 785 2746 qualem
820 2710 970 2737 habemus
998 2709 1035 2737 de
1067 2708 1198 2736 ecclesia
1228 2713 1257 2735 et
1286 2707 1323 2735 de
1355 2706 1492 2742 partibus
1521 2705 1588 2733 eius
1617 2704 1665 2732 hic
1693 2705 1724 2732 in
1744 2704 1802 2731 via.

486 2757 528 2784 25.
550 2756 608 2784 Hic
629 2757 718 2783 locus
738 2761 904 2791 corruptus
926 2764 995 2782 esse
1015 2755 1152 2787 videtum
1172 2754 1306 2782 fortasse
1320 2753 1480 2788 legedum:
1500 2756 1603 2779 tamen
1621 2759 1683 2778 non
1704 2750 1804 2777 credi-

487 2812 566 2830 mus.
685 2803 732 2830 26.
754 2802 793 2828 ss:
817 2801 920 2829 fidem.
1027 2809 1072 2831 27.
1100 2801 1129 2828 A
1150 2800 1180 2827 in
1202 2808 1316 2835 marg<
1339 2799 1479 2835 Questio.
1587 2805 1631 2832 27.
1652 2798 1692 2824 B:
1715 2796 1804 2824 Unde

489 2858 594 2885 queso*
736 2849 774 2878 31.
795 2849 824 2876 A
843 2849 873 2876 in
895 2857 1007 2884 marg:
1030 2847 1216 2883 Responsio.
