2051 3273
214 214 302 243 CAP.
326 203 410 262 xv]
717 217 776 248 DE
804 216 1035 248 ECCLESIA.
1729 205 1804 256 345

59 334 90 366 L
117 321 475 376 177³privilegium
521 335 570 361 eo
611 321 728 374 quod
770 320 924 360 habent
970 320 1096 360 talem
1147 320 1411 374 prepositum
1456 319 1519 359 cui

211 392 267 430 sic
300 391 512 430 meritorie
544 398 722 443 possunt
755 390 888 430 subdi.

156 471 196 504 M
270 461 330 499 Illi
363 474 460 513 ergo
493 460 565 513 qui
598 459 741 499 dicunt
774 460 889 513 quod
920 474 989 499 rex
1020 459 1145 499 habet
1177 467 1429 512 potestatem
1461 458 1521 497 in·
1547 467 1803 529 lssgssteretggelj'sxnat

212 529 633 583 comprehensibilem
656 529 896 582 castigando
919 529 1062 568 leones
1085 538 1124 569 et
1146 528 1337 568 faciendo
1371 541 1520 580 corpo·
1544 523 1702 598 ⁸privi'1lcffssgie
1722 514 1795 586 thia-[1

179 600 314 641 5rales
338 598 580 638 sanaciones
607 612 704 638 cum
725 599 813 637 aliis
835 612 917 652 que
934 608 1085 639 vocant
1105 599 1317 650 miracula,
1340 599 1523 637 laxarent
1537 579 1813 641 bcouliiiffiepoimnss'r‘sis

212 668 459 722 porcionem
490 681 564 708 sue
596 668 787 720 potencie
821 670 871 707 ad
901 669 1177 722 regulandum
1198 682 1376 721 regnum
1400 681 1523 706 suum

212 739 254 778 in
286 738 408 789 clero,
442 751 539 777 cum
571 737 651 777 hoc
684 746 723 777 et
756 738 843 777 eius
875 747 990 778 actus
1023 738 1129 778 foret
1167 737 1439 778 excellencius
1486 745 1525 776 et

212 809 306 862 plus
340 807 553 847 fundabile
586 821 634 846 ex
667 807 880 861 scriptura.
926 810 1079 848 Nonne
1111 807 1218 848 foret
1250 806 1524 847 excellencius

213 877 409 930 castigare
433 876 665 927 freneticos,
689 886 926 929 peccatores
957 886 996 917 et
1025 877 1207 917 discolos
1238 877 1347 917 scole
1371 876 1524 917 Christi

160 966 197 987 10
213 961 340 1000 quam
373 947 543 987 domare
577 947 679 987 feras
712 960 793 999 que
827 960 913 986 non
945 956 1107 987 tanturn
1145 956 1298 987 nocent
1333 944 1524 986 ecclesie?

213 1018 364 1056 Nonne
423 1017 575 1056 iterum
631 1016 736 1056 foret
782 1031 890 1069 opus
945 1017 1114 1056 maioris
1156 1017 1319 1056 virtutis
1357 1016 1526 1069 gignere

213 1086 384 1125 virtutes
416 1086 459 1124 in
492 1095 632 1126 mente
657 1086 949 1139 disciplinabili
983 1086 1204 1126 occasione
1239 1085 1526 1139 castigacionis

213 1156 399 1208 salubris,
435 1169 516 1209 qua
549 1156 683 1195 ablata
717 1156 766 1195 ab
800 1156 970 1196 ecclesia
1007 1156 1179 1196 virtutes
1224 1157 1274 1195 ab
1317 1156 1526 1195 indomito

214 1224 528 1277 subtrahuntur,
585 1239 714 1279 quam
772 1226 967 1266 inducere
1012 1225 1239 1265 virtualiter
1282 1239 1527 1278 corpoream

161 1302 197 1334 15
214 1292 460 1335 sanitatem?
493 1295 728 1348 Utrobique
761 1309 945 1348 namque
979 1304 1039 1335 est
1070 1309 1139 1334 rex
1172 1296 1336 1335 nudum
1374 1295 1526 1335 instru-

213 1373 406 1404 mentum
445 1364 520 1404 Dei
565 1364 636 1417 qui
680 1366 783 1404 dans
830 1365 916 1417 regi
955 1365 1154 1405 virtutem
1196 1365 1528 1405 subautenticam

214 1433 496 1487 principaliter
526 1442 734 1486 operatur.
769 1435 821 1474 Et
853 1434 908 1474 sic
940 1434 1005 1488 (ut
1027 1449 1124 1488 sepe
1147 1433 1247 1489 dixi)
1280 1448 1349 1474 rex
1372 1436 1530 1474 nedum

215 1503 363 1542 faceret
407 1517 515 1556 opus
546 1503 716 1542 maioris
760 1503 922 1543 virtutis
964 1504 1006 1543 in
1051 1505 1293 1557 castigando
1338 1505 1529 1545 subditos

216 1587 344 1626 quam
368 1572 557 1612 faciendo
591 1586 868 1626 quoscunque
906 1583 1022 1614 actus
1054 1574 1262 1614 mirabiles
1280 1577 1529 1629 corporales,

158 1659 201 1680 20
217 1643 287 1682 sed
331 1643 463 1682 eciam
506 1656 633 1695 quam
682 1643 990 1683 accumulando
1036 1644 1241 1696 quotlibet
1285 1647 1531 1698 temporalia

215 1712 311 1751 cleri
343 1712 510 1759 Christi,
545 1726 641 1751 nam
677 1712 776 1752 tales
808 1713 978 1753 virtutes
1012 1713 1189 1753 faciendi
1212 1715 1405 1755 sanitates
1438 1730 1528 1755 cor-

215 1795 361 1835 poreas
394 1790 572 1835 possunt
604 1782 737 1822 inesse
772 1782 926 1833 bestiis,
958 1792 1063 1822 terre
1095 1785 1360 1824 nascentibus
1405 1794 1529 1839 atque

216 1851 424 1904 lapidibus
456 1852 527 1891 sed
561 1865 647 1891 non
680 1852 809 1892 virtus
843 1853 1119 1892 correccionis
1153 1854 1339 1894 salubris.

168 1926 203 1959 N
275 1922 327 1961 Et
363 1921 515 1961 iterum
546 1921 729 1961 adieccio
772 1922 1071 1975 temporalium
1115 1924 1397 1964 communiter
1440 1934 1609 1974 nonThe
1626 1934 1819 1982 gifrofalms

159 1995 198 2028 25
217 2001 277 2031 est
315 1991 370 2031 ita
408 1991 647 2045 propinqua
690 1991 838 2032 ultime
877 1992 1110 2032 necessitati
1150 1993 1395 2033 salvacionis
1435 2009 1526 2048 pre·
1554 1972 1701 2051 ¹15112i¹11¹⁹ii3i2
1718 1969 1800 2041 {iiffovd

217 2060 342 2101 sentis
388 2075 600 2114 corporee,
634 2061 741 2101 sicut
772 2061 1005 2101 subtraccio
1038 2062 1155 2101 abusi
1190 2072 1250 2103 est
1287 2064 1529 2118 propinqua
1584 2042 1778 2107 prgksjsufenffiot

217 2131 364 2170 ultime
408 2131 643 2171 necessitati
688 2130 933 2171 salvacionis
980 2141 1179 2184 perpetue
1212 2142 1299 2172 tam
1343 2135 1528 2187 corporis

218 2214 347 2254 quam
369 2201 519 2241 anime.
545 2201 661 2241 Sicut
684 2201 797 2240 enim
820 2209 880 2240 est
912 2215 1021 2253 opus
1054 2201 1224 2241 maioris
1246 2202 1529 2245 misericordie

218 2269 378 2309 auferre
411 2270 599 2323 gladium
631 2284 653 2309 a
686 2270 884 2310 frenetico
908 2270 1074 2310 volente
1105 2285 1146 2310 se
1177 2271 1318 2324 ipsum
1342 2273 1529 2314 occidere

163 2343 203 2375 30
219 2353 345 2393 quam
387 2340 484 2378 dare
522 2339 712 2391 gladium
751 2348 970 2392 persecuto
1003 2341 1055 2379 ad
1087 2340 1399 2382 defendendum
1435 2358 1476 2384 se
1508 2359 1530 2384 a

218 2409 387 2448 volente
439 2423 537 2448 eum
590 2408 792 2460 occidere,
844 2410 942 2462 quia
995 2410 1114 2462 peius
1158 2410 1264 2451 foret
1311 2412 1530 2454 hominem

220 2478 353 2517 occidi
377 2478 432 2517 sic
455 2492 478 2516 a
500 2492 541 2517 se
566 2478 656 2531 ipso
680 2492 807 2532 quam
831 2478 964 2518 occidi
999 2479 1048 2518 ab
1081 2479 1179 2531 alio,
1212 2481 1311 2534 quia
1344 2482 1530 2535 primum

219 2556 280 2586 est
312 2547 581 2599 dampnabile
613 2556 652 2587 et
686 2548 919 2587 secundum
953 2562 1118 2601 semper
1149 2550 1414 2591 meritorium
1446 2552 1531 2592 sive

270 2683 312 2711 23.
344 2684 383 2711 ss:
414 2684 467 2712 sed
496 2693 552 2712 nec
580 2684 685 2713 virtus.
833 2684 877 2713 25.
914 2685 951 2712 13:
985 2687 1137 2721 presentis
1163 2703 1195 2706 —
1221 2688 1405 2715 salvacionis
1436 2688 1530 2716 deest.

218 2730 265 2758 30.
286 2731 315 2758 A
335 2731 365 2758 in
387 2739 500 2766 marg:
522 2730 613 2759 Nota.
653 2731 674 2757 Β
696 2731 726 2758 in
746 2739 860 2766 marg:
882 2731 962 2759 Nota
983 2740 1043 2759 non
1064 2732 1212 2767 intelligo.

278 2826 307 2857 3.
335 2827 408 2858 Hus
434 2826 455 2858 l.
482 2837 509 2859 c.
655 2837 705 2868 24.
732 2828 807 2858 Hus
835 2829 854 2859 1.
881 2838 908 2859 c.
936 2827 996 2860 fol.
1023 2827 1219 2860 CXXXIIP'.
