2051 3273
229 235 317 263 CAP.
341 224 424 282 xv]
730 238 789 268 DE
817 237 1052 269 ECCLESIA.

75 354 110 386 N
136 343 343 396 177bdictis
391 351 632 381 sanctorum
680 342 989 394 exponencium
1022 341 1148 381 fidem
1181 343 1384 395 scripture
1425 354 1537 396 patet

225 413 341 466 quod
386 413 436 451 de
481 412 571 464 lege
616 411 794 450 caritatis
840 420 878 450 et
923 411 1147 464 spiritualis
1192 412 1420 452 elemosine
1459 414 1536 452 sub

225 496 332 535 pena
380 481 659 534 dampnabilis
693 494 920 520 consensus
963 489 1128 521 tenetur
1165 482 1401 535 prepositus
1440 484 1536 522 sub-

224 552 353 591 iectos
386 550 601 602 corripere.
636 550 758 590 Unde
789 550 895 589 inter
926 551 1069 589 omnia
1101 560 1270 603 peccata
1302 552 1352 590 de
1385 552 1537 605 quibus

192 620 356 672 5magis
403 619 533 658 timeo
578 619 619 657 in
665 619 949 672 superioribus
980 620 1096 672 regni
1132 621 1276 672 nostri,
1310 631 1407 661 sunt
1445 635 1538 661 ceca

225 690 370 743 pietas,
405 688 505 728 falsa
537 688 820 728 misericordia
853 700 892 728 et
926 699 1206 730 consentanea
1238 690 1425 742 omissio,
1455 691 1538 731 sive

225 775 272 800 ex
306 758 562 813 negligencia
607 759 690 798 sive
735 757 870 813 (quod
916 759 1097 798 maxime
1141 760 1399 801 horrendum
1445 759 1538 816 est),

225 830 395 883 quando
448 828 642 868 venditur
693 841 922 868 consensus
975 829 1159 868 criminis
1212 839 1251 869 et
1296 830 1448 870 iniuste
1493 845 1538 870 ac

225 899 453 954 proditorie
499 912 572 951 per
615 898 920 951 patrimonium
967 898 1121 938 Christi
1169 899 1406 940 defenditur
1452 900 1539 940 eius

171 987 211 1010 10
227 969 370 1009 hostis.
394 969 516 1009 Unde
539 968 803 1021 Augustinus
836 968 1011 1020 epistola
1033 969 1247 1009 XXXVIIa
1269 971 1319 1009 ad
1343 971 1538 1010 Macedo-

226 1040 364 1079 nium:
395 1038 728 1078 Misericordins
760 1052 881 1090 opem
910 1045 1103 1078 nostram
1131 1039 1293 1079 talibus
1323 1040 1539 1080 subtrahi-

226 1122 322 1149 mus
374 1122 501 1161 quam
543 1108 846 1160 impendimus.
888 1109 984 1147 Non
1024 1110 1135 1148 enim
1171 1123 1291 1162 opem
1319 1110 1418 1164 fert
1467 1111 1541 1162 qui

226 1180 283 1218 ad
328 1177 597 1231 peccandum
654 1178 773 1218 iuvat
824 1191 875 1217 ac
930 1191 1012 1217 non
1054 1181 1212 1231 pocius
1254 1180 1460 1219 subvertit
1504 1187 1542 1219 et

225 1249 440 1301 opprimit.

138 1325 210 1358 01
284 1319 364 1358 Sed
417 1326 560 1357 contra
605 1317 714 1357 dicta
760 1318 898 1370 primo
945 1318 1124 1357 obicitur
1168 1332 1241 1371 per
1293 1318 1373 1358 hoc
1426 1320 1540 1372 quod

225 1403 353 1428 nemo
376 1388 498 1427 debet
522 1388 731 1427 defamare
754 1388 999 1441 proximum
1028 1398 1066 1428 et
1101 1389 1331 1442 specialiter
1366 1388 1541 1428 christos

225 1458 314 1497 Dei.
355 1457 415 1496 Illi
456 1467 596 1497 autern
630 1458 701 1511 qui
736 1458 839 1497 illud
872 1458 1061 1498 obiciunt
1093 1473 1244 1512 parum
1278 1459 1542 1498 considerant

225 1529 445 1581 quomodo
469 1529 649 1567 mendax
679 1528 738 1582 (in
763 1536 971 1581 quantum
994 1527 1259 1583 huiusmodi)
1284 1528 1467 1569 defamat
1499 1542 1541 1568 se

225 1597 379 1649 ipsum,
413 1606 452 1636 et
484 1597 635 1637 iterum
671 1599 893 1651 quomodo
928 1612 974 1637 ex
1007 1598 1140 1638 verbis
1170 1598 1256 1637 istis
1279 1598 1541 1651 generalibus

168 1667 326 1720 2olegis
373 1667 533 1706 domini
578 1681 621 1706 se
665 1676 819 1720 putans
853 1667 1113 1707 defamatum
1145 1668 1300 1707 indicat
1332 1677 1378 1708 ut
1410 1668 1467 1707 sic
1500 1682 1541 1706 se

226 1750 312 1775 esse
335 1736 437 1790 legis
460 1736 534 1776 Dei
559 1737 855 1789 adversarium,
892 1746 930 1776 et
952 1737 1102 1777 iterum
1130 1751 1279 1790 parum
1311 1737 1544 1777 considerat

225 1807 446 1859 quomodo
500 1807 705 1860 prophete
756 1807 905 1847 veteris
959 1807 1211 1857 testamenti,
1258 1807 1450 1848 Christus
1503 1817 1541 1847 et

225 1876 334 1928 leges
369 1876 538 1915 ecclesie
569 1876 808 1916 acutissime
840 1876 996 1917 instant
1032 1886 1176 1917 contra
1199 1877 1340 1917 solum
1368 1876 1541 1916 nomine

226 1946 480 1998 sacerdotes3
525 1954 565 1985 et
611 1945 723 1985 racio
768 1955 841 1997 est,
876 1946 973 2000 quia
1004 1947 1046 1985 in
1079 1960 1224 1986 eorum
1271 1947 1542 1986 subversione

170 2015 419 2055 25imminet
468 2015 604 2055 maius
648 2016 883 2068 periculum
928 2016 1047 2055 matri
1094 2016 1276 2056 ecclesie.
1340 2017 1392 2056 Et
1440 2017 1544 2055 illud

226 2085 419 2125 meminit
451 2086 678 2136 decretum,
713 2085 941 2125 LXXXIIIa
977 2085 1085 2137 dist.,
1118 2085 1189 2125 ubi
1229 2085 1284 2125 sic
1332 2085 1544 2126 scribitur:

229 2155 362 2194 Nemo
408 2157 564 2208 quippe
610 2156 650 2194 in
697 2156 876 2194 ecclesia
921 2155 1110 2207 amplius
1155 2163 1275 2196 nocet
1304 2168 1433 2208 quam
1473 2157 1547 2208 qui

223 2238 431 2277 perverse
476 2238 614 2278 agens
659 2238 811 2264 nomen
861 2225 926 2264 vel
968 2225 1162 2265 ordinem
1207 2226 1446 2265 sanctitatis
1480 2226 1547 2266 vel

228 2295 465 2334 sacerdotis
497 2295 633 2334 hahet.
667 2295 996 2347 Delinquentem
1041 2307 1226 2347 namque
1255 2295 1368 2334 hunc
1391 2295 1544 2336 redar-

153 2366 213 2398 '30
228 2377 364 2418 guere
424 2364 573 2404 nullus
623 2364 854 2417 presumit,
915 2370 954 2404 et
1010 2365 1052 2404 in
1107 2365 1354 2418 exemplum
1415 2366 1545 2418 culpa

281 2524 309 2552 6.
329 2525 357 2552 A
377 2524 407 2551 in
429 2532 546 2558 marg.:
568 2524 656 2551 Nota.
802 2531 843 2551 10.
871 2524 898 2551 A
918 2523 948 2551 in
970 2531 1083 2558 marg:
1105 2524 1310 2559 Augustinus.
1453 2532 1492 2551 12.
1512 2525 1545 2552 In

228 2571 339 2599 codd.:
361 2570 442 2597 Nun]
466 2570 561 2597 enim.
582 2569 710 2598 Correxi
732 2579 746 2597 e
766 2575 849 2598 textu
870 2571 949 2604 Aug.
1096 2578 1137 2605 17.
1159 2571 1185 2597 A
1201 2570 1231 2597 in
1247 2578 1363 2605 marg:
1384 2570 1546 2599 Obieccio.

230 2616 271 2644 18.
301 2618 328 2644 A
349 2617 379 2643 in
406 2624 522 2651 marg:
552 2615 739 2651 Responsio.
880 2624 927 2643 20.
956 2616 996 2643 B:
1027 2625 1060 2644 se
1086 2621 1245 2651 reputans.
1388 2617 1437 2645 26.
1466 2618 1495 2644 A
1515 2616 1544 2644 in

229 2670 345 2697 marg:
369 2663 404 2691 83
426 2662 497 2690 dist.
640 2663 686 2690 26.
708 2663 747 2690 ss:
769 2668 800 2690 ut
820 2662 863 2690 sic
883 2662 1038 2690 scribitur.

287 2803 426 2834 4.—11.
467 2794 541 2824 Hus
574 2794 594 2824 l.
627 2803 654 2824 c.
802 2803 852 2824 10.
894 2794 984 2835 Aug.
1022 2793 1114 2837 Opp.
1154 2801 1238 2826 tom.
1272 2792 1311 2834 ΙΙ,
1350 2804 1427 2837 pag.
1468 2792 1543 2826 532.

233 2850 285 2882 26.
312 2850 392 2881 Dec.
421 2851 431 2881 Ι
457 2861 547 2894 pars,
575 2850 653 2882 dist.
680 2851 861 2891 LXXXIII,
888 2861 916 2883 C.
944 2852 981 2883 II.

1603 1327 1785 1362 Obiection:

1565 1371 1585 1389 1.
1608 1363 1668 1390 We
1690 1364 1764 1389 have
1785 1372 1824 1390 no

1574 1399 1655 1433 right
1674 1403 1704 1425 to
1726 1399 1819 1433 spe-ak

1615 1433 1645 1460 ill
1667 1434 1701 1460 of
1718 1441 1775 1460 our

1603 1468 1786 1503 neighbour.

1619 1748 1769 1774 Auswer:

1592 1782 1651 1809 We
1673 1783 1737 1809 deal
1761 1783 1789 1809 in

1573 1818 1697 1851 general
1718 1822 1813 1844 ternis

1584 1852 1685 1879 which
1712 1853 1805 1888 apply

1578 1887 1651 1923 only
1670 1892 1700 1914 to
1721 1890 1809 1914 those

1584 1923 1654 1949 who
1676 1922 1804 1950 deservo

1651 1958 1744 1985 them.
