2051 3273
239 252 326 280 cAP.
348 240 445 298 xiv]
728 254 787 284 DF,
814 252 1048 284 ECCLFSIA.
1757 239 1832 276 305

89 371 122 404 D
146 368 224 413 171d
238 358 362 397 huius
376 358 425 397 sit
441 370 681 407 consensus,
699 370 926 396 consensus
946 365 1087 395 autem
1108 356 1200 395 talis
1222 365 1280 394 est
1303 369 1400 394 cum
1421 355 1547 394 facili·
1566 362 1640 424 'gilde
1657 362 1836 429 Ειγοςίέῇὲἓᾱῐ

238 436 319 466 tate
338 441 442 479 eqne
462 426 751 479 dampnabilis,
768 426 931 465 videtur
946 426 1059 478 quod
1077 426 1131 464 sic
1153 425 1385 476 opinantes,
1408 438 1455 463 ex
1470 424 1549 463 hoc
1574 428 1731 469 shared-in
1753 417 1830 458 their

239 497 354 550 quod
370 496 426 536 sic
441 504 578 536 tacent
594 495 725 534 dicere
741 494 804 534 ius
821 508 947 534 snum
970 503 1008 533 et
1029 494 1226 533 iniuriam
1241 493 1281 532 in
1305 507 1388 547 qua
1402 494 1549 546 damp-
1675 474 1734 493 sm.

240 566 429 605 nabiliter
450 566 697 604 indurantur
719 564 879 603 domini
900 564 1163 616 temporales,
1194 572 1366 616 peccant
1394 572 1549 602 morta-

206 647 222 679 5
239 635 342 675 liter.
376 637 461 674 Nec
483 636 591 674 valet
614 634 671 673 eis
694 633 847 687 fingere
870 634 986 686 qnod
1009 634 1153 672 beatus
1178 633 1372 673 Silvester
1395 633 1552 673 remisit

242 703 522 743 Constantino
555 703 783 753 residuum,
817 703 916 756 quia
949 703 1011 754 (nt
1044 702 1121 741 ista
1153 711 1263 742 secta
1297 703 1425 741 credit
1448 712 1552 742 tam-

241 787 370 826 quam
417 771 691 828 principium)
725 787 811 811 non
844 773 938 811 licet
971 772 1124 812 Christi
1160 773 1312 812 vicario
1345 773 1410 811 vel
1443 774 1552 811 clero

242 856 318 882 suo
362 844 427 881 vel
471 843 648 882 alienare
680 843 744 881 vel
778 843 921 881 cedere
953 842 1030 880 iuri
1076 842 1316 894 patrimonii
1357 841 1551 892 crucifixi,

244 912 299 951 sic
331 912 524 951 videlicet
557 913 672 965 quod
703 921 791 951 tam
822 911 923 950 illud
957 925 1087 964 qnam
1119 911 1192 950 sibi
1228 911 1469 964 equivalens
1502 912 1555 950 sit

188 1004 226 1024 10
245 982 491 1034 simpliciter
523 991 636 1020 extra
668 981 983 1034 possessionem
1016 981 1179 1020 civilem
1214 981 1307 1019 cleri
1342 981 1507 1021 Christi.

148 1062 180 1095 E
206 1062 229 1096 7
302 1052 419 1101 Item,
466 1065 541 1090 nec
586 1060 648 1090 est
692 1051 957 1103 privilegium
1004 1064 1079 1089 nec
1112 1051 1188 1090 dos
1222 1064 1296 1089 nec
1344 1051 1553 1103 possessio
1583 1065 1758 1094 Clu-istdid
1781 1071 1832 1092 not

242 1121 450 1174 adquisita
484 1121 636 1161 Christi
669 1120 822 1160 vicario
867 1120 943 1159 nisi
977 1134 1053 1173 pro
1088 1135 1170 1174 qua
1203 1129 1328 1173 caput
1362 1121 1554 1160 Christus
1571 1102 1838 1170 ‘ngaiiiiltiiffiualiil'x

243 1190 376 1230 fuerat
419 1190 652 1240 crucifixus,
693 1191 765 1229 sed
798 1190 988 1230 Christus
1021 1204 1105 1229 non
1153 1190 1230 1229 fuit
1261 1199 1376 1229 tanta
1408 1203 1554 1242 passus
1569 1172 1758 1233 cilixetcisssffii
1778 1179 1837 1231 iffi]

242 1273 319 1313 pro
344 1260 563 1299 dotacione
587 1261 694 1300 civili
720 1261 785 1299 vel
809 1260 981 1299 seculari
1004 1273 1076 1299 sue
1100 1259 1269 1299 ecclesie
1292 1259 1554 1309 clericorum,
1599 1240 1815 1309 iisssspxifflioiiz

190 1342 341 1382 15ergo
374 1330 465 1369 talis
499 1330 665 1369 dotacio
698 1330 763 1369 vel
796 1329 1035 1369 dominacio
1069 1329 1198 1368 civilis
1231 1342 1317 1368 non
1354 1338 1414 1369 est
1453 1343 1556 1381 pure

245 1399 354 1437 clero
389 1399 542 1439 Christi
589 1400 854 1439 conveniens.
897 1403 1181 1452 Assumptum
1224 1408 1339 1451 patet
1383 1413 1429 1438 ex
1476 1399 1557 1438 hoc

244 1470 362 1521 quod
396 1469 587 1509 Christus
632 1469 785 1508 meruit
815 1469 1005 1508 hnmano
1038 1469 1177 1522 generi
1212 1478 1344 1508 totam
1377 1468 1558 1521 graciam

246 1547 285 1577 et
328 1538 471 1577 omnia
514 1539 566 1577 ad
612 1539 749 1591 ipsam
796 1539 1103 1592 consequencia
1147 1552 1227 1591 que
1269 1538 1453 1589 haberet,
1488 1539 1559 1577 sed

245 1607 359 1647 iuxta
403 1607 499 1646 alibi
546 1608 654 1647 dicta
687 1608 774 1647 sine
806 1608 941 1661 gracia
974 1617 1013 1647 et
1045 1607 1211 1647 caritate
1244 1621 1331 1647 non
1365 1617 1425 1647 est
1458 1608 1557 1646 sim-

191 1699 232 1721 20
246 1677 406 1730 pliciter
438 1678 546 1718 iusta
569 1679 798 1731 possessi03
833 1692 932 1730 ergo
969 1692 1043 1717 nec
1076 1679 1152 1717 dos
1186 1692 1259 1717 nec
1292 1678 1559 1731 privilegium

245 1747 351 1787 inest
395 1749 503 1787 clero
548 1748 715 1795 Christi,
761 1748 838 1787 nisi
885 1749 1000 1801 qnod
1045 1748 1235 1788 Christus
1280 1748 1355 1786 sibi
1408 1747 1561 1787 meruit

245 1817 468 1869 paciendo,
488 1832 562 1857 nec
585 1819 708 1857 credo
733 1817 899 1857 fidelem
918 1818 1199 1857 contradicere
1215 1817 1311 1857 hnic
1331 1818 1558 1857 sentencie:

245 1900 345 1926 nam
377 1901 525 1926 omnes
564 1896 699 1940 patres
731 1887 879 1926 veteris
911 1887 1164 1938 testamenti,
1198 1901 1346 1926 omnes
1386 1887 1560 1939 gentiles

246 1965 344 2008 post
386 1966 425 1996 et
456 1966 551 1996 ante
595 1957 668 2010 qui
705 1957 770 1995 vel
803 1965 918 1996 erant
950 1957 1159 1996 iustificati
1192 1958 1258 1997 vel
1290 1957 1447 2008 salvati,
1480 1957 1559 1995 hoc

191 2037 230 2069 25
248 2025 517 2066 obtinuerant
560 2026 712 2066 merito
757 2026 853 2065 fidei
906 2036 945 2066 et
997 2027 1205 2079 passionis
1246 2027 1414 2077 Christi,
1463 2040 1559 2065 cum

246 2094 362 2134 aliter
413 2095 588 2135 fuissent
641 2096 857 2148 dampnati
910 2110 985 2135 nec
1033 2110 1225 2149 unquam
1270 2097 1320 2135 ab
1371 2096 1562 2149 originali

246 2174 421 2217 peccato
444 2165 608 2218 purgati
642 2175 680 2205 et
713 2180 785 2218 per
819 2180 1083 2219 consequens
1107 2180 1329 2220 nunquam
1352 2165 1562 2205 iustificati

248 2235 473 2275 moraliter.

307 2306 393 2344 Nec
438 2306 614 2345 dubium
660 2306 861 2360 theologo
895 2306 967 2360 qui
999 2306 1136 2346 noscit
1167 2305 1389 2359 qnomodo
1430 2305 1563 2343 homo

192 2385 234 2417 30
250 2374 443 2427 intendit,
466 2384 649 2415 meretur
670 2375 735 2414 vel
759 2376 858 2415 emit
890 2376 1029 2429 aliqua
1057 2375 1341 2428 principaliter
1363 2383 1402 2413 et
1424 2374 1562 2427 aliqna

251 2445 508 2493 secundarie,
561 2445 788 2485 accessorie
841 2445 906 2484 vel
950 2445 1138 2496 confuse,
1208 2444 1309 2498 quin
1358 2444 1563 2491 Christus,

251 2514 358 2554 sicut
401 2529 547 2567 passus
586 2525 646 2554 est
677 2529 754 2567 pro
787 2515 1084 2567 redempcione
1115 2515 1251 2554 tocius
1285 2513 1469 2565 ecclesie,
1508 2513 1564 2551 sic

252 2593 292 2623 et
334 2598 410 2636 pro
462 2585 757 2637 redempcione
805 2585 1027 2624 cuiuslibet
1072 2584 1251 2623 membri
1295 2583 1357 2623 sui
1404 2592 1443 2623 et
1488 2596 1564 2635 pro

252 2653 441 2705 quolibet
464 2655 577 2694 bono
612 2654 689 2692 sibi
722 2653 813 2693 utili
848 2655 897 2692 ad
930 2654 1043 2693 hune
1074 2653 1217 2693 finem.
1242 2653 1284 2693 Si
1317 2653 1432 2692 enim
1464 2652 1564 2691 dici-

306 2825 346 2851 16.
368 2826 396 2852 A
417 2825 438 2852 P>
459 2825 488 2852 in
511 2833 626 2860 marg:
647 2825 726 2853 Nora
747 2833 803 2861 pro
824 2826 938 2862 quibus
960 2825 1101 2853 Christus
1127 2834 1237 2861 passus
1259 2831 1314 2852 est.
1406 2832 1449 2861 27.
1466 2825 1510 2852 28,
1528 2825 1566 2851 1³:

253 2871 407 2898 iustificari
429 2873 610 2899 mortaliter.

1410 2933 1451 2953 20
