2051 3273
241 198 328 227 CAP.
344 190 469 247 XXIIL]
742 204 802 235 DE
828 203 1061 235 ECCLESIA,
1762 187 1836 227 563

88 310 350 360 G-204dlatUS
385 318 446 347 est
480 307 556 346 sibi
581 308 830 360 ypostatice,
865 308 1108 359 ubicunque
1141 305 1266 344 fuerit
1292 304 1551 354 humanitus,

240 387 279 416 et
323 377 412 428 ipsa
459 377 592 415 deitas
640 384 701 415 est
747 386 873 428 caput
923 376 1109 415 ecclesie.
1157 374 1355 414 Christus
1409 382 1626 412 autemand
1654 383 1758 411 Christ
1787 383 1840 409 has

238 446 488 484 humanitus
523 445 694 498 reliquit
728 454 1030 484 testamentum
1066 457 1192 484 suum
1232 445 1273 483 in
1314 443 1434 482 terris
1480 455 1553 494 per
1595 418 1812 481 tesigiheissito

238 515 354 567 quod
390 515 526 554 voluit
561 528 680 554 suam
706 515 924 553 ecclesiam
952 514 1146 566 regulari,
1172 527 1248 552 nec
1271 513 1406 552 voluit
1437 511 1551 564 quod
1628 490 1720 522 gume
1740 496 1787 515 us.

204 585 481 625 5crederetur
526 584 649 622 alicui
683 584 795 622 Petri
841 584 1015 633 vicario,
1051 583 1128 622 nisi
1165 584 1215 620 de
1249 590 1409 635 quanto
1450 581 1554 619 vivit

238 662 278 692 et
312 654 436 692 docet
471 651 749 692 conformiter
783 653 840 692 illi
873 653 967 704 legi.

296 722 421 762 Unde
469 722 717 775 quicunque
763 721 963 761 sacerdos
1009 721 1181 760 ecclesie
1227 729 1324 772 post
1369 728 1553 759 mortem

239 791 350 830 Petri
402 792 546 830 vivens
595 800 636 830 et
682 792 838 830 docens
883 798 1144 830 testamento
1178 789 1235 828 illi
1277 789 1554 829 conformiter

237 869 379 913 potest
404 861 719 900 racionabiliter
744 861 826 899 dici
851 860 965 899 Petri
988 859 1186 910 vicarius,
1213 859 1284 897 sed
1315 859 1553 910 specialiter

184 931 304 971 10ille
338 931 409 983 qui
443 931 548 969 vivit
581 931 707 970 Petro
753 929 1014 970 conformius
1056 939 1096 969 et
1136 930 1187 968 ad
1229 930 1352 967 istam
1400 929 1549 967 doctri-

238 1014 333 1039 nam
382 1000 624 1039 testamenti
659 999 819 1039 Christi
859 999 1062 1050 similius;
1097 1008 1137 1037 et
1181 999 1248 1038 ille
1295 998 1553 1050 supponitur

237 1083 326 1109 esse
360 1070 584 1109 Romanus
624 1070 864 1121 episcopus,
905 1071 977 1109 sed
1011 1070 1053 1108 in
1087 1068 1261 1122 synodis
1294 1081 1371 1119 pro
1413 1067 1719 1138 dubiisinftqirtnffs
1745 1076 1842 1137 dolum

238 1139 481 1178 decidendis
517 1152 601 1177 non
636 1148 697 1178 est
731 1139 993 1178 credendum
1028 1138 1268 1191 cuicunque
1291 1137 1439 1186 vianti,
1473 1136 1552 1175 nisi
1603 1118 1808 1184 aihthpiitgrnig

238 1209 288 1247 de
312 1218 474 1261 quanto
500 1209 661 1248 dictum
687 1222 813 1248 suum
839 1208 1081 1248 fundaverit
1104 1209 1145 1247 in
1170 1208 1394 1260 scriptura.
1428 1207 1552 1247 Unde
1620 1179 1788 1215 Scripture.

142 1287 322 1320 205⁹’ss011
377 1288 439 1317 est
491 1280 751 1318 credendum
807 1280 923 1333 quod
967 1279 1072 1318 fides
1118 1277 1459 1318 catholicassvel
1511 1277 1552 1315 in

237 1348 412 1388 veritate
446 1362 529 1402 que
565 1350 753 1389 creditur
786 1351 851 1388 vel
886 1350 926 1388 in
960 1349 1108 1387 habitu
1141 1348 1314 1387 ecclesie
1348 1347 1553 1387 catholice

240 1418 451 1470 dependet
496 1420 546 1457 ab
594 1419 672 1458 ista
716 1432 912 1471 persona,
961 1432 1057 1457 cum
1103 1419 1156 1458 sit
1201 1417 1390 1456 errabilis
1425 1426 1465 1456 et
1504 1417 1554 1455 de

236 1488 428 1539 possibili
476 1502 561 1527 non
608 1490 850 1527 membrum
886 1488 1073 1527 ecclesie.
1128 1487 1221 1539 Ego
1273 1495 1417 1525 autem
1470 1501 1553 1526 non

237 1557 441 1596 sollicitor
474 1558 577 1610 quid
612 1572 720 1610 papa
753 1559 852 1597 facit
884 1559 948 1597 vel
970 1557 1177 1610 loquitur,
1203 1570 1299 1596 cum
1325 1556 1413 1595 scio
1438 1557 1554 1609 quod

178 1644 219 1665 20
237 1640 310 1665 nec
344 1627 423 1665 sibi
457 1640 531 1665 nec
564 1627 688 1666 alicui
722 1628 903 1666 istorum
928 1628 1153 1666 doctorum
1189 1626 1448 1665 credendum
1483 1635 1542 1664 est

236 1696 315 1735 nisi
363 1696 414 1735 de
460 1705 622 1749 quanto
670 1710 713 1736 se
758 1698 800 1736 in
840 1697 1049 1749 scriptura
1084 1695 1340 1748 fundaverit,
1376 1709 1472 1734 cum
1506 1696 1546 1734 in

236 1766 325 1818 ipsa
359 1766 411 1805 sit
445 1767 583 1805 omnis
618 1767 773 1806 veritas
806 1766 1204 1819 proporcionalster,
1235 1775 1281 1805 ut
1315 1775 1376 1804 est
1411 1779 1550 1804 neces-

237 1836 396 1874 sarium
442 1837 577 1887 ipsam
617 1837 733 1875 nosci
774 1834 839 1887 (ut
871 1845 987 1889 patet
1027 1837 1215 1875 secundo
1257 1836 1316 1874 De
1350 1835 1553 1874 Doctrina

239 1904 482 1944 Christiana
516 1906 556 1943 in
593 1904 711 1958 fine).
743 1906 867 1945 Unde
891 1919 989 1957 sepe
1014 1905 1190 1944 miratus
1214 1918 1306 1944 sum
1332 1904 1553 1957 quomodo

180 1979 219 2011 25
239 1975 389 2027 aliquis
424 1975 606 2014 istorum
632 1975 761 2013 trium
788 1976 1014 2014 doctorum
1040 1975 1239 2013 fundaret
1263 1975 1551 2026 supradictam

239 2045 501 2083 sentenciam
546 2045 587 2083 in
635 2045 859 2096 scriptura.
908 2045 1075 2085 Scimus
1109 2054 1252 2083 autem
1288 2044 1403 2096 quod
1446 2057 1554 2095 papa
1582 2048 1649 2074 Tne
1670 2049 1752 2083 Pope
1773 2048 1831 2075 and

240 2127 335 2152 cum
385 2123 479 2153 cetu
525 2115 804 2153 cardinalium
853 2115 985 2153 eciam
1026 2114 1065 2153 in
1101 2114 1277 2153 materia
1312 2112 1409 2151 fidei
1456 2125 1553 2164 sepe
1570 2084 1758 2147 fissgssffgfig
1780 2086 1842 2146 {³55

241 2192 363 2234 errat,
390 2184 462 2223 sed
495 2185 828 2236 supponendum
854 2193 915 2224 est
939 2186 1053 2237 quod
1080 2185 1306 2236 scriptores
1340 2182 1551 2221 bullarum
1588 2156 1672 2183 often
1693 2154 1833 2183 fflfflfied'

240 2254 457 2305 papalium
492 2255 558 2292 vel
591 2255 901 2293 examinatores
937 2263 1008 2293 aut
1033 2254 1125 2292 falsi
1151 2262 1422 2305 suggestores
1456 2265 1553 2303 sepe

182 2326 224 2359 30
241 2321 466 2361 falsificant
501 2324 634 2362 bullas
669 2337 779 2375 suas,
813 2324 921 2363 sicut
956 2331 1166 2362 noverunt
1200 2331 1394 2361 auctores
1427 2321 1554 2373 scrip-

242 2401 334 2431 ture
375 2393 425 2431 de
459 2393 603 2432 multis
647 2393 939 2445 indulgenciis,
981 2393 1031 2430 de
1067 2392 1209 2431 multis
1253 2391 1555 2430 collacionibus

294 2540 330 2568 13.
354 2540 374 2567 Β
396 2541 425 2568 in
448 2548 566 2575 marg.:
589 2540 688 2575 Quale
709 2544 755 2567 est
775 2540 929 2575 premium
952 2540 1081 2567 accibile
1101 2538 1277 2566 bonorum?
1407 2546 1453 2573 24.
1474 2538 1502 2565 A
1523 2538 1555 2565 in

242 2595 356 2620 marga
378 2588 588 2621 Augustinus.
743 2594 790 2620 24.
811 2587 840 2614 A
859 2588 916 2622 A1:
939 2595 1010 2622 sepe
1031 2588 1126 2613 deest.
1279 2585 1320 2612 25.
1343 2584 1362 2610 Β
1385 2585 1414 2612 in
1437 2592 1554 2619 marg:

242 2633 375 2661 Sanctus
397 2632 546 2667 Thomas,
569 2633 677 2660 doctor
698 2633 913 2660 Bonaventura
935 2638 962 2659 et
985 2632 1171 2659 Wilhelmus
1197 2632 1234 2658 de
1254 2631 1391 2666 reliquiis
1420 2635 1448 2658 et
1468 2638 1555 2658 vene-

242 2680 367 2707 racione
387 2684 580 2706 sanctorum.
726 2686 769 2714 27.
792 2679 831 2705 B:
854 2687 924 2706 cum
946 2684 1001 2706 cet.

304 2809 354 2840 24.
384 2801 470 2841 Aug.
499 2800 590 2842 Opp.
618 2806 701 2831 torn.
730 2798 784 2839 ΙΙΙ,
810 2810 841 2841 p.
870 2799 892 2839 Ι,
920 2809 996 2840 pag.
1025 2809 1077 2839 44.

1328 2852 1392 2887 36÷÷
