2051 3273
205 251 295 279 CAP.
314 239 367 298 x]
705 254 762 286 nE
789 253 1022 286 Ecctsssm.
1719 239 1796 277 225

51 371 86 411 Q
108 370 184 402 160⁷·
201 357 502 398 concordando
525 357 760 397 decretales
793 366 832 398 et
863 359 1051 406 decreta,
1085 358 1198 410 quod
1230 358 1341 397 dicta
1367 357 1511 396 decre—

198 428 299 468 talis
322 427 577 480 intelligitur
597 427 647 466 de
669 428 752 466 illis
769 428 841 480 qui
861 428 1086 480 fugientes
1109 428 1166 466 ad
1188 427 1409 467 ecclesiam
1428 439 1511 465 non

199 497 473 550 deliquerunt
498 498 539 536 in
564 510 612 536 ea
635 497 701 537 vel
722 498 927 536 cimiterio
955 498 1047 537 eius
1070 496 1143 537 sed
1164 497 1280 536 alibi.
1320 495 1511 543 Talibus,

199 566 336 620 inquit
379 566 613 619 Hugucius,
659 567 712 605 ab
758 567 939 606 ecclesia
976 573 1202 618 prestatur
1251 566 1511 605 immunitas.

145 649 184 682 R
257 637 339 675 Sed
361 649 501 675 revera
523 649 620 675 cum
649 636 832 686 ecclesia,
866 649 1020 688 sponsa
1044 635 1212 686 Christi,
1245 635 1296 674 sit
1324 635 1512 687 undique
1555 637 1622 665 The
1644 637 1766 665 Church

1559 673 1669 700 should
1691 673 1766 699 have

196 706 320 758 ligata
355 705 532 745 vinculis
576 705 768 757 caritatis,
816 705 1029 745 infinitum
1074 707 1168 758 plus
1200 705 1418 757 respiceret
1461 704 1512 742 ad
1542 709 1659 769 effigi?
1677 708 1785 769 ffitthlg

1643 764 1649 776 ‚

197 775 395 814 delictum
459 775 501 814 in
568 775 786 828 quodlibet
837 775 1077 814 membrum
1134 775 1221 814 eius
1274 788 1405 827 quam
1461 773 1579 838 adthiet
1597 777 1801 838 fflssssecss'ssefe

196 844 463 884 sedacionem
506 844 587 883 loci
632 844 835 897 corporei.
883 845 935 883 Et
967 844 1066 897 quia
1098 844 1265 883 basilica
1298 843 1511 882 infinitum
1605 846 1723 872 misse&

197 913 337 953 minus
370 913 555 966 diligitur
592 927 721 967 quam
753 914 994 953 membrum
1027 913 1210 960 ecclesie,
1245 922 1360 966 patet
1397 912 1510 965 quod

143 982 438 1036 10ubicunque
486 992 689 1022 terrarum
732 983 824 1036 quis
871 992 1015 1036 peccat
1058 982 1302 1033 mortaliter,
1343 982 1514 1021 ecclesia

197 1052 318 1092 debet
362 1054 455 1105 plus
507 1053 558 1092 ad
602 1061 823 1105 peccatum
866 1052 1068 1105 respicere
1113 1066 1241 1106 quarn
1273 1052 1325 1090 ad
1356 1051 1511 1091 locum.

196 1123 304 1162 Nam
348 1123 467 1162 locus
512 1131 573 1162 est
614 1122 889 1176 impertinens
923 1122 1080 1161 offense
1113 1122 1281 1162 ecclesie
1314 1135 1395 1175 que
1428 1134 1512 1160 non

197 1192 318 1231 debet
350 1206 548 1245 personas
580 1192 646 1232 vel
678 1192 794 1245 signa
826 1192 1057 1231 inanimata
1101 1192 1157 1232 sic
1202 1191 1398 1244 accipere,
1435 1190 1511 1229 nisi

197 1260 302 1300 forte
345 1261 464 1301 locus
508 1261 559 1301 sit
606 1276 680 1314 per
723 1262 914 1301 accidens
947 1261 1204 1314 principium
1236 1259 1435 1300 noscendi
1475 1268 1514 1299 et

142 1330 376 1382 15augendi
410 1331 678 1383 gravedinem
711 1332 845 1384 culpe.
893 1331 1162 1383 Quicunque,
1195 1331 1384 1383 inquam,
1418 1330 1512 1382 plus

196 1399 461 1440 offenderunt
492 1400 535 1440 in
557 1401 709 1451 Deum,
742 1401 837 1454 plus
861 1400 1082 1440 offendunt
1104 1400 1146 1438 in
1169 1408 1303 1439 totam
1326 1408 1513 1438 sanctam

196 1479 374 1509 matrem
417 1470 634 1510 ecclesiam
667 1480 706 1510 et
739 1470 958 1523 quodlibet
990 1470 1077 1509 eius
1121 1469 1362 1509 membrum
1395 1483 1441 1507 ex
1473 1468 1512 1506 vi

197 1539 510 1579 communionis
539 1549 782 1580 sanctorum
804 1548 843 1579 et
865 1539 1270 1579 communicacionis
1299 1538 1511 1578 membro-

196 1622 290 1648 rum
335 1609 503 1660 diaboli,
549 1623 646 1649 cum
691 1619 816 1663 caput
848 1610 889 1648 in
923 1611 1039 1663 quod
1072 1609 1210 1662 primo
1256 1608 1514 1661 delinquitur

139 1700 181 1722 20
197 1678 247 1717 sit
292 1678 462 1731 ubique.
499 1679 597 1719 Ideo
645 1679 749 1718 bene
794 1679 893 1719 dicit
925 1679 1078 1731 glossa,
1112 1679 1186 1718 ΙΙΙΟ
1218 1678 1513 1729 Decretalium,

197 1748 312 1800 quod
357 1748 415 1787 illi
462 1749 534 1802 qui
582 1749 624 1788 in
664 1763 963 1802 quamcunque
1008 1749 1225 1788 ecclesiam
1264 1748 1514 1802 deliquerint

196 1826 292 1856 sunt
324 1826 370 1856 ut
402 1817 458 1857 sic
491 1818 651 1870 indigni
684 1818 834 1858 habere
877 1818 1192 1857 immunitatem
1225 1818 1513 1871 cuiuscunque

197 1887 385 1926 ecclesie:
438 1887 528 1936 Illi,
572 1887 723 1940 inquit,
778 1900 860 1927 non
901 1888 1058 1927 hahent
1099 1889 1407 1928 immunitatem
1461 1887 1513 1926 ab

196 1957 392 2005 ecclesia,
426 1959 526 2009 quia
560 1955 844 1996 reddiderunt
875 1970 921 1996 se
949 1957 1151 2011 indignos
1183 1958 1272 1997 eius
1296 1957 1511 2010 presidiO,

138 2038 178 2069 25
196 2027 271 2065 etsi
301 2026 478 2079 fuerint
521 2027 642 2065 stulti
672 2030 715 2067 in
748 2027 893 2079 culpa,
939 2028 1025 2067 sint
1054 2029 1270 2080 sapientes
1307 2028 1348 2066 in
1381 2040 1512 2079 pena,

196 2101 241 2134 ut
273 2095 374 2135 dicit
407 2095 554 2135 beatus
583 2095 842 2149 Gregorius,
876 2098 986 2136 sicut
1015 2098 1226 2137 recitatur
1246 2095 1513 2137 XXXVIIIH

103 2175 180 2207 ,50¹³
198 2163 538 2204 distirzctione:ss
566 2165 650 2213 Qui
693 2179 756 2205 ea.
820 2167 942 2205 Unde
987 2179 1074 2206 non
1119 2175 1180 2205 est
1232 2166 1342 2205 racio
1391 2164 1515 2219 (sicut

195 2233 327 2286 tangit
368 2234 552 2286 predicta
584 2235 742 2289 glossa)
778 2249 904 2288 quare
936 2235 979 2274 in
1011 2236 1099 2275 istis
1132 2235 1320 2289 quinque
1350 2235 1512 2275 casibus

198 2303 475 2342 excluduntur
508 2304 794 2344 malefactores
828 2305 877 2344 ab
911 2305 1179 2344 immunitate
1213 2304 1395 2355 ecclesie,
1435 2304 1513 2343 nisi

140 2384 182 2415 30
198 2371 295 2425 quia
327 2372 499 2412 ecclesia
531 2373 574 2411 in
617 2373 704 2412 istis
750 2373 912 2413 casibus
945 2373 1211 2413 sensibilibus
1243 2374 1418 2426 percipit
1449 2374 1512 2412 in-

198 2441 443 2494 dignitatem
487 2442 636 2482 talium
669 2457 716 2482 ex
748 2453 921 2496 peccato
955 2443 1124 2483 notorio
1158 2457 1287 2497 quam
1332 2443 1513 2496 indigni-

249 2590 274 2617 5.
297 2591 325 2617 A
344 2589 374 2617 in
393 2597 511 2624 marga
531 2589 611 2617 Nota
633 2590 691 2617 hic.
801 2590 840 2618 15.
860 2592 888 2618 A
904 2591 934 2618 in
951 2598 1064 2626 marg:
1087 2590 1266 2619 Conclusio,
1372 2590 1420 2619 30.
1441 2599 1512 2626 per-

198 2636 289 2671 cipit;
312 2636 378 2663 scil.
401 2636 470 2670 plus
492 2636 632 2671 percipit.

261 2753 287 2774 1.
302 2748 335 2773 et
351 2752 402 2773 20.
430 2752 545 2784 comp.
565 2743 720 2784 glossam
747 2742 787 2773 ad
809 2742 936 2774 decret.
957 2743 1060 2785 Greg.
1087 2743 1145 2783 IX,
1164 2742 1221 2774 lib.
1242 2743 1296 2783 lll,
1324 2742 1372 2774 tit.
1391 2743 1512 2783 XLIX,

198 2810 271 2842 cap.
299 2801 338 2831 X.
368 2801 416 2831 De
443 2800 598 2841 Hugutio
624 2800 693 2830 vid.
719 2799 882 2843 Savigny,
915 2800 1042 2832 Gesch.
1069 2801 1130 2832 des
1156 2801 1354 2832 romischen
1384 2801 1512 2832 Reclns

200 2858 248 2888 im
265 2858 470 2897 Mittelalter,
486 2858 527 2897 V,
542 2858 619 2898 425.
719 2856 770 2889 26.
786 2857 885 2889 Decr.
906 2859 1008 2901 prim.
1032 2869 1111 2900 pars
1127 2859 1204 2890 dist.
1226 2859 1409 2895 XXXVIII,
1430 2869 1456 2889 c.
1473 2860 1512 2890 X.

1355 2927 1391 2948 13
