2051 3343
139 225 214 262 152
840 217 1063 251 JOHANNIS
1087 216 1282 249 WYCLIF.
1541 201 1646 260 [CAP.
1662 211 1728 240 vn.

156 346 223 372 The
242 343 382 378 refugees
479 331 541 370 Ex
572 328 659 368 istis
696 324 915 378 colligitur,
949 321 1167 375 supposita
1203 320 1373 360 veritate
1405 320 1882 378 informacionis,149css

133 380 211 444 1¹13?ss
221 377 405 449 Zelieogligriig
422 400 537 454 quod
569 396 666 436 dicti
689 396 773 434 duo
795 392 964 447 profugi
986 400 1083 444 post
1104 399 1265 430 tantam
1292 389 1628 430 inobedienciam
1648 404 1735 431 non

422 477 520 509 sunt
552 466 746 507 homines
777 462 872 516 legii
902 460 1009 514 regis
1042 459 1185 511 nostri,
1208 472 1308 498 nam
1335 459 1447 499 idem
1470 468 1530 499 est
1560 460 1735 499 derelin-

422 551 547 592 quere
579 534 803 574 dominum
827 541 865 571 et
898 530 1184 583 derelinquere
1214 529 1349 582 legem
1384 540 1525 581 suam,
1559 530 1630 569 sed
1658 529 1737 582 ipsi

423 614 610 661 patenter
655 602 961 655 dereliquerant
1010 599 1146 652 legem
1188 598 1309 650 regis,
1355 611 1452 637 cum
1503 599 1772 642 invaserant5

425 678 622 717 citantem
665 673 717 712 ad
760 671 958 711 standum
1000 668 1081 722 legi
1122 667 1252 721 regni,
1294 668 1482 708 volentes
1525 681 1622 708 curn
1660 668 1741 708 hoc

422 761 518 800 rege
538 745 670 785 invito
698 741 881 781 incolere
902 748 1051 779 terram
1075 751 1207 778 suam.
1229 737 1326 777 Ideo
1350 751 1477 777 omne
1499 737 1743 791 suffragium

424 814 628 871 privilegii
659 812 765 866 regis
809 818 1005 851 tenentur
1048 808 1250 860 amittere,
1295 816 1334 847 et
1382 821 1480 847 cum
1516 807 1559 846 in
1597 808 1744 847 eadem

426 883 733 938 dampnacione
756 881 837 920 sint
859 893 1007 919 omnes
1029 878 1102 933 qui
1125 877 1271 918 fovent
1291 886 1363 918 aut
1386 877 1526 917 favent
1547 877 1744 918 iniuriam

427 955 534 995 dicte
566 966 689 993 cause
710 951 752 990 in
777 958 1071 1002 contemptum
1094 947 1200 999 regis
1230 956 1271 987 et
1291 947 1421 1001 regni,
1454 956 1493 987 et
1515 947 1745 1001 specialiter
1761 968 1801 990 10

426 1024 486 1064 hii
518 1022 589 1077 qui
632 1022 710 1061 sub
749 1033 857 1073 pena
895 1018 1346 1058 excommunicacionis
1377 1018 1428 1057 ad
1461 1018 1748 1058 defensionem

427 1095 570 1147 legum
608 1091 723 1145 regni
767 1099 807 1130 et
849 1088 999 1143 regalie
1043 1088 1149 1141 regis
1194 1088 1427 1141 specialiter
1470 1096 1568 1128 sunt
1609 1087 1747 1140 iurati,

429 1171 543 1216 patet
575 1170 730 1215 quante
760 1160 819 1199 illi
851 1158 1113 1198 forisfaciunt
1145 1166 1289 1197 contra
1319 1171 1471 1211 regem.

140 1250 209 1278 Itis
236 1247 416 1286 anoffencss
489 1233 552 1271 Ex
596 1230 748 1284 quibus
796 1229 961 1268 videtur
1012 1228 1128 1281 quod
1170 1226 1336 1280 publice
1381 1226 1747 1266 excomunicantes

140 1290 417 1351 thoeextchoemffiqgig
431 1301 643 1341 ministros
683 1298 790 1352 regis
822 1298 909 1337 sine
942 1296 1255 1338 examinacione
1295 1296 1481 1349 diligenti
1514 1296 1665 1347 delicti,
1711 1305 1805 1340 et15

144 1356 415 1426 with⁵0eriiag2iiefui
433 1369 664 1424 specialiter
696 1368 729 1407 si
751 1367 872 1407 iurati
905 1375 1003 1407 sunt
1024 1366 1161 1419 legem
1193 1366 1327 1419 ipsam
1352 1365 1586 1418 defendere,
1619 1365 1749 1406 offen-

213 1430 352 1458 enqfflsy‘
432 1441 538 1480 dunt
568 1438 762 1478 nimium.
795 1438 906 1477 Nam
940 1436 1044 1476 Gen.
1076 1435 1246 1487 XV1110‚
1281 1448 1346 1487 20,
1383 1448 1448 1487 21,
1482 1435 1581 1475 dicit
1612 1435 1749 1475 omni-

432 1509 566 1550 sciens
588 1509 640 1548 ad
663 1508 853 1547 dandum
880 1505 1122 1559 exemplum
1152 1504 1375 1557 iudicibus,
1408 1506 1626 1558 quomodo
1659 1505 1750 1544 dili-

431 1588 574 1633 genter
606 1578 841 1618 examinent
874 1589 1056 1627 causam,
1096 1583 1325 1628 antequam
1363 1574 1496 1614 ferant
1525 1574 1749 1614 iudicium:

438 1649 626 1697 Clamor,
649 1647 799 1701 inquit,
816 1645 1097 1686 Sodomorum
1126 1644 1434 1696 multiplicatus
1462 1651 1545 1693 est;
1574 1644 1749 1684 descen·
1765 1666 1808 1688 20

433 1720 532 1759 dam
567 1725 606 1759 et
636 1716 785 1758 videbo
812 1722 957 1757 utrum
982 1715 1214 1755 clamorem
1241 1727 1371 1766 opere
1402 1714 1708 1766 compleverint
1727 1710 1751 1735 ’μ
1769 1722 1850 1769 149tl

434 1803 491 1829 an
524 1802 607 1828 non
641 1793 706 1827 est
738 1787 795 1827 ita
829 1792 875 1826 ut
905 1786 1054 1827 sciam.
1093 1785 1180 1824 Nec
1212 1783 1366 1823 sufficit
1396 1783 1622 1823 notorietas
1654 1783 1750 1823 sub-

435 1858 589 1898 stancie
622 1857 732 1909 facti,
766 1857 838 1896 sed
860 1863 1031 1909 oportet
1062 1854 1178 1908 quod
1211 1853 1262 1893 sit
1285 1852 1503 1893 notorium
1535 1852 1752 1906 qualitate;

436 1927 533 1981 quia
565 1935 717 1966 notum
750 1934 810 1965 est
842 1925 959 1978 quod
991 1923 1361 1964 excommunicans
1401 1930 1573 1976 propter
1604 1935 1750 1975 opera-

437 1997 604 2037 cionem
634 1995 867 2049 legitimam
909 1994 1129 2034 iniuriatur
1173 1992 1539 2033 excommunicato
1584 2004 1751 2031 excom·
1771 2003 1810 2037 25

437 2066 695 2106 municando
728 2079 771 2105 se
802 2065 957 2118 ipsum.

196 2152 329 2178 persons
350 2149 380 2177 in
496 2138 583 2177 Nec
616 2146 677 2176 est
710 2135 825 2175 color
847 2133 1211 2174 excommunicare
1233 2132 1472 2186 capitaneos
1494 2130 1754 2184 operacionis
1768 2143 1801 2176 L

174 2185 331 2221 authority
351 2192 402 2211 are

151 2220 323 2283 nogeffinffi
343 2226 424 2281 foqn-
439 2206 623 2259 legitime
667 2214 839 2259 propter
868 2205 950 2244 hoc
988 2204 1106 2257 quod
1142 2211 1278 2256 preter
1309 2215 1455 2241 eorum
1488 2215 1755 2253 consensum,

151 2298 261 2329 qung
287 2290 367 2316 done
388 2289 427 2327 iay
440 2276 818 2316 auctorisacionem
868 2275 934 2314 vel
995 2273 1262 2315 occasionem
1314 2273 1455 2312 datam
1506 2271 1654 2325 aliquis
1707 2272 1756 2311 de

164 2323 413 2398 trigigssiizit‘issdiii
441 2346 638 2386 comitiva
670 2345 765 2385 fecit
797 2359 904 2398 opus
937 2343 1186 2395 indebitum,
1210 2342 1308 2396 quia
1341 2342 1397 2382 sic
1428 2341 1618 2382 Christus
1651 2341 1757 2381 foret
1773 2353 1814 2385 30

170 2395 248 2422 theu
267 2397 406 2421 consent.
441 2415 871 2456 excommunicandus
903 2428 979 2467 pro
1013 2414 1121 2454 facto
1155 2412 1356 2463 Scarioth,
1389 2420 1428 2451 et
1459 2411 1633 2465 quilibet
1675 2411 1758 2450 dux

442 2485 642 2525 exercitus
675 2499 752 2538 pro
780 2497 1037 2538 quocunque
1061 2482 1243 2523 facinore
1266 2481 1495 2522 commisso
1524 2495 1546 2520 a
1578 2494 1759 2534 persona

442 2554 504 2593 sui
529 2554 730 2594 exercitus
763 2562 802 2593 et
834 2552 968 2608 (quod
991 2552 1230 2593 evidencius
1258 2550 1336 2606 est)
1370 2550 1543 2604 quilibet
1574 2549 1757 2603 prelatus

502 2710 523 2729 1.
544 2701 616 2728 Ain
637 2709 740 2737 marg:
762 2700 938 2729 Conclusio.
1080 2700 1106 2729 3.
1127 2699 1149 2727 B
1170 2699 1213 2726 D:
1235 2699 1316 2734 regis
1333 2698 1430 2727 deest.
1579 2707 1606 2733 7.
1627 2697 1667 2725 13:
1688 2705 1758 2733 rege

438 2748 569 2775 invicto.
730 2757 758 2784 9.
788 2748 827 2774 D:
858 2751 929 2774 sunt
961 2755 1080 2775 omnes⁴
1234 2753 1262 2780 9.
1294 2753 1333 2773 10.
1364 2744 1405 2771 D:
1436 2744 1541 2772 favent
1560 2744 1631 2772 dicti
1653 2752 1757 2771 cause.

444 2802 486 2826 14..
506 2794 535 2820 A
556 2794 586 2821 in
607 2802 724 2830 marga
747 2793 928 2821 Conclusio.
1070 2801 1119 2826 24.
1141 2792 1183 2819 D:
1205 2792 1386 2819 notandum.
1408 2791 1447 2818 B:
1469 2790 1757 2819 excommunicatus

445 2845 579 2874 propter.
723 2840 769 2868 30.
790 2839 833 2867 D:
854 2839 935 2867 facit.
1078 2839 1121 2867 32.
1141 2840 1171 2869 A
1190 2840 1218 2866 A
1239 2838 1290 2873 31³
1312 2845 1499 2874 quocunque
1522 2837 1618 2866 deest.
