2051 3273
190 217 273 267 450
914 224 1138 256 JOHANNIS
1163 225 1357 257 WYCLIF.
1597 211 1702 269 [CAP.
1717 222 1797 250 xix.

478 329 664 368 taciones
698 328 812 368 enim
843 342 916 381 per
941 328 1050 367 viam
1073 338 1170 368 sunt
1192 329 1316 367 nimis
1342 330 1575 382 periculose
1609 339 1648 369 et
1670 329 1794 368 nimis
1816 337 1894 383 190‘l
1910 340 1946 371 H

479 412 502 436 a
534 398 824 450 predicacione
858 397 1059 451 evangelii
1091 398 1306 438 tardative.

224 478 294 506 Itis
316 486 332 505 a
352 485 436 505 mere
539 468 625 506 Nec
657 467 768 506 valet
798 466 919 506 ficcio
953 481 1036 520 qua
1070 467 1221 507 dicitur
1253 468 1504 520 temporalia
1535 481 1611 521 pro
1645 467 1796 521 quibus

192 518 338 548 pretence
359 518 390 540 to
412 519 466 547 say

190 549 467 618 tgffidtlggmcggffily
486 537 755 576 contenditur
802 550 889 575 esse
935 536 1087 576 Christi
1147 536 1353 589 discipulo
1405 550 1481 589 pro
1533 551 1610 576 suo
1655 536 1797 576 officio

190 619 388 657 possession}
419 617 467 644 for
482 606 712 646 necessaria
744 607 1036 659 instrumenta,
1070 607 1168 660 quia
1191 615 1419 659 exequatur
1451 620 1577 646 suum
1610 605 1833 647 officium5

220 654 299 680 mm
320 653 435 680 dunes.
480 676 567 715 sine
592 675 928 728 retrospeccione
951 677 1003 714 ad
1025 675 1287 728 temporalia,
1312 685 1351 715 et
1374 689 1459 715 non
1484 685 1543 715 est
1567 676 1799 730 compossi-

479 745 559 784 bile
608 746 746 785 Deum
790 745 867 784 sibi
901 744 1076 784 deficere
1121 745 1164 783 in
1211 746 1516 798 temporalibus
1560 746 1799 785 necessariis

480 828 565 854 non
599 816 650 853 ad
683 828 804 854 onus,
840 815 938 854 Ideo
972 814 1071 854 dicit
1095 815 1329 867 Apostolus
1364 815 1469 853 Heb.
1505 815 1675 854 ultimo:
1712 816 1803 854 Sint

479 897 618 924 mores
650 885 742 923 sine
780 885 984 933 avaricia,
1017 885 1200 923 contenti
1222 884 1509 936 presentibus.
1563 883 1661 937 Ipse
1692 885 1801 923 enim

479 954 607 993 dixit:
629 954 725 995 Non
751 961 789 993 te
811 953 1004 993 deseram
1041 967 1176 1006 neque
1208 954 1516 1007 derelinquam,
1550 955 1606 993 ita
1632 961 1676 993 ut
1707 967 1803 992 con-
1824 972 1862 993 10

465 1023 657 1076 fidenter
679 1024 896 1063 dicamus:
918 1024 1132 1063 Dominus
1172 1025 1276 1063 milzz'
1307 1024 1491 1071 adiutor,
1532 1037 1613 1062 non
1653 1015 1804 1062 timebo

480 1093 736 1146 quidfaciat
758 1094 861 1133 mihi
882 1095 1018 1134 homo.
1039 1094 1137 1133 Ideo
1153 1094 1252 1133 dicit
1267 1094 1413 1133 beatus
1431 1093 1657 1146 Gregorius
1673 1093 1803 1133 Ome-

480 1164 533 1203 lia
555 1164 709 1202 XVHss:
745 1164 1007 1202 Predicatori
1038 1170 1154 1202 tanta
1189 1163 1305 1202 debet
1328 1177 1420 1202 esse
1449 1164 1491 1202 in
1527 1163 1803 1216 Deofiducia

484 1240 528 1272 ut
538 1234 754 1286 presentis
772 1234 852 1272 vite
870 1241 1067 1286 sumptus
1085 1234 1279 1286 quamvis
1301 1247 1381 1271 non
1401 1233 1638 1285 provideat,
1664 1239 1803 1271 tamen

482 1305 557 1342 lios
592 1317 673 1342 non
697 1304 778 1342 sihi
799 1303 942 1343 deesse
964 1304 1198 1343 certissime
1219 1303 1336 1354 sciat,
1373 1316 1422 1341 ne
1451 1302 1551 1341 dum
1575 1315 1691 1341 mens
1715 1303 1804 1341 eius
1827 1310 1862 1341 15

482 1380 712 1426 occupetur
733 1373 790 1411 ad
811 1374 1078 1426 temporalia,
1104 1374 1244 1412 minus
1267 1373 1363 1412 aliis
1388 1372 1612 1425 provideat
1643 1379 1804 1411 eterna.

243 1454 332 1482 Nono
353 1461 408 1480 can
544 1444 662 1493 Item,
697 1456 746 1481 eo
779 1443 873 1495 ipso
907 1457 993 1496 quo
1026 1443 1119 1496 quis
1153 1452 1213 1482 est
1246 1456 1330 1481 non
1378 1442 1620 1481 membrum
1664 1451 1844 1482 sanctess
1870 1450 1889 1482 Ι

191 1491 302 1525 rightly
324 1489 395 1516 hold
416 1488 467 1514 the

220 1523 453 1587 ῆειτὲιηοηῗνρὲῑ
485 1512 627 1551 matris
655 1512 825 1551 ecclesie
855 1521 916 1551 est
943 1512 1140 1565 indignus
1165 1512 1314 1550 habere
1338 1511 1640 1563 patrimonium
1658 1511 1802 1550 Cruci-

217 1567 268 1587 1oe
311 1567 374 1586 sUCl
391 1568 395 1584 1

212 1595 266 1633 {put
293 1594 450 1621 members
484 1580 552 1620 fixi
585 1581 710 1620 titulo
743 1582 808 1620 vel
840 1581 928 1621 iure
951 1582 1025 1620 viri
1051 1581 1329 1631 ecclesiastici,
1364 1582 1433 1620 sed
1468 1580 1646 1620 omnino
1680 1580 1803 1619 iudex

190 1632 221 1656 ot
251 1629 300 1656 the
332 1628 468 1663 church,
485 1651 786 1691 ecclesiasticus
833 1652 897 1691 cui
949 1665 1036 1690 non
1081 1651 1131 1690 sit
1174 1652 1224 1690 de
1270 1651 1349 1690 hoc
1382 1651 1571 1704 specialis
1604 1650 1804 1689 revelacio
1822 1670 1865 1690 20

486 1721 652 1773 ignorat
667 1721 696 1759 si
723 1721 832 1760 dicta
855 1735 1034 1774 persona
1058 1721 1315 1760 contendens
1335 1720 1386 1759 sit
1404 1722 1645 1760 membrum
1667 1729 1807 1759 sancte

486 1791 630 1830 matris
675 1791 866 1841 ecclesie,
926 1805 1024 1843 ergo
1072 1791 1236 1843 ignorat
1280 1790 1310 1829 si
1356 1790 1407 1829 sit
1458 1791 1609 1843 dignus
1657 1790 1807 1828 habere

486 1860 793 1913 patrimonium
826 1861 1109 1902 vendicatum.
1144 1864 1426 1913 Assumptum
1462 1869 1577 1913 patet
1609 1874 1659 1899 eo
1692 1860 1807 1913 quod

486 1930 642 1969 nullius
675 1930 845 1970 alterius
880 1930 1051 1970 ecclesie
1096 1944 1277 1983 persona
1322 1930 1399 1968 nisi
1448 1943 1626 1982 persona
1670 1938 1809 1968 sancte

487 1999 631 2039 matris
665 2000 835 2038 ecclesia
867 2000 992 2039 habet
1023 2000 1146 2039 titulo
1179 2000 1290 2039 illius
1323 1999 1493 2038 ecclesie
1516 1992 1703 2039 colorem
1734 1999 1806 2038 ali·
1825 2006 1865 2037 25

487 2069 590 2122 quid
621 2069 883 2120 vendicandi,
918 2083 1016 2108 cum
1049 2070 1099 2109 sit
1134 2070 1184 2108 de
1217 2069 1380 2108 civitate
1414 2077 1453 2108 et
1485 2082 1659 2121 corpore
1706 2069 1806 2121 dya-

487 2139 585 2188 boli,
621 2138 852 2178 contrarius
884 2139 1017 2191 prime
1050 2138 1224 2178 iusticie.
1262 2139 1314 2177 Et
1336 2138 1470 2177 maior
1502 2147 1615 2191 patet
1648 2152 1695 2177 ex
1727 2138 1808 2177 hoc

486 2209 603 2261 quod
636 2209 779 2248 nullus
810 2209 935 2248 iudex
969 2208 1271 2248 ecclesiasticus
1305 2208 1511 2247 subducta
1549 2208 1807 2247 revelacione

486 2278 671 2330 predicta
709 2278 786 2317 scit
824 2278 858 2317 si
898 2278 1002 2318 alius
1048 2278 1101 2317 sit
1144 2277 1466 2330 predestinatus,
1513 2287 1552 2316 et
1596 2290 1668 2330 per
1707 2291 1806 2316 con-

487 2361 679 2401 sequens,
713 2348 742 2386 si
777 2347 829 2387 sit
860 2348 1103 2387 membrum
1137 2356 1277 2386 sancte
1307 2347 1451 2386 matris
1479 2347 1662 2386 ecclesie.
1697 2346 1807 2385 Cum
1825 2354 1867 2386 30

487 2431 585 2470 ergo
627 2416 952 2457 fundamentum
986 2417 1121 2456 tocius
1156 2417 1254 2455 iuris
1287 2416 1575 2456 contencionis
1608 2416 1714 2455 foret
1746 2416 1807 2454 in-

489 2486 733 2539 corporacio
785 2501 869 2540 qua
926 2488 1185 2526 contendens
1231 2486 1337 2525 foret
1381 2487 1431 2524 de
1488 2494 1630 2525 sancta
1679 2494 1810 2524 matre

489 2558 673 2609 ecclesia,
708 2559 824 2610 quod
857 2571 932 2597 nec
965 2558 1225 2597 contendens
1259 2557 1334 2596 scit
1373 2557 1522 2595 docere
1567 2568 1643 2594 nec
1686 2555 1809 2593 iudex

541 2680 568 2708 3.
587 2682 616 2709 A
635 2682 666 2709 in
688 2689 804 2716 marg.:
832 2680 947 2709 Ficcio.
1091 2688 1134 2707 10.
1161 2680 1201 2707 B:
1230 2685 1258 2707 te
1279 2680 1373 2707 deest.
1517 2686 1555 2705 12.
1586 2679 1613 2705 A
1635 2678 1663 2704 in
1693 2685 1809 2712 marg.:

491 2727 674 2762 Gregorius.
696 2726 776 2755 Nota
796 2728 917 2762 qualern
940 2735 1026 2761 spem
1050 2727 1140 2754 debet
1161 2727 1275 2753 habere
1296 2726 1472 2760 predicator
1493 2725 1529 2751 ad
1552 2725 1662 2751 Deum.

556 2843 602 2864 12.
635 2834 738 2875 Greg.
765 2834 836 2864 XL.
865 2834 968 2864 Hom.
997 2833 1055 2864 lib.
1084 2834 1107 2873 I,
1134 2834 1238 2864 Hom.
1264 2833 1370 2872 XVII,
1400 2833 1427 2864 5.
