2051 3343
202 221 278 259 150

199 967 303 994 These
330 966 472 1002 fugitives

211 1010 290 1029 were
310 1002 464 1028 offenders

201 1036 321 1071 against
340 1037 390 1063 the
411 1037 468 1062 law

201 1072 234 1099 of
251 1071 322 1098 Gocl
343 1071 403 1098 and
423 1071 473 1098 the

266 1105 409 1140 Church3

230 1526 289 1553 and
309 1525 358 1552 the
379 1531 450 1550 man

220 1561 296 1587 sIaIn
322 1567 385 1585 was
405 1559 454 1586 the
492 1582 499 1589 ,

904 224 1126 256 JOHANNIS
1153 223 1346 255 WYCLIF.
1607 212 1711 265 [CAP.
1732 218 1800 247 V11.

487 331 634 371 tradat
655 336 694 369 te
725 329 915 368 ministro
949 336 988 368 et
1009 329 1050 368 in
1074 341 1290 367 carcerem
1316 328 1512 376 mittaris,
1545 327 1616 366 ubi
1649 340 1794 367 secun·
1817 335 1891 381 ¹40¹³
1912 338 1949 371 H

485 402 587 439 dum
620 398 935 451 exposicionem
968 397 1075 436 beati
1108 397 1333 449 Augustini
1372 405 1539 449 oportet
1570 397 1798 450 intelligere

484 470 621 521 legem
658 468 734 506 Dei
779 468 1069 506 adversantem
1114 465 1281 505 cuilibet
1317 466 1538 519 peccatori,
1583 466 1679 519 quia
1722 466 1799 505 nisi

485 539 559 577 sibi
605 537 860 577 consenserit
898 536 963 575 hic
1000 536 1043 574 in
1084 536 1162 587 via,
1210 535 1421 575 accusabit
1466 549 1565 575 eum
1601 535 1643 574 in
1688 535 1801 575 finali

484 607 639 647 iudicio
685 620 782 645 cum
832 605 1083 645 demonibus
1129 606 1451 645 detrudendum.
1517 605 1558 645 Si
1597 619 1693 658 ergo
1737 605 1834 648 lex5

484 676 560 715 Dei
583 675 801 715 mitissima
832 688 918 714 non
953 683 1091 727 potest
1114 674 1429 713 non-adversari
1458 688 1535 714 suo
1559 673 1799 723 offendenti,

485 748 584 799 quia
624 754 725 784 tunc
765 753 1007 798 sequeretur
1051 744 1167 797 quod
1207 743 1395 783 falsitatis
1434 744 1599 783 malicia
1638 753 1804 797 superet

485 814 716 865 veritatem,
761 813 1035 854 manifestum
1078 814 1241 854 videtur
1285 815 1403 867 quod
1447 814 1585 854 omnis
1623 815 1702 855 alia
1737 816 1803 855 16)(

487 883 729 923 secundaria
772 897 860 922 non
905 892 1072 923 excusat
1116 885 1188 923 sed
1231 892 1410 935 accusat,
1457 897 1544 923 non
1580 884 1694 924 iuvat
1733 886 1804 924 sed

486 954 696 1006 reprobat,
748 962 881 993 stante
932 953 1162 993 obstinacia
1206 952 1438 993 offensoris.
1504 953 1613 993 Dicti
1662 963 1862 994 antemio

489 1023 653 1076 fugitivi
684 1023 798 1063 iuxta
830 1023 951 1062 nobis
985 1023 1172 1075 exposita
1201 1022 1467 1063 offenderunt
1497 1023 1539 1062 in
1570 1024 1705 1075 legem
1729 1024 1806 1063 Dei

490 1107 538 1133 6)(
569 1092 858 1132 inobediencia
891 1093 974 1131 suis
1006 1092 1242 1145 prepositis,
1275 1092 1533 1132 offenderant
1563 1092 1733 1146 insuper
1764 1093 1806 1132 in

488 1163 627 1214 legem
659 1161 828 1201 ecclesie
861 1161 1027 1201 racione
1050 1161 1286 1214 multiplici,
1320 1161 1417 1215 quia
1441 1160 1505 1216 (ut
1527 1161 1671 1202 dicunt
1694 1162 1805 1202 docti

488 1232 532 1271 in
563 1232 642 1271 illis
674 1228 852 1285 iuribus)
886 1231 1175 1271 inobedientes
1208 1231 1413 1271 mandatis
1446 1244 1621 1271 suorum
1654 1232 1804 1285 princi-

490 1315 595 1355 pum
634 1301 909 1341 committunt
949 1301 1165 1354 quoddam
1208 1314 1342 1353 genus
1380 1300 1593 1354 sacrilegii,
1639 1311 1679 1341 et
1710 1309 1863 1342 cun115

490 1372 779 1412 inobedientes
811 1371 1085 1411 remanserint
1115 1371 1195 1424 legi
1218 1371 1291 1410 Dei
1317 1372 1366 1410 de
1389 1371 1624 1411 obediendo
1646 1372 1808 1425 legibus

491 1442 595 1495 regis
629 1441 706 1493 sui,
754 1455 836 1494 que
874 1441 940 1480 lex
972 1440 1080 1480 iusta
1119 1440 1214 1480 illos
1246 1437 1504 1493 protegeret?
1555 1441 1609 1480 Et
1639 1441 1810 1495 insuper

491 1513 726 1553 secundum
757 1512 872 1565 quod
905 1511 1119 1551 informati
1152 1524 1299 1551 sumus
1332 1510 1493 1550 occisus
1532 1519 1618 1550 erat
1648 1511 1809 1563 primus

203 1596 267 1623 first
292 1599 323 1621 10
351 1593 422 1628 fight
447 1593 477 1620 in
490 1595 658 1622 invasor
690 1590 729 1621 et
761 1580 928 1620 ecclesie
962 1581 1161 1635 pollutor.
1198 1581 1432 1629 Quomodo
1462 1593 1558 1633 ergo
1591 1581 1655 1619 lex
1686 1580 1807 1620 liber-

237 1630 287 1657 the
309 1628 441 1656 Church.

491 1652 586 1692 tatis
624 1651 735 1690 illius
774 1650 943 1690 ecclesie
982 1649 1220 1690 defenderet
1265 1658 1353 1689 tam
1395 1649 1606 1703 ingratum
1645 1658 1684 1689 et
1720 1649 1807 1689 ille·
1825 1667 1866 1689 20

492 1721 690 1774 gitimum
728 1720 814 1760 eius
853 1720 1111 1773 pollutorem
1143 1719 1559 1759 excommunicatum
1605 1722 1652 1757 de
1697 1716 1808 1759 iure?

492 1792 590 1830 Non
631 1789 743 1829 enim
780 1789 941 1842 palliari
986 1797 1125 1842 potest
1162 1789 1349 1828 defensio
1387 1789 1568 1829 arrestati
1607 1789 1809 1843 legittime

494 1869 532 1899 et
554 1859 702 1899 intenti
726 1859 871 1899 salvari
894 1859 936 1898 in
968 1859 1051 1898 vita
1084 1867 1123 1898 et
1155 1858 1368 1915 membris,
1401 1867 1447 1898 ut
1475 1859 1645 1899 invadat
1667 1868 1810 1899 contra

492 1930 628 1983 legem
666 1929 818 1982 Anglie
856 1942 953 1968 suos
995 1927 1204 1982 legitimos
1243 1937 1500 1970 arrestantes.
1547 1928 1660 1968 Cum
1698 1928 1810 1968 enim

494 1998 714 2039 arrestacio
747 2007 787 2038 et
820 1998 974 2037 occisio
1007 2006 1105 2038 sunt
1136 1998 1351 2049 contraria,
1397 2006 1510 2051 patet
1542 1998 1657 2051 quod
1690 1998 1808 2038 miles
1825 2006 1865 2038 25

494 2078 695 2108 arrestans
718 2067 806 2107 sine
830 2067 1088 2107 extraccione
1111 2067 1234 2119 gladii
1254 2067 1318 2106 vel
1336 2067 1494 2106 cultelli
1517 2080 1603 2107 non
1627 2067 1810 2107 ostendit

494 2138 632 2178 occiso
666 2137 956 2177 necessitatem
988 2151 1030 2176 se
1062 2136 1314 2176 defendendi
1346 2137 1417 2176 sed
1448 2137 1596 2189 pocius
1627 2137 1810 2190 legitime

494 2207 704 2261 paciendi3
745 2216 785 2247 et
817 2215 932 2259 patet
964 2220 1011 2245 ex
1044 2206 1154 2245 facto
1187 2206 1423 2259 multiplici,
1457 2207 1675 2259 supposita
1705 2206 1810 2246 veri-

494 2286 577 2317 tate
615 2275 780 2328 narrati‚
820 2276 936 2329 quod
965 2276 990 2303 ²³³
1019 2284 1134 2315 erant
1163 2275 1449 2315 inobedientes
1481 2276 1619 2329 patriis
1650 2277 1810 2330 legibus
1831 2287 1905 2328 149⁰

495 2360 570 2400 pro
610 2360 692 2400 qua
731 2345 1021 2386 inobediencia
1060 2345 1345 2385 continuanda
1383 2346 1611 2399 querebant
1648 2346 1807 2386 subter-
1824 2355 1866 2388 30

554 2478 578 2497 2.
600 2471 629 2498 A
650 2470 680 2497 in
697 2478 813 2506 marg:
834 2470 1040 2505 Augustinus.
1166 2470 1189 2497 5.
1206 2469 1245 2497 B:
1268 2469 1507 2498 detradendum.
1612 2470 1637 2497 5.
1659 2470 1686 2497 6.
1709 2470 1737 2497 A
1751 2471 1808 2504 Ast

496 2518 543 2545 lex
563 2517 618 2545 Dei
639 2517 817 2544 iustissima.
839 2517 867 2544 A
888 2517 917 2544 In
940 2524 1055 2551 marg:
1085 2515 1149 2543 Lex
1169 2515 1224 2544 Dei
1246 2520 1291 2544 est
1310 2521 1415 2544 noster
1437 2516 1644 2545 adversarius.
1684 2517 1725 2543 D:
1748 2524 1809 2544 non

497 2568 599 2598 potest
619 2562 787 2590 adversari.
930 2562 956 2589 8.
980 2562 1023 2588 D:
1049 2562 1096 2589 lex
1117 2561 1281 2589 contraria.
1426 2570 1463 2589 12.
1484 2562 1693 2590 offenderant:
1716 2563 1808 2590 codd.

496 2611 524 2636 A
544 2610 565 2635 Β
598 2610 633 2636 D.
654 2609 694 2644 A¹
732 2616 830 2635 corn:
863 2608 1070 2635 offenderunt.
1215 2607 1249 2635 15.
1273 2608 1313 2635 D:
1346 2609 1549 2636 committant.
1691 2609 1733 2636 25.
1764 2607 1808 2635 D:

497 2655 614 2683 occisio
630 2660 657 2682 et
671 2655 850 2682 arrestacio.
958 2654 1003 2681 26.
1028 2662 1071 2689 27.
1093 2655 1121 2681 A
1141 2655 1177 2689 Α1
1201 2655 1246 2681 veI
1269 2654 1382 2682 cultelli
1401 2670 1434 2675 »-
1455 2653 1640 2682 defendendi
1661 2655 1755 2682 deest.
1787 2654 1809 2681 Β

498 2710 545 2729 se:
569 2702 663 2729 deest.
805 2708 849 2736 29.
872 2701 901 2728 A
920 2701 964 2728 A:
987 2705 1073 2728 erant
1094 2701 1189 2728 deest.

559 2796 587 2817 2.
605 2787 692 2827 Aug.
712 2786 834 2817 Sermo
854 2785 907 2825 IX,
935 2785 985 2816 De
1004 2785 1134 2816 Decem
1156 2783 1304 2816 Chordis
1323 2795 1397 2827 cap.
1415 2785 1469 2826 III,
1489 2784 1579 2827 Opp,
1599 2790 1671 2816 tom
1691 2785 1731 2826 V,
1750 2794 1806 2827 49,

501 2846 608 2875 Serm.
637 2844 750 2884 CCLI,
778 2854 851 2886 cap.
878 2843 964 2883 VIII,
992 2843 1084 2885 Opp.
1110 2849 1194 2874 tom.
1222 2843 1263 2883 V,
1295 2842 1390 2885 1037.
