2051 3343
87 834 149 865 Fol

80 858 167 912 128³]
604 852 706 900 DE
743 851 1119 900 ECCLESIA.

772 1047 894 1087 CAP.
929 1047 956 1087 Ι.

154 1191 188 1224 A
260 1175 371 1225 Quia
402 1173 608 1225 nonnulli,
648 1173 779 1213 eciam
818 1173 876 1212 illi
910 1173 981 1227 qui
1014 1173 1208 1212 videntur
1240 1186 1328 1213 esse
1360 1172 1518 1226 aliquid
1535 1170 1807 1242 Cfflsscffffigicbe

202 1245 440 1284 discordant
482 1243 524 1282 in
563 1242 734 1283 materia
778 1243 828 1282 de
871 1243 1076 1296 quiditate
1114 1242 1296 1294 ecclesie,
1342 1251 1381 1282 et
1417 1241 1519 1281 fides
1551 1242 1792 1303 sssssssgfflfissssul'y

202 1323 263 1354 est
307 1313 476 1353 ecclesia
520 1327 601 1366 que
645 1313 811 1352 deberet
854 1312 896 1351 in
936 1312 1166 1352 christianis
1201 1312 1399 1352 omnibus
1432 1325 1519 1351 esse
1534 1311 1751 1373 I'lowkritoiffiy
1771 1311 1807 1337 Μ

169 1397 297 1434 5una,
331 1384 447 1423 decet
479 1383 724 1422 christianos
757 1395 1009 1435 cognoscere
1031 1391 1209 1422 matrem
1233 1395 1367 1421 suam.
1402 1382 1520 1429 Quo-

201 1453 332 1492 modo
364 1466 495 1506 queso
527 1452 752 1491 honoraret
793 1451 885 1505 quis
918 1460 1096 1491 matrem
1126 1451 1242 1490 illam
1274 1450 1518 1504 primevam,

202 1522 307 1562 sicut
338 1521 512 1575 quilibet
553 1521 800 1561 christianus
844 1529 1008 1561 tenetur
1050 1521 1127 1560 sub
1172 1534 1279 1573 pena
1313 1521 1517 1572 dampna-

202 1591 332 1631 cionis
378 1605 425 1631 ex
457 1591 596 1644 primo
629 1591 829 1630 mandato
863 1591 1043 1630 secunde
1074 1590 1227 1642 tabule,
1275 1589 1352 1629 nisi
1384 1589 1520 1642 ipsam

202 1658 493 1714 cognosceret?
526 1665 613 1701 Aut
644 1661 864 1714 quomodo
892 1660 1028 1713 ipsam
1049 1659 1228 1713 perfecte
1252 1668 1522 1713 cognosceret

151 1754 188 1776 10
203 1730 281 1769 nisi
314 1731 608 1784 cognoscendo
642 1731 729 1770 eius
759 1730 1007 1784 quiditatem
1029 1743 1075 1769 ac
1093 1729 1350 1769 differencias
1380 1729 1519 1769 sciret-

203 1814 284 1854 que
316 1814 339 1839 a
370 1800 612 1840 mulieribus
645 1799 788 1839 alienis
811 1797 1065 1839 discernere?
1098 1800 1220 1839 Unde
1243 1799 1349 1838 inter
1372 1812 1520 1839 omnes

202 1870 491 1923 metaphisicas
535 1869 611 1909 sub
657 1869 757 1908 solis
801 1869 956 1909 circulo
1001 1883 1086 1909 non
1129 1877 1278 1921 reputo
1317 1868 1435 1921 quod
1472 1868 1523 1908 sit

202 1939 280 1979 alia
318 1939 540 1979 christiano
579 1938 832 1978 necessarior
871 1952 946 1978 nec
985 1939 1037 1977 ad
1075 1937 1391 1978 observanciam
1427 1938 1520 1977 reli-

202 2008 338 2061 gionis
378 2009 597 2048 christiane
628 2009 693 2047 vel
731 2009 782 2047 ad
820 2007 1147 2060 intelligenciam
1179 2007 1378 2060 scripture
1411 2021 1521 2047 sacre

151 2077 356 2123 15utilior.
391 2078 580 2119 Christus
614 2077 727 2117 enim
759 2091 806 2116 ex
837 2077 918 2116 fide
952 2086 1011 2117 est
1043 2086 1159 2130 pater
1190 2085 1333 2116 noster
1354 2086 1393 2117 et
1415 2077 1523 2116 dicta

205 2148 376 2188 ecclesia
420 2162 575 2202 sponsa
617 2162 690 2188 sua
737 2157 796 2188 est
840 2147 1154 2187 autonomatice
1198 2156 1330 2187 mater
1367 2155 1520 2186 nostra.

205 2217 301 2257 Illos
322 2226 464 2258 autem
487 2226 677 2271 parentes
700 2218 901 2257 debemus
924 2217 1064 2270 primo
1088 2216 1283 2256 omnium
1302 2216 1522 2267 honorare,

205 2287 303 2340 quia
334 2288 675 2341 recognoscendo
709 2301 779 2327 eos
812 2287 851 2326 in
883 2286 1135 2327 necessitatis
1159 2286 1334 2326 articulo
1358 2295 1525 2338 oportet

207 2370 355 2397 eorum
380 2356 744 2409 informacionem,
778 2356 1101 2410 castigacionem
1129 2364 1168 2396 et
1189 2355 1438 2408 suffragium
1460 2355 1523 2394 in-

149 2440 367 2469 20vocare.
415 2426 497 2466 Illis
541 2436 682 2467 autem
727 2426 847 2467 cultis
892 2427 944 2466 ad
977 2427 1152 2478 plenum
1184 2434 1369 2465 servatur
1401 2425 1523 2478 plene

207 2496 427 2536 christiana
459 2496 602 2550 religio
637 2505 675 2535 et
707 2497 757 2535 de
790 2505 948 2549 quanto
973 2496 1087 2535 deest
1109 2508 1258 2535 eorum
1279 2494 1523 2545 honoracio⁷

207 2566 320 2605 deest
363 2574 657 2619 preceptorum
705 2565 902 2617 servacio,
955 2578 1053 2618 cum
1096 2578 1184 2604 non
1229 2564 1280 2604 sit
1326 2563 1524 2616 possibile

208 2634 483 2675 christianum
515 2635 771 2689 delinquere,
816 2635 894 2674 nisi
934 2635 985 2673 de
1029 2642 1189 2687 quanto
1225 2633 1429 2673 subtrahit
1459 2633 1524 2672 vel

266 2725 373 2752 1.AA:
394 2724 500 2752 titulus
522 2725 617 2752 deest.
638 2724 708 2752 Ain
726 2724 866 2759 margine
881 2723 1052 2760 superiori:
1075 2723 1181 2752 Sancti
1202 2722 1327 2758 spiritus
1343 2723 1419 2751 assit
1435 2723 1525 2750 nobis

207 2771 325 2806 gracia;
349 2770 428 2798 ibid:
457 2771 594 2798 Ecclesia
614 2771 763 2798 catholica
784 2776 829 2798 cst
849 2779 865 2798 a
886 2771 1026 2798 fidelibus
1048 2770 1265 2805 cognoscenda
1288 2774 1315 2797 et
1335 2769 1464 2805 qualiter
1484 2770 1525 2802 (in

207 2817 260 2844 red
280 2817 331 2844 ink
352 2817 450 2844 above
471 2817 528 2844 col.
550 2816 631 2852 1282,
652 2817 820 2850 texthand).
929 2816 954 2844 5.
976 2815 1014 2843 B:
1038 2815 1132 2851 igitur
1153 2816 1249 2843 decet.
1360 2816 1400 2843 ιδ.
1424 2815 1527 2842 Codd.

208 2862 461 2891 autonomastice.
570 2864 611 2890 18.
632 2864 671 2890 ss:
693 2869 721 2891 et
741 2864 1005 2898 recognoscendo.
1115 2870 1153 2889 21.
1175 2863 1214 2890 B:
1238 2863 1274 2889 dc
1296 2867 1415 2898 quarto,
