2051 3273
210 218 299 247 CAP.
319 206 403 266 xx.]
698 220 758 251 DE
786 219 1021 252 ECCLESIA.

119 336 193 369 L9
272 326 334 364 Ex
372 325 458 363 istis
491 324 650 364 elicitur
694 325 811 377 quod
849 332 990 363 sancta
1033 330 1164 362 mater
1209 322 1378 362 ecclesia
1421 322 1523 361 dum

118 394 196 438 195a
213 394 352 434 subtili
386 393 635 447 operacione
667 392 944 446 apprehendit
978 406 1085 445 opus
1119 405 1245 432 suum
1276 390 1521 444 preteritum

208 464 258 502 ad
274 477 444 503 sensum
460 463 670 516 scripture,
694 461 969 515 apprehendit
983 461 1121 513 digitis
1145 461 1228 500 suis
1246 460 1402 511 fusum,
1425 460 1523 513 quia

207 547 296 572 rem
326 533 573 572 anteriorem
608 531 871 584 posteriorat‚
905 538 950 569 ut
983 530 1189 582 contingit
1221 530 1270 569 de
1308 529 1523 579 nentibus3

176 611 268 645 5est
299 611 439 641 tamen
478 600 715 651 conneccio,
761 600 859 653 quia
903 600 942 638 in
989 613 1113 652 opere
1146 598 1340 651 preterito
1373 599 1524 638 debent

208 671 359 711 firmari
384 670 562 721 brachia,
587 671 708 709 debet
723 669 897 709 securari
915 668 1172 708 consciencia
1191 677 1230 707 et
1246 668 1406 708 fundari
1431 682 1523 720 spes

116 749 193 795 195¹³
209 742 257 780 ad
274 741 411 780 futura
429 739 858 793 premiasscapienda:
893 738 1119 791 Quidquid,
1148 737 1296 791 inquit,
1329 738 1525 790 operaris

207 811 494 864 totafirmitas
517 810 649 848 animi
682 809 736 848 sit
765 808 1010 861 adfusum,
1038 808 1137 860 quia
1165 806 1278 860 quod
1298 806 1455 859 pendet
1482 807 1523 845 in

208 881 298 919 colo
331 879 566 932 adfusum
602 878 847 927 tralzicitur,
881 891 967 916 non
1001 886 1183 917 econtra.
1217 877 1270 916 Et
1293 878 1526 916 secundum

157 971 193 991 10
210 949 331 988 istam
364 949 591 988 leccionem
622 961 706 987 non
732 947 969 987 sollicitaret
996 946 1128 986 fidelis
1160 960 1235 985 nec
1257 947 1453 1000 aspiraret
1475 947 1525 985 ad

209 1019 410 1071 grandem
426 1026 578 1057 statum
595 1018 719 1057 seculi
737 1017 777 1055 in
794 1016 996 1068 futurum,
1013 1017 1083 1056 sed
1099 1017 1297 1056 instanter
1311 1016 1527 1056 trahiceret

212 1101 320 1140 opus
344 1087 606 1140 meritorium
639 1087 679 1125 in
709 1086 964 1139 preteritum,
998 1085 1212 1125 confidens
1246 1086 1360 1139 quod
1393 1093 1439 1125 ut
1471 1085 1526 1124 sic

210 1156 285 1195 erit
317 1157 516 1196 humilior
548 1158 597 1196 ad
632 1156 832 1196 futurum.
879 1156 930 1196 Et
962 1156 1083 1195 istam
1115 1155 1441 1195 sollicitudinem
1474 1155 1524 1193 ad

212 1226 352 1265 colum
376 1226 567 1278 prohibet
597 1239 776 1279 sponsus
800 1225 969 1265 Matthei
992 1226 1067 1266 V10
1092 1225 1289 1277 capitulo.
1318 1226 1526 1264 Jactemus

158 1307 308 1348 15ergo
349 1297 593 1336 thesaurum
646 1295 779 1335 meriti
825 1295 865 1333 in
911 1295 1161 1334 memoriam
1209 1295 1350 1348 sponsi
1397 1293 1527 1333 nostri

211 1366 282 1418 qui
316 1366 501 1418 pendens
542 1365 582 1404 in
623 1379 741 1405 cruce
780 1365 915 1404 noluit
964 1365 1215 1404 memoriam
1247 1363 1452 1417 passionis
1485 1363 1526 1401 in

211 1435 454 1487 preteritum
488 1434 726 1474 intranslate
758 1434 1006 1488 relinquere,
1051 1434 1243 1488 quamvis
1274 1433 1392 1472 Judei
1427 1433 1527 1472 false

215 1504 411 1544 dixerint:
447 1505 491 1543 Si
523 1518 602 1544 rex
634 1505 777 1544 Israel
808 1512 881 1552 est,
915 1504 1142 1544 descendat
1175 1516 1287 1543 nunc
1318 1503 1368 1543 de
1401 1515 1528 1542 cruce

212 1580 252 1614 et
283 1574 496 1614 credimus
529 1575 566 1614 ei
597 1574 768 1614 Matthei
802 1574 992 1624 XXV110‚
1024 1587 1092 1625 40.

157 1665 197 1686 ρο
270 1644 322 1683 Et
368 1643 463 1682 hinc
513 1644 727 1683 conclusio
785 1644 972 1697 sequitur
1022 1643 1296 1696 pertinenter:
1348 1643 1528 1680 Manum

216 1726 339 1752 suam
374 1713 544 1764 aperuit
577 1714 692 1765 inopi
718 1720 756 1752 et
778 1714 953 1765 palmas
981 1726 1085 1752 suas
1117 1711 1305 1752 extendit
1334 1707 1391 1750 ad
1416 1724 1528 1763 pau-

204 1796 366 1834 perem.
404 1782 513 1821 Nam
546 1782 684 1822 dicens
713 1782 989 1822 beneficencie
1021 1791 1060 1821 et
1097 1780 1410 1821 communionis
1443 1793 1528 1819 non

212 1851 399 1890 oblivisci
422 1865 467 1890 ex
495 1851 793 1904 proposicione
820 1852 998 1905 septima
1028 1861 1067 1891 et
1089 1851 1221 1890 sciens
1248 1851 1363 1904 quod
1392 1849 1530 1888 solum

213 1920 331 1960 firma
376 1934 467 1973 spes
512 1921 659 1974 premii
701 1931 760 1961 est
805 1923 854 1960 de
899 1921 1078 1974 perfecta
1117 1920 1366 1973 operacione
1409 1919 1530 1971 plene

159 1990 408 2042 25preterita
457 2003 504 2028 ex
548 1990 845 2043 proposicione
890 1990 1083 2043 proxima
1130 1991 1199 2029 dat
1244 2003 1416 2042 operam
1456 2001 1532 2040 pro

214 2059 398 2098 ulteriori
444 2059 669 2099 elemosina
716 2059 914 2100 facienda.
963 2060 1165 2113 Sperans,
1210 2058 1347 2112 inquit
1386 2060 1533 2110 Augu-

217 2128 362 2177 stinus,
396 2129 436 2167 in
470 2128 637 2168 domino
676 2129 757 2169 sibi
789 2129 907 2168 dicit:
948 2130 1018 2168 Da
1057 2129 1238 2177 domine,
1285 2128 1384 2180 quia
1424 2126 1533 2175 dedi,

216 2198 389 2248 dimitte,
423 2198 522 2250 quia
555 2198 707 2246 dimisi,
727 2198 812 2251 fac
845 2211 1008 2238 mecum
1042 2197 1394 2248 misericordiam,
1434 2196 1533 2248 quia

202 2266 309 2319 feci.
354 2267 464 2306 Nam
514 2267 654 2306 Jacobi
701 2268 771 2319 Ila,
824 2281 868 2306 12
915 2267 1125 2306 scribitur:
1182 2266 1392 2306 Iudicium
1444 2266 1536 2304 sine

162 2347 203 2379 30
219 2335 507 2375 misericordia
536 2337 599 2375 illi
626 2338 698 2389 qui
732 2350 813 2376 non
831 2337 945 2390 fecit
967 2335 1315 2376 misericordiam.
1340 2334 1535 2382 Habetis,

217 2405 366 2458 inquit,
393 2406 573 2457 plenum
607 2407 813 2446 sacellum
846 2412 1065 2458 apotecam
1095 2406 1161 2446 vel
1188 2417 1362 2444 orreum
1397 2402 1534 2442 nendo

217 2475 452 2515 salubriter
494 2490 520 2515 a
563 2476 655 2516 colo
701 2475 939 2528 transferat
985 2475 1042 2514 ad
1077 2474 1253 2528 fusum.
1307 2474 1360 2512 Et
1400 2472 1536 2512 multo

218 2544 349 2597 magis
401 2546 664 2597 operandum
723 2553 784 2584 est
842 2545 1041 2584 instanter
1092 2557 1199 2596 opus
1254 2541 1537 2582 misericordie

219 2613 430 2665 spirituale
453 2622 492 2653 et
515 2623 665 2654 notum
686 2627 732 2652 ex
755 2622 868 2653 textu
891 2614 1110 2667 quomodo
1134 2612 1305 2652 ecclesia
1328 2611 1535 2664 egenciori

275 2804 295 2823 ι.
316 2797 362 2823 A:
386 2795 485 2823 Litera
507 2795 530 2822 Ι,
550 2796 646 2823 deest.
792 2794 831 2822 18.
863 2794 904 2821 B:
933 2795 1087 2822 dixerunt.
1233 2801 1278 2821 20.
1299 2795 1327 2821 A
1360 2793 1388 2820 in
1422 2800 1519 2825 marg.

222 2841 399 2869 Conclusio.
544 2840 590 2875 34.
611 2841 649 2869 B:
676 2841 767 2868 Nota.

1355 2887 1418 2920 31*

1596 1647 1696 1676 Verse
1718 1655 1763 1675 20.

1562 1683 1626 1711 Her
1646 1683 1806 1710 readiness

1568 1723 1599 1746 to
1621 1718 1688 1752 help
1710 1719 1800 1745 those

1604 1753 1633 1780 in
1657 1753 1745 1780 need.
