2051 3343
269 255 357 284 CAP.
371 244 442 303 VL]
769 260 829 292 DE
854 259 1090 293 EchEsm.
1789 264 1859 304 141

116 371 253 414 X148⁵
268 363 466 403 dominus
499 363 707 415 omnium,
739 364 797 403 sic
828 365 1131 417 predestinatus
1170 365 1213 404 in
1256 367 1424 405 mortali
1470 375 1578 406 caret

268 432 471 484 dominio,
504 434 607 473 dum
638 442 778 474 tamen
811 434 893 474 alio
934 443 1125 487 tempore
1162 435 1287 474 habet
1325 435 1578 487 dominium,

268 515 365 542 cum
396 502 509 542 Deus
542 502 776 543 eternaliter
807 504 896 543 vult
928 504 1047 557 quod
1077 503 1182 543 illud
1212 504 1363 544 habeat
1401 518 1478 558 pro
1501 518 1578 544 suo

266 579 470 625 tempore.

216 650 252 684 Y
325 640 379 680 Et
417 641 450 680 si
479 649 689 695 queratur,
722 655 850 696 quare
887 652 1095 696 repugnat
1138 643 1379 683 dominium
1410 643 1453 683 in
1486 657 1578 697 pre·
1602 661 1632 689 A
1652 661 1860 702 predati-nate

267 710 474 751 destinato
520 720 718 765 peccante
751 712 995 764 mortaliter,
1028 712 1179 753 dicitur
1223 714 1341 766 quod
1384 713 1474 766 ipse
1520 723 1582 754 est
1614 705 1851 767 ὧηέξῑᾶῗῗῧῗξᾎί

265 787 365 819 tunc
398 794 542 833 expers
574 781 734 821 iusticie
758 790 797 822 et
828 782 1118 837 cuiuscunque
1139 783 1302 823 virtutis
1334 783 1517 834 moralis,
1542 765 1863 840 θῖξεηῗοᾞῗςέῗᾟῖἴ

264 863 337 902 per
364 863 638 904 consequens,
673 865 816 905 expers
849 851 1024 891 dominii
1056 853 1173 906 quod
1205 862 1373 906 oportet
1416 852 1581 892 fundari
1695 843 1779 864 nme.

264 919 307 958 in
338 918 502 960 iusticia
539 921 701 960 morali.
741 922 881 961 Habet
919 930 1058 977 tamen
1097 921 1306 962 iusticiam
1343 922 1580 962 naturalem

213 1008 250 1030 10
265 989 317 1027 ad
348 990 538 1029 membra
570 999 610 1030 et
642 1004 768 1030 omne
801 992 917 1044 quod
949 991 1085 1044 placet
1107 991 1197 1031 Deo
1222 1001 1268 1031 ut
1288 992 1451 1043 habeat,
1474 991 1579 1031 sicut

265 1067 304 1098 et
340 1058 466 1099 habet
502 1060 717 1113 prescitus,
765 1069 804 1100 et
847 1073 972 1114 supra
1002 1060 1084 1100 hoc
1122 1061 1247 1101 habet
1277 1061 1486 1101 iusticiam
1535 1061 1579 1100 in

264 1128 623 1181 predestinacione
655 1129 873 1170 fundatam
913 1144 1043 1184 quam
1080 1131 1133 1170 ad
1170 1139 1340 1184 tempus
1385 1131 1580 1171 obscurat

264 1198 443 1250 piaculo.
477 1200 600 1239 Unde
632 1213 718 1239 non
757 1200 893 1239 audeo
932 1199 1066 1239 dicere
1086 1201 1203 1254 quod
1225 1200 1364 1240 omnis
1402 1214 1578 1254 peccans

264 1268 493 1308 mortaliter
524 1283 612 1309 non
645 1269 696 1309 sit
711 1279 810 1310 tunc
825 1271 1065 1310 membrum
1089 1270 1272 1323 ecclesie,
1288 1270 1393 1310 sicut
1415 1271 1580 1311 videtur

213 1346 248 1379 15
264 1338 478 1378 decretum
501 1339 636 1378 dicere
658 1340 719 1379 De
742 1339 1089 1392 Consecracione‚
1118 1341 1156 1379 d.
1182 1341 1211 1391 I,
1244 1340 1456 1392 Ecclesia,
1480 1340 1579 1394 quia

264 1415 364 1447 tunc
413 1417 518 1448 esset
562 1417 675 1448 tanta
718 1410 784 1449 vel
825 1410 961 1450 maior
1007 1410 1257 1463 ambiguitas
1301 1411 1351 1449 de
1396 1410 1577 1463 prelatis,

263 1486 407 1518 utrum
438 1479 519 1518 sint
549 1479 739 1519 membra
771 1480 954 1532 ecclesie,
979 1480 1086 1521 sicut
1118 1489 1179 1520 est
1201 1481 1249 1519 de
1274 1479 1344 1532 eis,
1377 1481 1577 1533 ponendo

263 1547 402 1587 solum
434 1548 738 1601 predestinatos
772 1563 860 1589 esse
881 1550 1070 1589 membra
1094 1549 1278 1602 ecclesie,
1311 1550 1410 1603 quia
1442 1551 1576 1603 suspi-

266 1617 433 1658 cionem
463 1619 727 1671 probabilem
757 1619 964 1659 habemus
999 1620 1050 1659 de
1083 1620 1264 1672 mortali,
1298 1621 1468 1673 qualem
1491 1634 1578 1660 non

206 1704 246 1726 20
261 1687 464 1728 habemus
497 1690 613 1743 quod
645 1689 846 1743 prepositi
879 1699 976 1730 sunt
1006 1690 1186 1743 presciti,
1224 1698 1264 1730 et
1294 1689 1446 1743 periret
1478 1691 1578 1729 obe-

261 1757 422 1798 diencia
444 1759 622 1812 prelatiS‚
647 1773 745 1799 cum
768 1773 855 1800 non
871 1759 926 1799 sic
942 1760 1142 1799 debemus
1156 1759 1366 1799 honorare
1387 1760 1579 1800 membra

261 1827 416 1868 diaboli
447 1842 523 1869 nec
556 1830 653 1869 dare
685 1829 743 1870 eis
789 1829 1078 1881 elemosinam,
1119 1843 1218 1869 cum
1261 1829 1416 1869 scimus
1461 1830 1576 1882 quod

261 1898 400 1951 egenis
432 1899 632 1939 membris
665 1899 819 1940 Christi
853 1909 913 1939 est
952 1899 1112 1952 debita,
1158 1899 1214 1939 sic
1260 1899 1373 1939 enim
1416 1908 1579 1939 vacaret

260 1968 514 2010 beneficium
544 1969 764 2010 intrusoris
809 1969 961 2009 cotidie
992 1977 1080 2008 tam
1128 1970 1177 2008 de
1223 1968 1311 2008 iure
1356 1982 1486 2022 quam
1527 1969 1578 2008 de

205 2041 244 2074 25
262 2037 384 2091 facto,
417 2048 456 2080 et
488 2039 545 2079 sic
578 2048 723 2080 contra
761 2039 1003 2079 testimonia
1040 2047 1281 2078 sanctorum
1319 2038 1445 2077 nimis
1483 2052 1576 2091 per-

260 2108 497 2149 turbaretur
541 2109 724 2150 ecclesia.
768 2109 863 2149 Alia
907 2117 1049 2149 autem
1092 2117 1191 2148 sunt
1234 2108 1361 2148 dubia
1406 2121 1576 2148 concer-

263 2179 410 2218 nencia
442 2179 658 2219 ecclesiam
692 2193 774 2232 que
813 2186 956 2231 patent
994 2177 1104 2229 alibi,
1145 2187 1192 2217 ut
1225 2179 1341 2231 quod
1386 2177 1576 2218 Christus

263 2248 441 2289 existens
473 2248 718 2289 humanitus
751 2248 845 2288 fons
876 2248 998 2287 vivus
1021 2248 1172 2302 plenus
1194 2248 1329 2301 gracie
1352 2257 1413 2288 est
1442 2262 1574 2302 quan-

263 2317 457 2358 tumlibet
500 2318 652 2359 melior
714 2318 926 2358 moraliter
981 2331 1111 2372 quam
1169 2327 1309 2357 totum
1359 2317 1577 2358 residuum

205 2389 247 2421 30
264 2400 415 2441 corpus
449 2387 633 2440 ecclesie,
658 2401 755 2428 cum
777 2388 914 2441 gracia
941 2387 1110 2427 unionis
1134 2387 1185 2427 sit
1207 2387 1376 2428 alterius
1398 2387 1578 2427 racionis

263 2470 392 2510 quam
423 2456 558 2510 gracia
589 2457 768 2510 posteris
801 2457 994 2498 derivata.

313 2614 338 2643 5.
367 2616 397 2644 A
416 2616 446 2644 in
465 2624 575 2652 marg:
606 2615 697 2644 Nota.
865 2614 902 2645 15.
923 2617 952 2644 A
974 2616 1005 2644 in
1038 2624 1154 2652 marg.=
1186 2616 1296 2644 Utrum
1318 2616 1421 2644 omnis
1441 2624 1576 2653 peccans

262 2661 432 2690 mortaliter
451 2670 514 2690 non
535 2662 573 2690 sit
591 2667 664 2691 tunc
702 2663 878 2691 membrum
916 2661 1057 2690 ecclesie.
1078 2662 1100 2689 B
1127 2662 1159 2690 in
1198 2670 1313 2697 marga
1339 2662 1516 2699 Episcopus
1546 2663 1577 2690 in

262 2708 383 2736 mortali
403 2717 465 2737 non
487 2715 532 2738 est
552 2714 686 2744 protunc
706 2711 884 2738 membrum
905 2709 1047 2736 ecclesie.
1139 2708 1182 2737 18.
1203 2717 1246 2744 19.
1259 2711 1286 2737 A
1308 2709 1400 2737 habet
1419 2718 1577 2738 rasuram:

263 2755 352 2792 suspi
373 2777 379 2783 .
401 2777 408 2784 .
429 2777 436 2784 .
458 2757 561 2785 bilem.
668 2756 714 2784 30.
736 2757 775 2784 B:
799 2764 886 2785 cum:
908 2755 1004 2784 deest.

327 2874 377 2907 13.
406 2876 488 2908 Dec.
514 2876 568 2908 III.
594 2886 628 2919 p.
655 2876 732 2908 dist.
760 2877 783 2918 I,
810 2886 838 2908 c.
865 2876 952 2909 VIII.
