2051 3273
212 190 290 229 508

226 730 294 758 The
317 732 463 766 “slahip''

216 774 251 792 or
272 767 429 793 character
449 766 473 792 is

929 200 1152 232 JOHANle
1179 201 1374 233 WYCLIF.
1587 188 1693 246 [CAP.
1714 200 1795 228 xxi.

496 306 726 358 temporale
760 315 931 358 propter
963 306 1081 345 cuius
1105 306 1442 359 complecionem
1475 316 1679 360 perpetuo
1712 321 1803 361 pre-
1826 318 1904 363 198,b
1925 319 1957 353 0

496 375 692 426 miantur,
725 375 832 414 sicut
863 375 904 413 in
937 375 1123 428 prescitis
1157 384 1298 415 manet
1332 385 1536 428 perpetuo
1575 378 1690 430 quod
1728 377 1808 430 ipsi

496 453 702 497 perpetuo
736 444 972 497 puniuntur
1003 454 1173 498 propter
1205 446 1384 485 abusum
1418 445 1481 485 sui
1511 445 1652 498 officii,
1686 455 1725 486 et
1757 446 1809 486 ad

497 514 624 554 istum
647 527 818 553 sensum
842 514 982 553 omnis
1006 524 1185 554 caracter
1207 524 1350 555 manet
1372 524 1576 568 perpetuo
1604 515 1646 555 in
1669 515 1810 556 officio

497 584 562 622 vel
595 585 799 623 mercede.
823 585 915 637 Ego
937 594 1080 624 autem
1103 585 1306 638 loquebar
1338 586 1387 624 de
1411 594 1614 625 caractere
1646 594 1692 625 ut
1714 586 1843 630 dicit5

498 652 743 706 simpliciter
764 653 1093 706 deputacionem
1126 655 1177 694 ad
1201 653 1404 705 officium,
1439 668 1514 694 nec
1547 656 1671 695 credo
1695 656 1811 709 quod

498 736 545 762 ex
578 723 780 776 scriptura
801 723 865 762 vel
890 723 1058 763 raci0ne
1081 723 1390 776 improbabitur
1412 738 1557 764 sensus
1591 724 1679 765 iste.
1713 726 1810 765 Non

208 792 610 839 11ora111i13g‚i>ute1]i111
644 802 705 831 est
737 801 916 832 caracter
963 793 1053 832 talis
1099 807 1182 832 una
1226 807 1288 833 res
1333 808 1415 847 que
1455 794 1609 846 poterit
1652 808 1726 847 per
1768 809 1811 835 se

256 844 271 861 a
292 836 435 863 relation.

208 870 307 906 izi-cry
328 871 402 897 rank
430 871 482 897 lias
500 876 599 913 esse,
648 863 718 901 sed
751 861 990 902 subiectum
1034 861 1169 901 taliter
1213 876 1254 902 se
1300 863 1464 904 habere.
1512 864 1592 905 Sed
1625 865 1850 909 secund02

231 910 268 932 its
289 906 457 933 character.

274 1709 327 1735 Yet
349 1709 436 1735 three

242 1747 449 1771 saci-amenis:

275 1779 419 1812 baptism,

238 1814 455 1841 confirmation

251 1850 311 1876 and
333 1849 442 1876 orders

252 1884 378 1919 imprint
398 1885 447 1911 the

222 1920 382 1947 character
402 1920 431 1946 in
455 1928 471 1947 a

240 1955 352 1989 special
377 1963 453 1991 way.

498 932 661 971 videtur
692 933 809 985 quod
838 932 880 970 in
914 931 1032 970 omni
1064 932 1252 984 homine,
1286 941 1325 972 et
1356 946 1429 985 per
1474 947 1735 987 consequens
1767 934 1810 973 in
1831 956 1869 977 10

500 1002 617 1041 omni
665 1001 811 1041 ordine
862 1010 1042 1041 caracter
1091 1001 1361 1054 imprimitur,
1412 1011 1452 1042 et
1506 1003 1561 1043 sic
1611 1017 1726 1057 reges
1772 1012 1811 1044 et

499 1072 651 1112 milites
684 1072 884 1111 haberent
905 1072 1138 1125 gloriosum
1164 1081 1412 1112 caracterem
1436 1074 1811 1126 correspondenter

500 1143 552 1181 ad
585 1156 710 1181 suum
744 1142 947 1181 ordinem.
993 1142 1072 1181 Hic
1112 1141 1205 1182 dico
1239 1144 1355 1196 quod
1387 1151 1552 1182 extense
1592 1143 1812 1197 loquendo

500 1214 549 1251 de
573 1221 773 1251 caractere
798 1210 863 1266 (ut
895 1211 1037 1265 supra)
1061 1222 1121 1252 est
1154 1213 1370 1252 conclusio
1401 1213 1681 1265 concedenda,
1715 1227 1814 1252 nam

505 1282 622 1321 omni
667 1281 828 1321 homini
875 1282 1047 1335 deputat
1094 1283 1207 1322 Deus
1251 1281 1439 1322 officium
1483 1283 1534 1321 ad
1578 1282 1871 1336 profectum15

507 1352 686 1391 ecclesie.
723 1353 820 1392 Ideo
844 1366 941 1392 cum
965 1361 1130 1405 oportet
1163 1366 1336 1392 omnem
1367 1352 1584 1392 hominem
1620 1367 1706 1392 esse
1730 1367 1812 1393 ser-

507 1437 604 1462 vum
623 1422 777 1462 Christi
801 1423 866 1461 vel
880 1423 1045 1474 agendo
1067 1422 1132 1461 vel
1155 1422 1375 1475 paciendo,
1399 1436 1573 1462 omnem
1595 1423 1815 1462 hominem

506 1500 671 1545 oportet
694 1501 860 1544 portare
893 1493 942 1531 de
975 1500 1084 1531 secta
1117 1505 1191 1531 sua
1224 1505 1310 1531 uno
1343 1493 1474 1531 modo
1506 1493 1570 1531 vel
1600 1493 1694 1534 alio.
1728 1493 1814 1532 Nec

503 1562 626 1601 credo
656 1561 840 1615 aliquem
862 1561 1086 1614 infringere
1118 1562 1234 1615 quin,
1258 1561 1363 1601 sicut
1395 1562 1547 1602 milites
1579 1562 1812 1615 spirituales

500 1632 654 1672 Christi
687 1632 841 1671 habent
874 1641 1122 1671 caracterem
1156 1631 1219 1671 sui
1261 1631 1401 1683 officii,
1442 1632 1498 1671 sic
1540 1641 1578 1672 et
1616 1646 1732 1685 reges
1765 1646 1810 1672 ac
1827 1654 1869 1675 20

501 1702 652 1741 milites
687 1702 922 1755 corporales
956 1699 1020 1757 (ut
1052 1710 1165 1754 patet
1200 1699 1403 1753 inferius).
1438 1702 1483 1740 In
1510 1701 1640 1741 tribus
1669 1711 1810 1742 tamen

501 1772 768 1812 sacramentis
821 1771 1052 1824 specialiter
1106 1780 1285 1810 caracter
1335 1771 1603 1824 imprimitur,
1656 1771 1812 1811 scilicet

500 1842 723 1894 baptismo,
749 1840 1074 1880 confirmacione
1098 1849 1136 1880 et
1159 1840 1319 1891 ordine,
1353 1854 1435 1894 que
1456 1840 1534 1880 tria
1556 1850 1812 1881 sacramenta

499 1921 596 1951 sunt
619 1910 862 1950 initerabilia
886 1920 931 1950 ut
960 1909 1096 1949 officia
1126 1918 1380 1949 caracterum
1404 1910 1639 1950 indelebilia
1673 1912 1812 1965 quoad

499 1981 695 2020 effectum
726 1981 792 2020 vel
825 1979 1020 2019 fructum.
1055 1981 1164 2019 Nam
1196 1979 1238 2018 in
1261 1979 1472 2032 baptismo
1505 1979 1649 2032 recipit
1671 1994 1811 2020 servus
1829 1993 1868 2025 25

499 2051 653 2091 Christi
692 2050 1010 2090 distinccionem
1051 2050 1100 2088 ab
1133 2049 1309 2089 omnino
1348 2048 1600 2102 infidelibus,
1639 2050 1681 2089 in
1715 2065 1812 2090 con-

500 2121 742 2161 firmacione
781 2119 1103 2159 roboracionem
1143 2133 1216 2159 sue
1248 2118 1414 2169 milicie,
1459 2119 1500 2157 in
1538 2119 1684 2160 ordine
1716 2134 1813 2161 vero

502 2191 645 2244 recipit
678 2190 934 2242 singularem
966 2189 1269 2228 limitacionem
1311 2202 1435 2241 supra
1475 2189 1603 2229 laicos
1642 2191 1693 2230 ad
1733 2190 1812 2229 mi-

501 2261 719 2300 nisterium
753 2259 1012 2299 sacramenti.
1047 2259 1101 2298 Et
1123 2258 1179 2298 ita
1211 2259 1402 2298 doctores
1426 2259 1599 2311 palliant
1631 2259 1811 2313 descrip-

500 2332 641 2371 ciones
700 2341 739 2371 et
790 2331 1003 2384 applicant
1055 2330 1303 2383 scripturam
1357 2331 1409 2369 ad
1461 2343 1631 2370 sensum
1685 2344 1813 2384 quem
1829 2341 1871 2373 30

500 2410 701 2453 asserunt,
747 2410 793 2441 ut
831 2409 944 2453 patet
988 2401 1038 2439 de
1071 2408 1287 2450 caractere,
1328 2400 1376 2439 de
1419 2400 1563 2439 ordine
1597 2409 1636 2439 et
1669 2400 1812 2440 ceteris

500 2486 582 2524 que
614 2471 681 2510 vix
715 2471 868 2509 habent
908 2470 1106 2510 corticem
1145 2469 1392 2522 apparencie
1426 2483 1474 2508 ex
1506 2469 1722 2522 scriptura,
1767 2478 1814 2509 ut

501 2541 694 2581 ordinem
745 2540 969 2580 militarem
1022 2540 1167 2580 dicunt
1212 2553 1299 2579 non
1353 2540 1503 2578 habere
1549 2548 1811 2591 caracterem,

501 2611 598 2664 quia
635 2611 702 2650 ille
742 2611 847 2649 ordo
886 2624 974 2649 non
1019 2610 1222 2649 limitatur
1265 2610 1316 2648 ad
1356 2608 1590 2648 differenter
1632 2623 1655 2647 a
1699 2608 1812 2647 laicis

502 2680 827 2719 ministrandum
860 2679 1134 2719 ecclesiastica
1166 2688 1424 2718 sacramenta
1457 2677 1526 2733 (de
1559 2691 1646 2731 quo
1679 2676 1868 2732 alibi).35

554 2793 590 2820 13.
613 2795 639 2819 A
662 2792 690 2819 in
712 2800 825 2826 marg:
848 2791 1030 2827 Responsio.
1150 2799 1189 2818 21.
1211 2793 1238 2818 A
1254 2791 1283 2818 in
1304 2798 1419 2825 marga
1441 2790 1472 2817 In
1495 2790 1593 2817 tribus
1610 2789 1812 2817 sacramentis

501 2843 637 2866 caracter
658 2839 838 2874 imponitur.
981 2846 1027 2872 24.
1050 2839 1094 2865 A:
1116 2837 1293 2865 indelibilia.
