<?xml version="1.0" encoding="UTF-8"?>
<!DOCTYPE html PUBLIC "-//W3C//DTD XHTML 1.0 Transitional//EN"
    "http://www.w3.org/TR/xhtml1/DTD/xhtml1-transitional.dtd">
<html xmlns="http://www.w3.org/1999/xhtml" xml:lang="en" lang="en">
 <head>
  <title>
</title>
<meta http-equiv="Content-Type" content="text/html;charset=utf-8" />
  <meta name='ocr-system' content='tesseract 3.04.00' />
  <meta name='ocr-capabilities' content='ocr_page ocr_carea ocr_par ocr_line ocrx_word'/>
</head>
<body>
  <div class='ocr_page' id='page_1' title='image "./tractatusdeeccle00wycl_0507.png"; bbox 0 0 2051 3273; ppageno 0'>
   <div class='ocr_carea' id='block_1_1' title="bbox 221 198 1807 257">
    <p class='ocr_par' dir='ltr' id='par_1_1' title="bbox 221 198 1807 257">
     <span class='ocr_line' id='line_1_1' title="bbox 221 198 1807 257; baseline 0.01 -19"><span class='ocrx_word' id='word_1_1' title='bbox 221 209 309 238; x_wconf 81' lang='lat' dir='ltr'>CAP.</span> <span class='ocrx_word' id='word_1_2' title='bbox 339 198 421 257; x_wconf 64' lang='lat' dir='ltr'>xx]</span> <span class='ocrx_word' id='word_1_3' title='bbox 719 212 777 243; x_wconf 86' lang='lat' dir='ltr'>DE</span> <span class='ocrx_word' id='word_1_4' title='bbox 803 211 1037 242; x_wconf 76' lang='lat' dir='ltr'><strong>ECCLESJA.</strong></span> <span class='ocrx_word' id='word_1_5' title='bbox 1726 204 1807 255; x_wconf 84' lang='lat'>473</span> 
     </span>
    </p>
   </div>
   <div class='ocr_carea' id='block_1_2' title="bbox 59 316 1818 1068">
    <p class='ocr_par' dir='ltr' id='par_1_2' title="bbox 59 316 1812 580">
     <span class='ocr_line' id='line_1_2' title="bbox 59 316 1746 391; baseline -0.004 -34"><span class='ocrx_word' id='word_1_6' title='bbox 59 319 300 373; x_wconf 74' lang='lat' dir='ltr'>13193dquis</span> <span class='ocrx_word' id='word_1_7' title='bbox 344 317 537 368; x_wconf 77' lang='lat' dir='ltr'>inveniet,</span> <span class='ocrx_word' id='word_1_8' title='bbox 583 316 653 355; x_wconf 90' lang='lat' dir='ltr'>ubi</span> <span class='ocrx_word' id='word_1_9' title='bbox 699 316 931 355; x_wconf 89' lang='lat' dir='ltr'>secundum</span> <span class='ocrx_word' id='word_1_10' title='bbox 977 324 1141 355; x_wconf 84' lang='lat' dir='ltr'>sanctos</span> <span class='ocrx_word' id='word_1_11' title='bbox 1188 317 1376 355; x_wconf 81' lang='lat' dir='ltr'>doctores</span> <span class='ocrx_word' id='word_1_12' title='bbox 1416 330 1557 391; x_wconf 81' lang='lat' dir='ltr'>con-B</span> <span class='ocrx_word' id='word_1_13' title='bbox 1586 324 1700 387; x_wconf 44' lang='lat' dir='ltr'>Vflrsc</span> <span class='ocrx_word' id='word_1_14' title='bbox 1704 333 1746 352; x_wconf 93' lang='lat'>10</span> 
     </span>
     <span class='ocr_line' id='line_1_3' title="bbox 208 360 1812 439; baseline -0.003 -13"><span class='ocrx_word' id='word_1_15' title='bbox 208 387 386 427; x_wconf 84' lang='lat' dir='ltr'>corditer</span> <span class='ocrx_word' id='word_1_16' title='bbox 443 394 611 438; x_wconf 85' lang='lat' dir='ltr'>oportet</span> <span class='ocrx_word' id='word_1_17' title='bbox 667 399 740 438; x_wconf 91' lang='lat' dir='ltr'>per</span> <span class='ocrx_word' id='word_1_18' title='bbox 798 385 1018 425; x_wconf 90' lang='lat' dir='ltr'>mulierem</span> <span class='ocrx_word' id='word_1_19' title='bbox 1082 384 1232 424; x_wconf 86' lang='lat' dir='ltr'>fortem</span> <span class='ocrx_word' id='word_1_20' title='bbox 1295 385 1520 439; x_wconf 87' lang='lat' dir='ltr'>intelligere</span> <span class='ocrx_word' id='word_1_21' title='bbox 1561 360 1812 422; x_wconf 49' lang='lat' dir='ltr'>yuioini&#39;imxiice&#39;us</span> 
     </span>
     <span class='ocr_line' id='line_1_4' title="bbox 208 431 1804 509; baseline -0.003 -12"><span class='ocrx_word' id='word_1_22' title='bbox 208 465 397 497; x_wconf 78' lang='lat' dir='ltr'>sanctam</span> <span class='ocrx_word' id='word_1_23' title='bbox 429 465 606 495; x_wconf 87' lang='lat' dir='ltr'>matrem</span> <span class='ocrx_word' id='word_1_24' title='bbox 650 455 879 507; x_wconf 91' lang='lat' dir='ltr'>ecclesiam,</span> <span class='ocrx_word' id='word_1_25' title='bbox 925 456 1022 509; x_wconf 87' lang='lat' dir='ltr'>quia</span> <span class='ocrx_word' id='word_1_26' title='bbox 1066 455 1259 508; x_wconf 76' lang='lat' dir='ltr'>quamvis</span> <span class='ocrx_word' id='word_1_27' title='bbox 1290 456 1521 509; x_wconf 76' lang='lat' dir='ltr'><em>sexaginta</em></span> <span class='ocrx_word' id='word_1_28' title='bbox 1542 431 1742 493; x_wconf 54' lang='lat' dir='ltr'>undgiiiiigii</span> <span class='ocrx_word' id='word_1_29' title='bbox 1754 431 1804 458; x_wconf 75' lang='lat' dir='ltr'>the</span> 
     </span>
     <span class='ocr_line' id='line_1_5' title="bbox 208 525 1522 580; baseline -0.001 -14"><span class='ocrx_word' id='word_1_30' title='bbox 208 527 294 566; x_wconf 81' lang='lat' dir='ltr'>sint</span> <span class='ocrx_word' id='word_1_31' title='bbox 307 526 458 580; x_wconf 78' lang='lat' dir='ltr'><strong><em>regine</em></strong></span> <span class='ocrx_word' id='word_1_32' title='bbox 474 533 512 565; x_wconf 85' lang='lat' dir='ltr'>et</span> <span class='ocrx_word' id='word_1_33' title='bbox 534 526 749 579; x_wconf 77' lang='lat' dir='ltr'>octoginta</span> <span class='ocrx_word' id='word_1_34' title='bbox 771 525 1003 565; x_wconf 82' lang='lat' dir='ltr'><em>concubine</em></span> <span class='ocrx_word' id='word_1_35' title='bbox 1018 525 1522 578; x_wconf 69' lang='lat' dir='ltr'>adoIescentulczrzmzque</span> 
     </span>
    </p>

    <p class='ocr_par' dir='ltr' id='par_1_3' title="bbox 156 594 1818 1068">
     <span class='ocr_line' id='line_1_6' title="bbox 176 594 1523 650; baseline -0.001 -14"><span class='ocrx_word' id='word_1_36' title='bbox 176 608 192 641; x_wconf 87' lang='grc'>5</span> <span class='ocrx_word' id='word_1_37' title='bbox 208 609 292 636; x_wconf 88' lang='lat' dir='ltr'>non</span> <span class='ocrx_word' id='word_1_38' title='bbox 317 602 379 636; x_wconf 83' lang='lat' dir='ltr'>est</span> <span class='ocrx_word' id='word_1_39' title='bbox 401 608 608 635; x_wconf 82' lang='lat' dir='ltr'>numerus</span> <span class='ocrx_word' id='word_1_40' title='bbox 632 595 697 649; x_wconf 79' lang='lat' dir='ltr'>(ut</span> <span class='ocrx_word' id='word_1_41' title='bbox 716 595 865 635; x_wconf 89' lang='lat' dir='ltr'>dicitur</span> <span class='ocrx_word' id='word_1_42' title='bbox 887 594 1163 635; x_wconf 88' lang='lat' dir='ltr'>Canticorum</span> <span class='ocrx_word' id='word_1_43' title='bbox 1187 595 1276 646; x_wconf 78' lang='lat' dir='ltr'>VIO,</span> <span class='ocrx_word' id='word_1_44' title='bbox 1301 594 1359 650; x_wconf 85' lang='lat'>7),</span> <span class='ocrx_word' id='word_1_45' title='bbox 1382 605 1523 635; x_wconf 87' lang='lat' dir='ltr'>tamen</span> 
     </span>
     <span class='ocr_line' id='line_1_7' title="bbox 209 663 1522 720; baseline -0.002 -14"><span class='ocrx_word' id='word_1_46' title='bbox 209 680 256 705; x_wconf 84' lang='lat' dir='ltr'>ex</span> <span class='ocrx_word' id='word_1_47' title='bbox 288 665 485 706; x_wconf 85' lang='lat' dir='ltr'>omnibus</span> <span class='ocrx_word' id='word_1_48' title='bbox 508 665 587 703; x_wconf 85' lang='lat' dir='ltr'>illis</span> <span class='ocrx_word' id='word_1_49' title='bbox 614 673 778 704; x_wconf 86' lang='lat' dir='ltr'>constat</span> <span class='ocrx_word' id='word_1_50' title='bbox 810 678 895 704; x_wconf 84' lang='lat' dir='ltr'>una</span> <span class='ocrx_word' id='word_1_51' title='bbox 929 665 1126 704; x_wconf 78' lang='lat' dir='ltr'>columba</span> <span class='ocrx_word' id='word_1_52' title='bbox 1159 663 1224 720; x_wconf 88' lang='lat' dir='ltr'>(ut</span> <span class='ocrx_word' id='word_1_53' title='bbox 1262 664 1410 705; x_wconf 89' lang='lat' dir='ltr'>dicitur</span> <span class='ocrx_word' id='word_1_54' title='bbox 1446 665 1522 704; x_wconf 90' lang='lat' dir='ltr'>ibi-</span> 
     </span>
     <span class='ocr_line' id='line_1_8' title="bbox 208 733 1523 790; baseline 0 -16"><span class='ocrx_word' id='word_1_55' title='bbox 208 733 337 790; x_wconf 85' lang='lat' dir='ltr'><strong>dem).</strong></span> <span class='ocrx_word' id='word_1_56' title='bbox 385 735 491 784; x_wconf 87' lang='lat' dir='ltr'>Quis</span> <span class='ocrx_word' id='word_1_57' title='bbox 537 748 634 788; x_wconf 86' lang='lat' dir='ltr'>ergo</span> <span class='ocrx_word' id='word_1_58' title='bbox 679 734 862 774; x_wconf 87' lang='lat' dir='ltr'>inveniet</span> <span class='ocrx_word' id='word_1_59' title='bbox 907 735 1077 788; x_wconf 81' lang='lat' dir='ltr'>dignam</span> <span class='ocrx_word' id='word_1_60' title='bbox 1130 734 1355 788; x_wconf 90' lang='lat' dir='ltr'>coniugem</span> <span class='ocrx_word' id='word_1_61' title='bbox 1405 744 1523 775; x_wconf 83' lang='lat' dir='ltr'>tanto</span> 
     </span>
     <span class='ocr_line' id='line_1_9' title="bbox 208 801 1523 858; baseline 0 -14"><span class='ocrx_word' id='word_1_62' title='bbox 208 801 392 858; x_wconf 84' lang='lat' dir='ltr'>sponso?</span> <span class='ocrx_word' id='word_1_63' title='bbox 431 805 484 844; x_wconf 91' lang='lat' dir='ltr'>Et</span> <span class='ocrx_word' id='word_1_64' title='bbox 521 804 685 844; x_wconf 88' lang='lat' dir='ltr'>videtur</span> <span class='ocrx_word' id='word_1_65' title='bbox 722 804 841 857; x_wconf 84' lang='lat' dir='ltr'>quod</span> <span class='ocrx_word' id='word_1_66' title='bbox 873 804 1014 844; x_wconf 87' lang='lat' dir='ltr'>nullus</span> <span class='ocrx_word' id='word_1_67' title='bbox 1045 804 1271 844; x_wconf 89' lang='lat' dir='ltr'>hominum</span> <span class='ocrx_word' id='word_1_68' title='bbox 1306 805 1383 844; x_wconf 91' lang='lat' dir='ltr'>nisi</span> <span class='ocrx_word' id='word_1_69' title='bbox 1421 805 1523 858; x_wconf 86' lang='lat' dir='ltr'>ipse,</span> 
     </span>
     <span class='ocr_line' id='line_1_10' title="bbox 209 873 1525 928; baseline -0.001 -14"><span class='ocrx_word' id='word_1_70' title='bbox 209 889 309 914; x_wconf 91' lang='lat' dir='ltr'>nam</span> <span class='ocrx_word' id='word_1_71' title='bbox 354 874 395 913; x_wconf 87' lang='lat' dir='ltr'>in</span> <span class='ocrx_word' id='word_1_72' title='bbox 441 873 749 914; x_wconf 83' lang='lat' dir='ltr'>constitucione</span> <span class='ocrx_word' id='word_1_73' title='bbox 782 873 908 927; x_wconf 90' lang='lat' dir='ltr'>primi</span> <span class='ocrx_word' id='word_1_74' title='bbox 941 874 1113 914; x_wconf 87' lang='lat' dir='ltr'>carnalis</span> <span class='ocrx_word' id='word_1_75' title='bbox 1147 874 1331 928; x_wconf 85' lang='lat' dir='ltr'>coniugii</span> <span class='ocrx_word' id='word_1_76' title='bbox 1363 875 1525 928; x_wconf 89' lang='lat' dir='ltr'>primus</span> 
     </span>
     <span class='ocr_line' id='line_1_11' title="bbox 156 944 1526 988; baseline 0 -4"><span class='ocrx_word' id='word_1_77' title='bbox 156 967 195 988; x_wconf 85' lang='lat'>10</span> <span class='ocrx_word' id='word_1_78' title='bbox 212 944 365 984; x_wconf 82' lang='lat' dir='ltr'>coniux</span> <span class='ocrx_word' id='word_1_79' title='bbox 403 944 681 984; x_wconf 78' lang='lat' dir='ltr'>concurrebat</span> <span class='ocrx_word' id='word_1_80' title='bbox 718 944 986 984; x_wconf 81' lang='lat' dir='ltr'>materialiter</span> <span class='ocrx_word' id='word_1_81' title='bbox 1026 945 1077 983; x_wconf 90' lang='lat' dir='ltr'>ad</span> <span class='ocrx_word' id='word_1_82' title='bbox 1116 945 1375 984; x_wconf 87' lang='lat' dir='ltr'>causandum</span> <span class='ocrx_word' id='word_1_83' title='bbox 1406 958 1526 985; x_wconf 87' lang='lat' dir='ltr'>suam</span> 
     </span>
     <span class='ocr_line' id='line_1_12' title="bbox 212 1011 1818 1068; baseline 0.002 -15"><span class='ocrx_word' id='word_1_84' title='bbox 212 1014 435 1068; x_wconf 88' lang='lat' dir='ltr'>coniugem</span> <span class='ocrx_word' id='word_1_85' title='bbox 475 1011 540 1068; x_wconf 77' lang='lat' dir='ltr'>(ut</span> <span class='ocrx_word' id='word_1_86' title='bbox 578 1022 692 1067; x_wconf 90' lang='lat' dir='ltr'>patet</span> <span class='ocrx_word' id='word_1_87' title='bbox 730 1013 902 1053; x_wconf 83' lang='lat' dir='ltr'>Genesis</span> <span class='ocrx_word' id='word_1_88' title='bbox 937 1011 1051 1067; x_wconf 78' lang='lat'>1110):</span> <span class='ocrx_word' id='word_1_89' title='bbox 1094 1027 1191 1067; x_wconf 88' lang='lat' dir='ltr'>ergo</span> <span class='ocrx_word' id='word_1_90' title='bbox 1224 1014 1360 1053; x_wconf 87' lang='lat' dir='ltr'>multo</span> <span class='ocrx_word' id='word_1_91' title='bbox 1394 1015 1526 1067; x_wconf 80' lang='lat' dir='ltr'>magis</span> <span class='ocrx_word' id='word_1_92' title='bbox 1542 1021 1647 1050; x_wconf 61' lang='lat' dir='ltr'>Christ</span> <span class='ocrx_word' id='word_1_93' title='bbox 1675 1024 1728 1051; x_wconf 75' lang='lat' dir='ltr'>has</span> <span class='ocrx_word' id='word_1_94' title='bbox 1750 1029 1818 1058; x_wconf 77' lang='lat' dir='ltr'>part</span> 
     </span>
    </p>
   </div>
   <div class='ocr_carea' id='block_1_3' title="bbox 210 1057 1805 1136">
    <p class='ocr_par' dir='ltr' id='par_1_4' title="bbox 210 1057 1805 1136">
     <span class='ocr_line' id='line_1_13' title="bbox 210 1057 1805 1136; baseline -0.001 -14"><span class='ocrx_word' id='word_1_95' title='bbox 210 1084 251 1122; x_wconf 88' lang='lat' dir='ltr'>in</span> <span class='ocrx_word' id='word_1_96' title='bbox 285 1083 358 1123; x_wconf 92' lang='lat' dir='ltr'>illo</span> <span class='ocrx_word' id='word_1_97' title='bbox 393 1083 591 1136; x_wconf 87' lang='lat' dir='ltr'>coniugio</span> <span class='ocrx_word' id='word_1_98' title='bbox 616 1083 753 1123; x_wconf 88' lang='lat' dir='ltr'>celesti</span> <span class='ocrx_word' id='word_1_99' title='bbox 778 1092 945 1136; x_wconf 84' lang='lat' dir='ltr'>oportet</span> <span class='ocrx_word' id='word_1_100' title='bbox 968 1083 1192 1136; x_wconf 88' lang='lat' dir='ltr'>coniugem</span> <span class='ocrx_word' id='word_1_101' title='bbox 1217 1093 1460 1123; x_wconf 90' lang='lat' dir='ltr'>concurrere</span> <span class='ocrx_word' id='word_1_102' title='bbox 1483 1084 1526 1123; x_wconf 90' lang='lat' dir='ltr'>in</span> <span class='ocrx_word' id='word_1_103' title='bbox 1555 1057 1590 1120; x_wconf 57' lang='lat'>{³¹}</span> <span class='ocrx_word' id='word_1_104' title='bbox 1608 1058 1658 1120; x_wconf 75' lang='lat' dir='ltr'>iiise</span> <span class='ocrx_word' id='word_1_105' title='bbox 1676 1059 1805 1133; x_wconf 49' lang='grc' dir='ltr'>Ξῖιῖιίξεὲ</span> 
     </span>
    </p>
   </div>
   <div class='ocr_carea' id='block_1_4' title="bbox 121 1128 1786 2534">
    <p class='ocr_par' dir='ltr' id='par_1_5' title="bbox 121 1128 1786 2534">
     <span class='ocr_line' id='line_1_14' title="bbox 212 1128 1786 1206; baseline -0.001 -13"><span class='ocrx_word' id='word_1_106' title='bbox 212 1167 335 1194; x_wconf 88' lang='lat' dir='ltr'>causa</span> <span class='ocrx_word' id='word_1_107' title='bbox 365 1153 515 1206; x_wconf 88' lang='lat' dir='ltr'>triplici</span> <span class='ocrx_word' id='word_1_108' title='bbox 548 1153 599 1193; x_wconf 89' lang='lat' dir='ltr'>ad</span> <span class='ocrx_word' id='word_1_109' title='bbox 633 1154 890 1193; x_wconf 87' lang='lat' dir='ltr'>causandum</span> <span class='ocrx_word' id='word_1_110' title='bbox 914 1167 1036 1193; x_wconf 90' lang='lat' dir='ltr'>suam</span> <span class='ocrx_word' id='word_1_111' title='bbox 1060 1153 1287 1206; x_wconf 86' lang='lat' dir='ltr'>coniugem</span> <span class='ocrx_word' id='word_1_112' title='bbox 1309 1167 1357 1193; x_wconf 85' lang='lat' dir='ltr'>ex</span> <span class='ocrx_word' id='word_1_113' title='bbox 1380 1162 1527 1193; x_wconf 86' lang='lat' dir='ltr'>natura</span> <span class='ocrx_word' id='word_1_114' title='bbox 1576 1136 1608 1154; x_wconf 59' lang='lat'>³⁵</span> <span class='ocrx_word' id='word_1_115' title='bbox 1629 1130 1730 1190; x_wconf 52' lang='lat' dir='ltr'>Affem</span> <span class='ocrx_word' id='word_1_116' title='bbox 1751 1128 1786 1156; x_wconf 64' lang='lat' dir='ltr'>of</span> 
     </span>
     <span class='ocr_line' id='line_1_15' title="bbox 180 1223 1527 1277; baseline -0.001 -14"><span class='ocrx_word' id='word_1_117' title='bbox 180 1223 398 1277; x_wconf 73' lang='lat' dir='ltr'>langelica</span> <span class='ocrx_word' id='word_1_118' title='bbox 450 1232 488 1263; x_wconf 92' lang='lat' dir='ltr'>et</span> <span class='ocrx_word' id='word_1_119' title='bbox 540 1223 736 1263; x_wconf 89' lang='lat' dir='ltr'>humana.</span> <span class='ocrx_word' id='word_1_120' title='bbox 789 1223 932 1263; x_wconf 88' lang='lat' dir='ltr'>Primo</span> <span class='ocrx_word' id='word_1_121' title='bbox 977 1236 1076 1276; x_wconf 90' lang='lat' dir='ltr'>ergo</span> <span class='ocrx_word' id='word_1_122' title='bbox 1122 1237 1247 1276; x_wconf 88' lang='lat' dir='ltr'>opere</span> <span class='ocrx_word' id='word_1_123' title='bbox 1299 1223 1527 1263; x_wconf 87' lang='lat' dir='ltr'>creacionis</span> 
     </span>
     <span class='ocr_line' id='line_1_16' title="bbox 160 1293 1528 1346; baseline 0.001 -14"><span class='ocrx_word' id='word_1_124' title='bbox 160 1304 195 1337; x_wconf 83' lang='lat'>15</span> <span class='ocrx_word' id='word_1_125' title='bbox 213 1294 447 1333; x_wconf 89' lang='lat' dir='ltr'>secundum</span> <span class='ocrx_word' id='word_1_126' title='bbox 479 1293 668 1333; x_wconf 85' lang='lat' dir='ltr'>raciones</span> <span class='ocrx_word' id='word_1_127' title='bbox 693 1293 949 1346; x_wconf 83' lang='lat' dir='ltr'>exemplares</span> <span class='ocrx_word' id='word_1_128' title='bbox 972 1293 1014 1332; x_wconf 85' lang='lat' dir='ltr'>in</span> <span class='ocrx_word' id='word_1_129' title='bbox 1036 1294 1179 1344; x_wconf 83' lang='lat' dir='ltr'>verbo,</span> <span class='ocrx_word' id='word_1_130' title='bbox 1212 1294 1397 1332; x_wconf 89' lang='lat' dir='ltr'>secundo</span> <span class='ocrx_word' id='word_1_131' title='bbox 1429 1307 1528 1333; x_wconf 85' lang='lat' dir='ltr'>vero</span> 
     </span>
     <span class='ocr_line' id='line_1_17' title="bbox 172 1362 1528 1416; baseline 0 -14"><span class='ocrx_word' id='word_1_132' title='bbox 172 1375 338 1416; x_wconf 66' lang='lat' dir='ltr'>zopere</span> <span class='ocrx_word' id='word_1_133' title='bbox 371 1362 697 1403; x_wconf 88' lang='lat' dir='ltr'>ministracionis</span> <span class='ocrx_word' id='word_1_134' title='bbox 737 1363 972 1402; x_wconf 88' lang='lat' dir='ltr'>secundum</span> <span class='ocrx_word' id='word_1_135' title='bbox 1010 1363 1197 1402; x_wconf 86' lang='lat' dir='ltr'>raciones</span> <span class='ocrx_word' id='word_1_136' title='bbox 1232 1363 1454 1402; x_wconf 83' lang='lat' dir='ltr'>seminales</span> <span class='ocrx_word' id='word_1_137' title='bbox 1485 1363 1528 1402; x_wconf 89' lang='lat' dir='ltr'>in</span> 
     </span>
     <span class='ocr_line' id='line_1_18' title="bbox 171 1432 1528 1486; baseline 0.001 -14"><span class='ocrx_word' id='word_1_138' title='bbox 171 1445 196 1477; x_wconf 86' lang='lat'><strong>3</strong></span> <span class='ocrx_word' id='word_1_139' title='bbox 213 1445 361 1486; x_wconf 86' lang='lat' dir='ltr'>genere</span> <span class='ocrx_word' id='word_1_140' title='bbox 394 1432 596 1483; x_wconf 90' lang='lat' dir='ltr'>humano,</span> <span class='ocrx_word' id='word_1_141' title='bbox 621 1442 659 1472; x_wconf 88' lang='lat' dir='ltr'>et</span> <span class='ocrx_word' id='word_1_142' title='bbox 681 1433 809 1472; x_wconf 84' lang='lat' dir='ltr'>tercio</span> <span class='ocrx_word' id='word_1_143' title='bbox 843 1446 967 1485; x_wconf 89' lang='lat' dir='ltr'>opere</span> <span class='ocrx_word' id='word_1_144' title='bbox 1000 1433 1271 1472; x_wconf 85' lang='lat' dir='ltr'>recreacionis</span> <span class='ocrx_word' id='word_1_145' title='bbox 1294 1433 1336 1471; x_wconf 91' lang='lat' dir='ltr'>in</span> <span class='ocrx_word' id='word_1_146' title='bbox 1360 1432 1528 1473; x_wconf 87' lang='lat' dir='ltr'>Christo</span> 
     </span>
     <span class='ocr_line' id='line_1_19' title="bbox 213 1502 1531 1543; baseline 0.001 -2"><span class='ocrx_word' id='word_1_147' title='bbox 213 1502 321 1542; x_wconf 88' lang='lat' dir='ltr'>facto</span> <span class='ocrx_word' id='word_1_148' title='bbox 376 1502 629 1542; x_wconf 86' lang='lat' dir='ltr'>circulariter</span> <span class='ocrx_word' id='word_1_149' title='bbox 678 1502 757 1542; x_wconf 90' lang='lat' dir='ltr'>ista</span> <span class='ocrx_word' id='word_1_150' title='bbox 809 1503 895 1542; x_wconf 90' lang='lat' dir='ltr'>duo</span> <span class='ocrx_word' id='word_1_151' title='bbox 943 1503 1111 1542; x_wconf 87' lang='lat' dir='ltr'>inventa</span> <span class='ocrx_word' id='word_1_152' title='bbox 1160 1511 1219 1542; x_wconf 89' lang='lat' dir='ltr'>est</span> <span class='ocrx_word' id='word_1_153' title='bbox 1262 1503 1412 1542; x_wconf 88' lang='lat' dir='ltr'>mulier</span> <span class='ocrx_word' id='word_1_154' title='bbox 1455 1503 1531 1543; x_wconf 84' lang='lat' dir='ltr'>ista</span> 
     </span>
     <span class='ocr_line' id='line_1_20' title="bbox 213 1572 1531 1626; baseline 0.001 -15"><span class='ocrx_word' id='word_1_155' title='bbox 213 1572 340 1613; x_wconf 89' lang='lat' dir='ltr'>fortis.</span> <span class='ocrx_word' id='word_1_156' title='bbox 380 1573 491 1611; x_wconf 90' lang='lat' dir='ltr'>Nam</span> <span class='ocrx_word' id='word_1_157' title='bbox 525 1572 760 1612; x_wconf 89' lang='lat' dir='ltr'>secundum</span> <span class='ocrx_word' id='word_1_158' title='bbox 792 1572 908 1612; x_wconf 90' lang='lat' dir='ltr'>illam</span> <span class='ocrx_word' id='word_1_159' title='bbox 940 1581 1104 1626; x_wconf 87' lang='lat' dir='ltr'>partem</span> <span class='ocrx_word' id='word_1_160' title='bbox 1139 1573 1254 1625; x_wconf 89' lang='lat' dir='ltr'>lapsa</span> <span class='ocrx_word' id='word_1_161' title='bbox 1285 1573 1328 1612; x_wconf 87' lang='lat' dir='ltr'>in</span> <span class='ocrx_word' id='word_1_162' title='bbox 1361 1573 1531 1612; x_wconf 87' lang='lat' dir='ltr'>devium</span> 
     </span>
     <span class='ocr_line' id='line_1_21' title="bbox 155 1642 1524 1696; baseline 0.001 -15"><span class='ocrx_word' id='word_1_163' title='bbox 155 1664 196 1686; x_wconf 85' lang='lat'>20</span> <span class='ocrx_word' id='word_1_164' title='bbox 212 1642 370 1693; x_wconf 82' lang='lat' dir='ltr'>erravit,</span> <span class='ocrx_word' id='word_1_165' title='bbox 404 1642 510 1681; x_wconf 84' lang='lat' dir='ltr'>sicut</span> <span class='ocrx_word' id='word_1_166' title='bbox 546 1642 636 1681; x_wconf 89' lang='lat' dir='ltr'>ovis</span> <span class='ocrx_word' id='word_1_167' title='bbox 669 1656 750 1695; x_wconf 89' lang='lat' dir='ltr'>que</span> <span class='ocrx_word' id='word_1_168' title='bbox 782 1642 902 1695; x_wconf 89' lang='lat' dir='ltr'>periit</span> <span class='ocrx_word' id='word_1_169' title='bbox 936 1643 977 1681; x_wconf 92' lang='lat' dir='ltr'>in</span> <span class='ocrx_word' id='word_1_170' title='bbox 1009 1642 1204 1696; x_wconf 88' lang='lat' dir='ltr'>vepribus</span> <span class='ocrx_word' id='word_1_171' title='bbox 1238 1652 1524 1696; x_wconf 87' lang='lat' dir='ltr'>peccatorum,</span> 
     </span>
     <span class='ocr_line' id='line_1_22' title="bbox 213 1710 1529 1767; baseline 0.002 -16"><span class='ocrx_word' id='word_1_172' title='bbox 213 1720 253 1751; x_wconf 92' lang='lat' dir='ltr'>et</span> <span class='ocrx_word' id='word_1_173' title='bbox 286 1710 350 1766; x_wconf 86' lang='lat' dir='ltr'>(ut</span> <span class='ocrx_word' id='word_1_174' title='bbox 382 1711 534 1752; x_wconf 89' lang='lat' dir='ltr'>dicitur</span> <span class='ocrx_word' id='word_1_175' title='bbox 564 1712 738 1751; x_wconf 87' lang='lat' dir='ltr'>Matthei</span> <span class='ocrx_word' id='word_1_176' title='bbox 782 1712 952 1763; x_wconf 83' lang='lat' dir='ltr'>XV1110‚</span> <span class='ocrx_word' id='word_1_177' title='bbox 1000 1710 1061 1767; x_wconf 85' lang='lat'>12)</span> <span class='ocrx_word' id='word_1_178' title='bbox 1095 1721 1239 1765; x_wconf 86' lang='lat' dir='ltr'>pastor</span> <span class='ocrx_word' id='word_1_179' title='bbox 1271 1722 1310 1753; x_wconf 89' lang='lat' dir='ltr'>et</span> <span class='ocrx_word' id='word_1_180' title='bbox 1348 1727 1529 1766; x_wconf 87' lang='lat' dir='ltr'>sponsus</span> 
     </span>
     <span class='ocr_line' id='line_1_23' title="bbox 212 1781 1532 1836; baseline 0.002 -16"><span class='ocrx_word' id='word_1_181' title='bbox 212 1781 394 1821; x_wconf 84' lang='lat' dir='ltr'>dimissis</span> <span class='ocrx_word' id='word_1_182' title='bbox 439 1781 672 1833; x_wconf 86' lang='lat' dir='ltr'>nonaginta</span> <span class='ocrx_word' id='word_1_183' title='bbox 719 1795 875 1821; x_wconf 89' lang='lat' dir='ltr'>novem</span> <span class='ocrx_word' id='word_1_184' title='bbox 907 1782 1055 1821; x_wconf 87' lang='lat' dir='ltr'>ovibus</span> <span class='ocrx_word' id='word_1_185' title='bbox 1088 1782 1130 1821; x_wconf 92' lang='lat' dir='ltr'>in</span> <span class='ocrx_word' id='word_1_186' title='bbox 1163 1783 1328 1835; x_wconf 87' lang='lat' dir='ltr'>pascuis</span> <span class='ocrx_word' id='word_1_187' title='bbox 1367 1797 1532 1836; x_wconf 87' lang='lat' dir='ltr'>semper</span> 
     </span>
     <span class='ocr_line' id='line_1_24' title="bbox 211 1851 1530 1904; baseline 0.001 -14"><span class='ocrx_word' id='word_1_188' title='bbox 211 1852 441 1891; x_wconf 85' lang='lat' dir='ltr'>virentibus</span> <span class='ocrx_word' id='word_1_189' title='bbox 473 1851 517 1890; x_wconf 89' lang='lat' dir='ltr'>in</span> <span class='ocrx_word' id='word_1_190' title='bbox 550 1852 638 1891; x_wconf 92' lang='lat' dir='ltr'>celo</span> <span class='ocrx_word' id='word_1_191' title='bbox 672 1851 880 1904; x_wconf 87' lang='lat' dir='ltr'>perditam</span> <span class='ocrx_word' id='word_1_192' title='bbox 924 1865 1049 1891; x_wconf 89' lang='lat' dir='ltr'>ovem</span> <span class='ocrx_word' id='word_1_193' title='bbox 1089 1851 1246 1892; x_wconf 86' lang='lat' dir='ltr'>invenit</span> <span class='ocrx_word' id='word_1_194' title='bbox 1275 1862 1314 1892; x_wconf 89' lang='lat' dir='ltr'>et</span> <span class='ocrx_word' id='word_1_195' title='bbox 1348 1853 1530 1892; x_wconf 84' lang='lat' dir='ltr'>humeris</span> 
     </span>
     <span class='ocr_line' id='line_1_25' title="bbox 213 1920 1533 1975; baseline 0.002 -15"><span class='ocrx_word' id='word_1_196' title='bbox 213 1920 297 1960; x_wconf 88' lang='lat' dir='ltr'>suis</span> <span class='ocrx_word' id='word_1_197' title='bbox 331 1921 472 1960; x_wconf 91' lang='lat' dir='ltr'>labore</span> <span class='ocrx_word' id='word_1_198' title='bbox 505 1929 545 1961; x_wconf 91' lang='lat' dir='ltr'>et</span> <span class='ocrx_word' id='word_1_199' title='bbox 576 1921 800 1974; x_wconf 87' lang='lat' dir='ltr'>penalitate</span> <span class='ocrx_word' id='word_1_200' title='bbox 833 1921 970 1962; x_wconf 89' lang='lat' dir='ltr'>debita</span> <span class='ocrx_word' id='word_1_201' title='bbox 992 1922 1231 1975; x_wconf 81' lang='lat' dir='ltr'>reportavit.</span> <span class='ocrx_word' id='word_1_202' title='bbox 1257 1923 1342 1962; x_wconf 92' lang='lat' dir='ltr'>Nec</span> <span class='ocrx_word' id='word_1_203' title='bbox 1365 1932 1533 1963; x_wconf 81' lang='lat' dir='ltr'>moveat</span> 
     </span>
     <span class='ocr_line' id='line_1_26' title="bbox 157 1991 1531 2045; baseline 0.001 -15"><span class='ocrx_word' id='word_1_204' title='bbox 157 2003 196 2036; x_wconf 86' lang='lat'>25</span> <span class='ocrx_word' id='word_1_205' title='bbox 213 1992 332 2044; x_wconf 85' lang='lat' dir='ltr'>quod</span> <span class='ocrx_word' id='word_1_206' title='bbox 384 1991 528 2031; x_wconf 88' lang='lat' dir='ltr'>beatus</span> <span class='ocrx_word' id='word_1_207' title='bbox 574 1991 840 2045; x_wconf 84' lang='lat' dir='ltr'>Augustinus</span> <span class='ocrx_word' id='word_1_208' title='bbox 891 1991 933 2030; x_wconf 89' lang='lat' dir='ltr'>in</span> <span class='ocrx_word' id='word_1_209' title='bbox 986 2000 1162 2032; x_wconf 88' lang='lat' dir='ltr'>tractatu</span> <span class='ocrx_word' id='word_1_210' title='bbox 1209 1992 1335 2032; x_wconf 91' lang='lat' dir='ltr'>huius</span> <span class='ocrx_word' id='word_1_211' title='bbox 1384 1993 1531 2033; x_wconf 86' lang='lat' dir='ltr'>cantici</span> 
     </span>
     <span class='ocr_line' id='line_1_27' title="bbox 121 2059 1530 2116; baseline 0.001 -16"><span class='ocrx_word' id='word_1_212' title='bbox 121 2077 199 2116; x_wconf 66' lang='lat'>194³</span> <span class='ocrx_word' id='word_1_213' title='bbox 215 2061 314 2100; x_wconf 89' lang='lat' dir='ltr'>dicit</span> <span class='ocrx_word' id='word_1_214' title='bbox 357 2062 473 2114; x_wconf 88' lang='lat' dir='ltr'>quod</span> <span class='ocrx_word' id='word_1_215' title='bbox 515 2061 590 2101; x_wconf 82' lang='lat' dir='ltr'>hec</span> <span class='ocrx_word' id='word_1_216' title='bbox 638 2062 796 2102; x_wconf 82' lang='lat' dir='ltr'>mulier</span> <span class='ocrx_word' id='word_1_217' title='bbox 839 2059 1116 2102; x_wconf 53' lang='lat' dir='ltr'>estsscz‘vz‘tas</span> <span class='ocrx_word' id='word_1_218' title='bbox 1158 2075 1293 2115; x_wconf 75' lang='lat' dir='ltr'>supra</span> <span class='ocrx_word' id='word_1_219' title='bbox 1348 2070 1530 2103; x_wconf 79' lang='lat' dir='ltr'>montem</span> 
     </span>
     <span class='ocr_line' id='line_1_28' title="bbox 206 2130 1531 2185; baseline 0.002 -16"><span class='ocrx_word' id='word_1_220' title='bbox 206 2131 351 2183; x_wconf 79' lang='lat' dir='ltr'>posita</span> <span class='ocrx_word' id='word_1_221' title='bbox 386 2143 512 2183; x_wconf 79' lang='lat' dir='ltr'>quam</span> <span class='ocrx_word' id='word_1_222' title='bbox 538 2130 712 2185; x_wconf 66' lang='lat' dir='ltr'>dfffiCile</span> <span class='ocrx_word' id='word_1_223' title='bbox 744 2138 806 2171; x_wconf 82' lang='lat' dir='ltr'>est</span> <span class='ocrx_word' id='word_1_224' title='bbox 839 2132 1013 2173; x_wconf 75' lang='lat' dir='ltr'>nescire.</span> <span class='ocrx_word' id='word_1_225' title='bbox 1038 2132 1242 2172; x_wconf 87' lang='lat' dir='ltr'>Videmus</span> <span class='ocrx_word' id='word_1_226' title='bbox 1266 2132 1378 2172; x_wconf 90' lang='lat' dir='ltr'>enim</span> <span class='ocrx_word' id='word_1_227' title='bbox 1401 2133 1531 2172; x_wconf 89' lang='lat' dir='ltr'>modo</span> 
     </span>
     <span class='ocr_line' id='line_1_29' title="bbox 213 2199 1532 2256; baseline 0.002 -17"><span class='ocrx_word' id='word_1_228' title='bbox 213 2214 287 2253; x_wconf 90' lang='lat' dir='ltr'>per</span> <span class='ocrx_word' id='word_1_229' title='bbox 318 2199 446 2239; x_wconf 91' lang='lat' dir='ltr'>fidem</span> <span class='ocrx_word' id='word_1_230' title='bbox 480 2202 714 2241; x_wconf 86' lang='lat' dir='ltr'>secundum</span> <span class='ocrx_word' id='word_1_231' title='bbox 745 2216 874 2255; x_wconf 85' lang='lat' dir='ltr'>quam</span> <span class='ocrx_word' id='word_1_232' title='bbox 902 2211 1121 2256; x_wconf 86' lang='lat' dir='ltr'>tamquam</span> <span class='ocrx_word' id='word_1_233' title='bbox 1143 2203 1282 2242; x_wconf 90' lang='lat' dir='ltr'>lucem</span> <span class='ocrx_word' id='word_1_234' title='bbox 1304 2204 1532 2242; x_wconf 82' lang='lat' dir='ltr'>secundam</span> 
     </span>
     <span class='ocr_line' id='line_1_30' title="bbox 213 2269 1529 2326; baseline 0.003 -18"><span class='ocrx_word' id='word_1_235' title='bbox 213 2269 423 2309; x_wconf 88' lang='lat' dir='ltr'>illuminat</span> <span class='ocrx_word' id='word_1_236' title='bbox 454 2271 679 2322; x_wconf 90' lang='lat' dir='ltr'>mundum,</span> <span class='ocrx_word' id='word_1_237' title='bbox 720 2270 874 2311; x_wconf 88' lang='lat' dir='ltr'>faciens</span> <span class='ocrx_word' id='word_1_238' title='bbox 908 2285 985 2310; x_wconf 85' lang='lat' dir='ltr'>nos</span> <span class='ocrx_word' id='word_1_239' title='bbox 1017 2273 1155 2312; x_wconf 90' lang='lat' dir='ltr'>luscos</span> <span class='ocrx_word' id='word_1_240' title='bbox 1199 2272 1368 2311; x_wconf 88' lang='lat' dir='ltr'>tenebra</span> <span class='ocrx_word' id='word_1_241' title='bbox 1410 2273 1529 2326; x_wconf 86' lang='lat' dir='ltr'>igno-</span> 
     </span>
     <span class='ocr_line' id='line_1_31' title="bbox 158 2338 1529 2394; baseline 0.003 -17"><span class='ocrx_word' id='word_1_242' title='bbox 158 2351 199 2383; x_wconf 80' lang='lat'>30</span> <span class='ocrx_word' id='word_1_243' title='bbox 213 2339 349 2378; x_wconf 90' lang='lat' dir='ltr'>rancie</span> <span class='ocrx_word' id='word_1_244' title='bbox 397 2338 638 2379; x_wconf 87' lang='lat' dir='ltr'>obfuscatos</span> <span class='ocrx_word' id='word_1_245' title='bbox 670 2340 809 2380; x_wconf 89' lang='lat' dir='ltr'>videre</span> <span class='ocrx_word' id='word_1_246' title='bbox 842 2355 934 2380; x_wconf 89' lang='lat' dir='ltr'>eam</span> <span class='ocrx_word' id='word_1_247' title='bbox 967 2341 1233 2394; x_wconf 88' lang='lat' dir='ltr'>speculariter</span> <span class='ocrx_word' id='word_1_248' title='bbox 1264 2351 1304 2382; x_wconf 91' lang='lat' dir='ltr'>et</span> <span class='ocrx_word' id='word_1_249' title='bbox 1341 2343 1529 2393; x_wconf 85' lang='lat' dir='ltr'>obscure,</span> 
     </span>
     <span class='ocr_line' id='line_1_32' title="bbox 215 2408 1530 2465; baseline 0.003 -18"><span class='ocrx_word' id='word_1_250' title='bbox 215 2408 270 2448; x_wconf 91' lang='lat' dir='ltr'>sic</span> <span class='ocrx_word' id='word_1_251' title='bbox 303 2410 418 2462; x_wconf 87' lang='lat' dir='ltr'>quod</span> <span class='ocrx_word' id='word_1_252' title='bbox 451 2409 693 2462; x_wconf 86' lang='lat' dir='ltr'>ignoramus</span> <span class='ocrx_word' id='word_1_253' title='bbox 728 2412 870 2464; x_wconf 87' lang='lat' dir='ltr'>quoad</span> <span class='ocrx_word' id='word_1_254' title='bbox 901 2410 1102 2451; x_wconf 87' lang='lat' dir='ltr'>noticiam</span> <span class='ocrx_word' id='word_1_255' title='bbox 1134 2410 1373 2450; x_wconf 87' lang='lat' dir='ltr'>distinctam</span> <span class='ocrx_word' id='word_1_256' title='bbox 1396 2420 1530 2465; x_wconf 85' lang='lat' dir='ltr'>partes</span> 
     </span>
     <span class='ocr_line' id='line_1_33' title="bbox 215 2478 1532 2534; baseline 0.003 -17"><span class='ocrx_word' id='word_1_257' title='bbox 215 2478 398 2530; x_wconf 88' lang='lat' dir='ltr'>ecclesie,</span> <span class='ocrx_word' id='word_1_258' title='bbox 438 2478 543 2518; x_wconf 88' lang='lat' dir='ltr'>sicut</span> <span class='ocrx_word' id='word_1_259' title='bbox 581 2479 727 2519; x_wconf 87' lang='lat' dir='ltr'>videns</span> <span class='ocrx_word' id='word_1_260' title='bbox 761 2480 970 2520; x_wconf 88' lang='lat' dir='ltr'>civitatem</span> <span class='ocrx_word' id='word_1_261' title='bbox 1002 2481 1247 2534; x_wconf 84' lang='lat' dir='ltr'>longinque,</span> <span class='ocrx_word' id='word_1_262' title='bbox 1281 2481 1454 2521; x_wconf 88' lang='lat' dir='ltr'>confuse</span> <span class='ocrx_word' id='word_1_263' title='bbox 1493 2490 1532 2522; x_wconf 90' lang='lat' dir='ltr'>et</span> 
     </span>
    </p>
   </div>
   <div class='ocr_carea' id='block_1_5' title="bbox 213 2614 1531 2698">
    <p class='ocr_par' dir='ltr' id='par_1_6' title="bbox 213 2614 1531 2698">
     <span class='ocr_line' id='line_1_34' title="bbox 266 2614 1531 2652; baseline 0.004 -11"><span class='ocrx_word' id='word_1_264' title='bbox 266 2622 308 2648; x_wconf 83' lang='lat'>14.</span> <span class='ocrx_word' id='word_1_265' title='bbox 329 2615 357 2642; x_wconf 93' lang='lat' dir='ltr'>A</span> <span class='ocrx_word' id='word_1_266' title='bbox 377 2614 409 2641; x_wconf 91' lang='lat' dir='ltr'>in</span> <span class='ocrx_word' id='word_1_267' title='bbox 426 2622 543 2649; x_wconf 59' lang='lat' dir='ltr'>marg:</span> <span class='ocrx_word' id='word_1_268' title='bbox 564 2615 645 2642; x_wconf 85' lang='lat' dir='ltr'>Nota</span> <span class='ocrx_word' id='word_1_269' title='bbox 666 2615 702 2642; x_wconf 87' lang='lat' dir='ltr'>de</span> <span class='ocrx_word' id='word_1_270' title='bbox 717 2615 864 2651; x_wconf 82' lang='lat' dir='ltr'>coniugio</span> <span class='ocrx_word' id='word_1_271' title='bbox 884 2616 1162 2652; x_wconf 73' lang='lat' dir='ltr'>(superscriptumz</span> <span class='ocrx_word' id='word_1_272' title='bbox 1183 2617 1394 2652; x_wconf 83' lang='lat' dir='ltr'>matrimonio)</span> <span class='ocrx_word' id='word_1_273' title='bbox 1416 2617 1531 2646; x_wconf 86' lang='lat' dir='ltr'>Christi</span> 
     </span>
     <span class='ocr_line' id='line_1_35' title="bbox 213 2660 1264 2698; baseline 0.004 -11"><span class='ocrx_word' id='word_1_274' title='bbox 213 2664 243 2687; x_wconf 88' lang='lat' dir='ltr'>et</span> <span class='ocrx_word' id='word_1_275' title='bbox 262 2668 379 2696; x_wconf 83' lang='lat' dir='ltr'>sponsa</span> <span class='ocrx_word' id='word_1_276' title='bbox 401 2661 530 2688; x_wconf 87' lang='lat' dir='ltr'>ecclesie</span> <span class='ocrx_word' id='word_1_277' title='bbox 549 2660 666 2694; x_wconf 86' lang='lat' dir='ltr'>(Below</span> <span class='ocrx_word' id='word_1_278' title='bbox 686 2660 752 2696; x_wconf 75' lang='lat'>193&lt;1</span> <span class='ocrx_word' id='word_1_279' title='bbox 771 2662 902 2689; x_wconf 86' lang='lat' dir='ltr'>without</span> <span class='ocrx_word' id='word_1_280' title='bbox 922 2663 1011 2690; x_wconf 89' lang='lat' dir='ltr'>mark</span> <span class='ocrx_word' id='word_1_281' title='bbox 1031 2662 1066 2690; x_wconf 85' lang='lat' dir='ltr'>of</span> <span class='ocrx_word' id='word_1_282' title='bbox 1084 2663 1264 2698; x_wconf 84' lang='lat' dir='ltr'>reference).</span> 
     </span>
    </p>
   </div>
   <div class='ocr_carea' id='block_1_6' title="bbox 212 2767 1530 2867">
    <p class='ocr_par' dir='ltr' id='par_1_7' title="bbox 212 2767 1530 2867">
     <span class='ocr_line' id='line_1_36' title="bbox 274 2767 1530 2813; baseline 0.004 -15"><span class='ocrx_word' id='word_1_283' title='bbox 274 2767 325 2799; x_wconf 88' lang='lat'>25.</span> <span class='ocrx_word' id='word_1_284' title='bbox 353 2768 442 2810; x_wconf 87' lang='lat' dir='ltr'>Aug.</span> <span class='ocrx_word' id='word_1_285' title='bbox 470 2770 594 2800; x_wconf 86' lang='lat' dir='ltr'>Sermo</span> <span class='ocrx_word' id='word_1_286' title='bbox 624 2769 778 2800; x_wconf 89' lang='lat' dir='ltr'>XXXVII</span> <span class='ocrx_word' id='word_1_287' title='bbox 806 2768 849 2800; x_wconf 91' lang='lat' dir='ltr'>de</span> <span class='ocrx_word' id='word_1_288' title='bbox 874 2769 977 2800; x_wconf 89' lang='lat' dir='ltr'>Prov.</span> <span class='ocrx_word' id='word_1_289' title='bbox 1004 2779 1077 2812; x_wconf 87' lang='lat' dir='ltr'>cap.</span> <span class='ocrx_word' id='word_1_290' title='bbox 1103 2770 1224 2811; x_wconf 88' lang='lat' dir='ltr'>XXXI,</span> <span class='ocrx_word' id='word_1_291' title='bbox 1260 2770 1350 2813; x_wconf 89' lang='lat' dir='ltr'>Opp.</span> <span class='ocrx_word' id='word_1_292' title='bbox 1378 2778 1462 2803; x_wconf 85' lang='lat' dir='ltr'>tom.</span> <span class='ocrx_word' id='word_1_293' title='bbox 1490 2773 1530 2811; x_wconf 81' lang='lat' dir='ltr'>V,</span> 
     </span>
     <span class='ocr_line' id='line_1_37' title="bbox 212 2826 394 2867; baseline 0.011 -11"><span class='ocrx_word' id='word_1_294' title='bbox 212 2835 290 2867; x_wconf 86' lang='lat' dir='ltr'>pag.</span> <span class='ocrx_word' id='word_1_295' title='bbox 321 2826 394 2858; x_wconf 85' lang='lat'>181.</span> 
     </span>
    </p>
   </div>
  </div>
 </body>
</html>
