2051 3273
238 223 317 264 336
952 231 1173 263 JOHANNIS
1203 231 1397 264 WYCLIF.
1636 219 1742 277 [CAP.
1765 227 1831 256 xv.

275 357 310 376 or
329 350 393 376 that
412 347 462 375 the
582 337 667 375 Nec
698 336 807 375 valet
851 336 983 375 dicere
1016 336 1131 388 quod
1170 335 1369 374 merendo
1414 335 1541 374 talem
1572 336 1978 389 ablacionem175dF

241 384 502 454 clzrggyssuccehasgyto
522 405 654 444 homo
687 405 837 444 desinit
875 418 962 444 esse
994 405 1138 455 clerus,
1182 413 1272 443 tum
1318 403 1416 456 quia
1459 404 1539 443 hoc
1583 414 1643 445 est
1690 414 1834 445 contra

264 454 475 524 piiriiseiiiiissfft.
523 475 704 527 primam
736 473 1094 527 supposicionem,
1133 487 1231 513 cum
1263 482 1442 513 caracter
1474 474 1629 513 ordinis
1673 475 1724 514 sit
1769 475 1831 514 in-

523 543 721 595 delebilis,
753 551 845 582 tum
879 542 975 596 quia
1007 545 1063 583 sic
1095 543 1216 596 pauci
1248 543 1313 582 vel
1355 542 1458 582 nulli
1491 543 1624 583 clerici
1668 558 1832 596 posses-

523 612 672 651 sionati
717 613 914 652 docerent
958 612 1142 665 legitime
1186 612 1300 665 quod
1345 613 1573 665 gauderent
1616 612 1866 666 privilegio5

522 681 587 720 vel
620 681 882 733 possessione
915 696 963 721 ex
994 682 1118 721 titulo
1150 681 1378 733 clericatus,
1424 682 1541 734 quod
1584 681 1707 721 nim-is
1740 695 1832 734 pre-

522 750 720 790 iudicaret
752 750 887 789 ordini
920 760 1076 791 nostro.
1117 751 1202 790 Nec
1235 759 1294 789 est
1329 750 1432 789 mihi
1463 750 1684 790 veriSimile
1718 751 1834 804 quod

522 821 669 859 doctor
700 821 822 859 stabit
852 820 893 858 in
933 820 1028 872 isto,
1074 834 1171 860 cum
1204 820 1420 860 conclusio
1466 834 1539 859 sua
1569 820 1693 860 tercia
1737 820 1835 860 dicit

522 891 637 942 quod
671 889 774 929 nulli
806 903 922 942 reges
953 890 1104 942 Anglie
1135 889 1383 942 temporalia
1426 903 1449 928 a
1480 890 1589 929 clero
1633 903 1711 929 suo
1755 903 1832 928 un-

522 973 649 1012 quam
682 959 865 1012 legitime
897 959 1170 1011 abstulerunt,
1216 969 1255 999 et
1300 973 1397 999 cum
1429 959 1577 1012 aliquis
1625 973 1673 999 ex
1704 959 1833 999 dubio
1854 982 1892 1004 10

521 1028 599 1068 fuit
630 1042 705 1081 pro
737 1028 878 1081 aliquo
911 1038 1099 1081 tempore
1129 1028 1261 1068 fidelis
1296 1029 1465 1068 clericus
1496 1028 1601 1081 regis
1633 1038 1673 1068 et
1693 1037 1835 1068 tamen

522 1108 667 1151 postea
699 1098 892 1138 decidens
921 1113 943 1138 a
976 1099 1168 1138 clericatu
1192 1098 1408 1138 meritorio
1441 1107 1480 1138 et
1501 1098 1697 1138 fidelitate
1729 1099 1835 1152 regis

523 1168 674 1207 meruit
705 1178 802 1221 post
834 1178 879 1208 ut
910 1183 982 1221 per
1013 1183 1153 1222 regem
1185 1183 1258 1209 sua
1290 1169 1537 1221 temporalia
1583 1168 1833 1209 auferantur.

523 1238 588 1277 Sic
612 1239 721 1277 enim
746 1238 825 1278 fuit
850 1239 899 1277 de
922 1239 1111 1278 Scarioth
1135 1239 1275 1292 quoad
1299 1238 1515 1278 Christum
1544 1247 1582 1277 et
1605 1238 1661 1277 sic
1684 1246 1834 1277 notum

522 1317 584 1347 est
616 1309 824 1361 quosdam
856 1308 1025 1347 clericos
1057 1309 1307 1362 alienigenas
1340 1317 1560 1360 promotos
1598 1307 1640 1346 in
1682 1307 1890 1359 Anglia15

523 1378 771 1417 coniunctos
804 1391 900 1417 cum
932 1377 1122 1417 hostibus
1155 1387 1250 1430 post
1270 1391 1412 1430 regem
1435 1376 1586 1430 Anglie
1618 1375 1831 1416 defidasse.

580 1449 641 1486 Ex
673 1447 759 1486 istis
792 1448 975 1486 secundo
1015 1447 1202 1500 arguitur
1246 1448 1360 1500 quod
1391 1448 1549 1486 nedum
1581 1446 1720 1499 potuit
1763 1446 1834 1484 sed

522 1516 660 1556 decuit
693 1530 790 1555 eum
813 1516 871 1556 sic
894 1517 1058 1556 dotasse
1082 1516 1310 1567 ecclesiam,
1343 1525 1390 1556 ut
1419 1516 1530 1555 licite
1562 1524 1704 1568 posset
1735 1515 1832 1554 sub-

524 1586 682 1625 trahere
715 1586 964 1625 elemosinas
1003 1600 1098 1625 suas
1142 1587 1184 1625 in
1217 1600 1313 1625 casu
1359 1599 1445 1639 quo
1488 1599 1631 1624 earum
1678 1586 1833 1625 abusus

521 1665 661 1708 vergat
694 1656 745 1694 ad
778 1656 1078 1696 detrimentum
1116 1656 1230 1709 regni
1275 1664 1313 1695 et
1346 1655 1677 1695 subtraccionem
1709 1668 1831 1694 evan·
1849 1675 1891 1696 20

522 1726 636 1778 gelii3
676 1734 715 1765 et
748 1725 901 1765 scimus
934 1739 1010 1778 pro
1043 1735 1233 1778 tempore
1266 1734 1493 1778 antequam
1526 1724 1717 1764 Britones
1738 1723 1764 1751 ²¹⁴
1796 1732 1931 1777 et176⁸

522 1795 705 1834 Saxones
751 1796 948 1835 dotarunt
991 1794 1206 1835 ecclesiam
1260 1794 1325 1833 vel
1369 1794 1481 1833 enim
1531 1794 1608 1833 fuit
1663 1793 1833 1833 ecclesia

522 1873 664 1904 nostra
696 1865 851 1918 dotata,
895 1874 934 1904 et
964 1864 1130 1904 interim
1160 1873 1351 1917 tempore
1383 1864 1595 1903 Saxonum
1629 1872 1723 1903 ante
1761 1863 1832 1902 ad-

521 1942 695 1973 ventum
728 1934 954 1986 Augustini
988 1933 1064 1973 fuit
1095 1933 1196 1973 fides
1231 1933 1384 1973 Christi
1426 1932 1648 1972 infideliter
1679 1942 1831 1985 preter-

242 2015 346 2044 These
367 2017 494 2043 endow-
521 2003 661 2054 missa,
699 2012 798 2042 tunc
846 2003 911 2042 isti
943 2003 1151 2056 principes
1195 2003 1334 2055 primo
1382 2003 1572 2042 dotantes
1617 2002 1832 2042 ecclesiam
1850 2013 1888 2044 25

236 2056 506 2113 firsssiessigd‘geffier
521 2082 708 2112 nostram
741 2087 828 2112 non
860 2082 976 2112 erant
998 2072 1102 2112 moti
1127 2072 1202 2111 nisi
1228 2072 1350 2111 titulo
1373 2072 1654 2111 misericordie
1677 2072 1832 2110 donare

246 2120 496 2190 mgffgfflii'nge.⁰f
521 2144 615 2195 plus
647 2143 711 2183 vel
735 2143 874 2182 minus
897 2152 1036 2182 nostre
1067 2142 1234 2182 ecclesie
1267 2151 1312 2181 ut
1341 2155 1416 2180 nec
1446 2155 1570 2181 cesar.
1600 2142 1833 2180 Potuerunt

522 2227 620 2265 ergo
654 2212 814 2252 dedisse
852 2213 961 2252 clero
993 2220 1138 2251 nostro
1179 2220 1385 2265 quantum
1429 2210 1697 2259 decreverint,
1745 2210 1830 2249 adi-

522 2283 670 2321 ciendo
703 2296 1002 2335 quamcunque
1035 2281 1326 2321 condicionem
1359 2281 1581 2320 honestam
1609 2279 1831 2331 voluerint,

522 2353 593 2391 sed
624 2360 849 2404 potuerant
893 2365 991 2391 cum
1023 2351 1256 2391 donacione
1301 2365 1376 2390 sua
1407 2351 1593 2404 primeva
1637 2349 1831 2389 adiecisse
1847 2361 1888 2393 30

521 2421 815 2461 condicionem
859 2421 1081 2461 honestam
1125 2421 1241 2474 quod
1288 2420 1563 2460 elemosinarii
1602 2433 1687 2458 non
1733 2432 1830 2458 con-

572 2590 592 2609 1.
614 2583 642 2609 A
662 2582 691 2609 in
714 2590 828 2616 marg:
849 2581 961 2608 Ficcio.
1075 2589 1114 2616 17.
1136 2582 1163 2608 A
1184 2581 1213 2608 in
1234 2588 1351 2614 marg:
1372 2580 1514 2607 Secunda
1534 2581 1627 2607 racio.
1738 2587 1776 2606 21.
1798 2580 1830 2605 In

520 2629 599 2656 codd
621 2638 628 2655 z
670 2628 778 2656 simus,
929 2636 975 2659 20.
1006 2628 1050 2655 A:
1092 2628 1253 2655 adiciendo
1289 2631 1579 2662 quantumcmique;
1618 2626 1771 2653 voluerint
1799 2640 1833 2645 —-

521 2676 680 2702 honestam
703 2675 798 2702 deest.

586 2804 634 2834 17.
662 2794 788 2836 Comp.
809 2793 894 2832 Hus,
924 2793 973 2824 De
1000 2793 1179 2825 ablacione
1198 2792 1373 2824 bonorum
1394 2791 1641 2834 temporalium
1668 2792 1690 2823 l.
1717 2791 1831 2842 c..s01.

521 2849 666 2882 CXXII'R
