2051 3273
226 211 314 240 CAP.
336 203 432 257 xix]
726 215 785 246 DE
813 214 1045 246 ECCiAEsm.
1741 205 1825 258 457

74 330 109 361 V
132 330 209 373 1932
224 320 274 357 ad
307 320 563 358 credendum
595 318 675 357 hoc
709 327 848 358 totum
883 317 1041 357 factum
1064 317 1188 356 fuisse
1221 317 1417 356 illusione
1450 318 1534 356 dia-

223 388 321 439 boli,
367 397 405 428 et
450 389 573 427 credo
619 389 735 440 quod
780 400 907 426 nemo
961 386 1082 426 faciet
1129 386 1389 426 evidenciam
1434 387 1535 440 quin

221 458 316 496 licet
359 456 551 496 fidelibus
585 456 747 509 opinari
787 457 902 509 quod
948 455 1145 495 feretrum
1193 469 1300 508 pape
1345 455 1535 494 bellantis

222 526 469 566 translatum
502 525 580 565 fuit
612 526 652 564 in
686 525 903 565 ecclesiam
937 534 1021 564 arte
1061 525 1243 578 dyaboli.
1278 526 1364 565 Nec
1398 525 1535 578 sequi-

188 604 287 638 §tur
319 610 367 634 ex
398 595 607 634 sentencia
642 595 867 648 Augustini
908 596 1023 648 quod
1066 595 1270 647 scriptura
1303 596 1338 634 ΙΟ
1370 596 1537 648 Regum

219 666 435 705 XXVIIIvo
471 666 521 705 sit
561 665 673 715 falsa,
716 665 812 718 quia
853 664 951 704 dicit
983 665 1099 718 quod
1139 678 1297 704 nomen
1330 664 1535 704 Samuelis

220 735 355 788 signat
412 735 648 774 translative
701 735 932 788 dyabolum
983 734 1254 787 figurantem;
1315 734 1372 773 sic
1425 734 1537 773 enim

221 805 370 845 dicitur
393 805 406 843 I
428 804 628 844 Johannis
651 805 722 855 VO,
748 804 770 842 8
796 805 910 857 quod
932 804 1123 856 spiritus,
1158 817 1271 856 aqua
1296 810 1333 842 et
1353 806 1535 857 sanguis

224 888 353 914 unum
399 881 500 914 sunt
543 874 583 912 in
619 872 773 923 officio,
819 873 1078 926 designando
1124 873 1354 913 trinitatem
1398 873 1536 912 divine

168 963 206 984 10
222 943 417 994 essencie‚
466 952 504 982 et
548 943 588 982 in
629 943 846 982 communi
886 944 1018 982 modo
1051 942 1252 996 loquendi
1285 942 1536 994 pretendens

222 1026 446 1065 personam
484 1012 651 1051 alterius
683 1022 856 1052 vocatur
888 1012 1061 1051 nomine
1103 1011 1214 1050 illius
1253 1012 1370 1051 cuius
1403 1011 1538 1050 vicem

220 1083 440 1134 pretendit.
472 1082 537 1122 Sic
567 1082 680 1121 enim
700 1082 911 1121 Johannes
935 1081 1084 1120 dicitur
1106 1081 1277 1134 Helyas,
1303 1090 1341 1120 et
1363 1081 1537 1133 angelus

221 1152 398 1191 vicarius
438 1151 514 1191 Dei
545 1152 735 1205 loquitur
777 1151 819 1190 in
865 1152 952 1204 lege
995 1150 1120 1190 veteri
1165 1150 1207 1189 in
1252 1163 1429 1203 persona
1461 1150 1536 1190 Dei

219 1221 337 1261 cuius
390 1221 645 1261 sentenciam
698 1229 968 1274 representat.
1032 1221 1266 1260 Redeundo
1326 1233 1424 1273 ergo
1485 1220 1537 1258 ad
1558 1229 1689 1258 Christ's
1711 1231 1826 1265 priests

166 1300 202 1332 15
219 1291 501 1343 propositum,
535 1300 650 1344 patet
683 1292 798 1344 quod
821 1304 987 1330 necesse
1021 1300 1080 1329 est
1106 1291 1339 1330 sacerdotes
1379 1289 1535 1329 Christi
1558 1266 1821 1339 orslhyopgddgazeer-

219 1360 427 1400 dimittere
460 1361 564 1400 ritus
597 1360 771 1413 gentiles
804 1361 854 1399 de
888 1360 1122 1399 maior-itate
1154 1359 1261 1398 civili
1296 1368 1335 1398 et
1357 1359 1534 1399 omnino
1594 1335 1782 1397 wffilffcssioe

220 1431 431 1469 attendere
461 1431 683 1483 quomodo
709 1429 921 1482 copiosius
945 1438 1069 1483 atque
1092 1429 1294 1468 humilius
1323 1428 1535 1468 fructuose

219 1499 396 1539 servient
428 1499 469 1538 in
504 1499 674 1539 ecclesia
708 1508 847 1538 sancta
880 1499 954 1538 Dei
988 1498 1162 1538 scientes
1203 1512 1250 1537 ex
1294 1497 1374 1537 fide
1419 1499 1535 1551 quod

218 1570 452 1609 secundum
495 1570 575 1609 hoc
618 1570 708 1609 laus
754 1578 791 1608 et
836 1568 1049 1609 maioritas
1081 1577 1180 1607 sunt
1220 1582 1242 1607 a
1280 1569 1383 1607 Deo.
1438 1568 1535 1606 Ideo

161 1659 201 1680 20
217 1640 451 1678 secundum
485 1638 798 1679 Crisostomum
843 1638 948 1678 sicut
992 1638 1181 1677 membra
1224 1637 1397 1677 humani
1444 1651 1535 1676 cor-

217 1708 328 1760 poris
382 1709 588 1748 nobiliora
640 1723 722 1748 non
770 1708 1021 1761 impugnant
1072 1708 1212 1746 minus
1257 1707 1413 1746 nobilia
1466 1708 1537 1745 sed

218 1778 401 1817 iuvando
441 1792 483 1817 se
523 1778 733 1831 reciproce
766 1778 982 1830 complent
1016 1791 1089 1816 sua
1123 1776 1275 1827 officia,
1321 1776 1378 1815 sic
1412 1777 1536 1815 debet

218 1862 304 1886 esse
339 1849 388 1887 de
421 1848 619 1887 membris
653 1857 793 1887 sancte
827 1847 970 1886 matris
1004 1848 1193 1886 ecclesie:
1240 1846 1534 1898 unusquisque

218 1917 304 1956 sine
350 1932 509 1970 pompa
559 1917 805 1957 maioritatis
850 1918 914 1956 vel
966 1917 1052 1956 eius
1101 1916 1367 1956 solicitudine
1412 1916 1536 1954 debet

161 1997 200 2029 25
219 1986 402 2026 iuvando
428 1996 466 2026 et
489 1988 669 2026 amando
695 1987 925 2040 quemlibet
957 1986 1116 2039 operari
1146 1986 1187 2024 in
1212 1999 1287 2025 sua
1308 1984 1533 2024 vocacione

219 2057 426 2095 subducta
459 2057 728 2096 contenciosa
761 2056 1067 2095 adversacione.

165 2137 203 2168 X
277 2125 467 2178 Septimo
502 2126 664 2166 videtur
703 2128 817 2179 quod
858 2126 996 2165 nullus
1039 2124 1240 2178 prescitus
1282 2123 1426 2176 recipit
1458 2122 1534 2162 rite
1567 2144 1705 2179 Baptism
1733 2143 1808 2170 does

218 2195 478 2246 baptismum
521 2210 605 2249 quo
652 2197 837 2235 deleatur
885 2195 1131 2248 simpliciter
1175 2208 1297 2233 suum
1334 2192 1534 2246 originale
1550 2179 1825 2249 Ᾰὲξξῑέὲῖοέΐῖἓξξζι

218 2273 459 2316 peccatum3
494 2274 606 2317 patet
638 2279 685 2304 ex
731 2265 848 2304 dictis
894 2265 1069 2305 XXVII0
1116 2263 1299 2316 capitulo
1341 2262 1431 2300 libri
1471 2259 1533 2302 Vi.
1590 2249 1783 2310 f{,¹s¹}2k¹{,¹0{[.¹s‘j

162 2345 202 2375 30
218 2334 327 2372 Nam
360 2333 498 2372 omnis
521 2334 722 2386 prescitus
746 2343 886 2373 manet
908 2343 1112 2387 perpetuo
1146 2333 1188 2371 in
1212 2332 1374 2371 defectu
1398 2330 1533 2370 finalis

218 2403 540 2455 perseverancie,
564 2404 677 2456 quod
695 2412 755 2443 est
770 2412 989 2456 peccatum
1007 2402 1303 2455 gravissimum
1320 2410 1358 2440 et
1377 2400 1532 2439 indele-

218 2472 312 2523 bile,
360 2482 397 2511 et
441 2486 514 2525 per
559 2486 820 2525 consequens
855 2486 940 2511 non
988 2472 1147 2511 tollitur
1187 2470 1430 2523 simpliciter
1462 2483 1535 2521 per

218 2542 490 2593 baptismum.
526 2543 858 2594 Verumptamen
893 2543 998 2581 sicut
1029 2542 1170 2594 aliqua
1203 2549 1263 2579 est
1284 2539 1422 2592 gracia
1446 2552 1533 2591 pre-

271 2696 297 2723 7.
319 2688 340 2715 B
363 2689 392 2716 in
415 2697 531 2723 marga
558 2689 638 2716 Nota
659 2689 697 2716 de
717 2697 795 2725 papa
818 2689 974 2717 bellatore.
1120 2697 1162 2724 ις).
1185 2688 1222 2715 R:
1247 2688 1320 2715 Ideo
1341 2688 1435 2714 deest.
1457 2687 1485 2713 A
1505 2685 1536 2712 in

220 2742 326 2769 marg:
362 2734 586 2763 Crisostomus.
730 2744 776 2770 27.
808 2738 835 2763 A
864 2737 891 2762 in
919 2744 1035 2770 marg:
1067 2736 1204 2771 Septima
1224 2734 1394 2761 conclusio.
1425 2733 1537 2759 Nullus

219 2781 372 2814 prescitus
413 2783 519 2817 recipit
558 2782 614 2809 rite
659 2783 847 2816 baptismum
890 2791 950 2817 quo
984 2783 1134 2809 deleretur
1175 2786 1336 2817 peccatum
1375 2778 1536 2813 originale.

219 2826 263 2854 28.
285 2829 382 2861 AA,:
405 2829 566 2864 quomodo
587 2829 734 2856 deleatur.

1357 2878 1421 2910 30*
