2051 3343
251 268 340 297 CAP·
355 257 411 318 ν]
739 272 799 303 DE
826 272 1061 304 ECCLESIA.
1759 270 1770 295 1
1789 257 1833 296 13

91 389 120 422 s
146 391 224 430 144³
238 376 497 429 christianus,
532 377 603 416 sed
633 376 722 428 ipse
756 376 947 416 Christus
979 390 1001 415 a
1046 389 1132 428 quo
1177 375 1327 414 dicitur
1374 374 1549 428 quilibet

237 445 498 497 christianus,
537 453 576 485 et
615 459 688 498 per
728 458 1003 498 consequens,
1051 458 1126 484 nec
1171 453 1231 484 est
1274 445 1324 483 de
1370 456 1547 483 numero

235 514 532 554 salvandorum
562 527 638 554 nec
670 523 796 567 caput
818 527 893 553 nec
925 513 1065 567 aliqua
1096 528 1190 567 pars
1213 513 1381 554 ecclesie
1404 512 1545 552 catho-

233 583 323 624 lice.
346 585 457 624 Nam
478 599 500 623 a
524 583 689 623 Christo
712 592 759 623 ut
776 583 908 636 capite
931 582 1258 623 denominantur
1279 582 1420 622 fideles
1444 582 1548 623 servi
1564 587 1675 649 {tgtthbaet
1686 586 1839 649 lggewffffi

205 653 393 694 5Christi
425 653 633 693 christiani
667 651 732 707 (ut
762 661 876 705 patet
906 655 998 692 Act.
1032 650 1121 705 XIO,
1168 650 1254 707 26).
1299 652 1412 705 Ergo
1444 652 1551 692 sicut
1572 656 1607 684 of
1623 656 1672 684 the
1694 656 1828 684 Cburch-

236 723 455 763 Romanus
490 737 577 763 non
610 731 671 762 est
701 723 840 762 Roma
887 735 963 762 nec
998 722 1208 762 Israhelita
1250 722 1339 775 ipse
1384 721 1548 774 Israhel,

235 800 275 832 et
296 792 485 844 breviter,
509 792 623 832 nulla
637 792 855 845 generacio
871 792 1033 845 passiva
1056 800 1116 831 est
1132 791 1274 845 ipsum
1294 791 1549 845 principium

235 875 447 915 generans,
481 862 537 902 sic
559 862 699 902 nullus
724 862 973 902 christianus
996 870 1057 901 est
1080 861 1270 902 Christus
1286 862 1358 901 sed
1381 860 1548 912 Christi,

236 939 275 971 et
312 931 464 985 periret
502 930 603 971 fides
650 931 851 984 scripture
900 931 949 970 de
994 930 1128 984 capite
1171 940 1210 971 et
1254 931 1304 970 de
1350 930 1549 971 membris

181 1014 221 1035 10
237 1001 429 1053 ecclesie,
463 1010 503 1041 et
525 1001 661 1041 multo
685 1001 924 1040 evidencius
946 1001 1133 1054 sequitur
1155 1001 1271 1054 quod
1293 1001 1412 1040 beata
1432 1000 1550 1054 virgo

235 1084 321 1110 non
355 1070 433 1111 fuit
466 1071 707 1111 membrum
729 1070 839 1110 illius
863 1071 1046 1123 ecclesie,
1070 1070 1169 1124 quia
1185 1071 1228 1109 in
1252 1078 1395 1110 sancto
1410 1070 1550 1110 triduo

234 1154 321 1180 non
352 1140 431 1180 fuit
451 1140 520 1180 illa
552 1140 723 1180 ecclesia
744 1154 819 1180 nec
845 1140 924 1180 fuit
944 1140 1151 1193 posterius
1175 1139 1253 1180 sibi
1272 1140 1549 1193 incorporata.

193 1210 383 1256 3Tercio
429 1211 617 1265 sequitur
659 1211 778 1265 quod
822 1210 938 1250 nulla
987 1210 1040 1250 sit
1080 1210 1172 1250 talis
1225 1210 1407 1261 ecclesia,
1455 1209 1552 1263 quia
1590 1214 1658 1243 The
1680 1222 1764 1242 mass
1785 1214 1820 1242 of

1618 1249 1791 1278 Christians

181 1292 216 1324 15
235 1280 350 1320 nulla
372 1281 599 1321 multitudo
623 1280 819 1321 omnium
842 1279 1165 1319 christianorum
1179 1279 1304 1319 habet
1319 1293 1367 1319 ex
1387 1279 1551 1332 integro
1577 1285 1824 1354 ssssecffiffstllzecffisse

235 1350 412 1390 eandem
444 1360 602 1390 rectam
633 1349 776 1401 fidem,
808 1358 901 1389 tum
925 1350 1024 1403 quia
1047 1349 1250 1389 defective
1283 1358 1323 1389 et
1357 1357 1552 1402 corrupte
1653 1354 1764 1381 whole-

231 1419 359 1460 habet
389 1420 620 1460 multitudo
654 1419 851 1460 omnium
874 1419 1199 1459 christianorum
1231 1417 1360 1459 fidem
1383 1418 1552 1470 Christi,

232 1497 325 1529 tum
357 1489 489 1529 eciam
520 1490 618 1543 quia
638 1490 798 1530 nullam
829 1503 959 1530 unam
990 1488 1120 1529 fidem
1151 1489 1307 1528 habent
1323 1502 1471 1528 omnes
1493 1488 1553 1527 illi

233 1558 443 1599 christiani
476 1573 551 1598 nec
582 1573 659 1612 pro
691 1559 827 1613 specie
848 1572 924 1599 nec
956 1572 1033 1612 pro
1066 1567 1302 1612 aggregato.
1337 1559 1423 1598 Nec
1445 1558 1554 1598 valet

177 1640 219 1663 20
233 1628 314 1668 hoc
360 1628 597 1682 sophisma:
650 1629 720 1669 Isti
759 1629 914 1669 habent
945 1627 1086 1681 fidem,
1120 1629 1191 1668 sed
1226 1628 1387 1668 nullam
1425 1627 1553 1667 fidem

232 1698 399 1739 habent.
423 1700 509 1739 Nec
530 1699 640 1739 valet
662 1698 819 1752 fingere
842 1698 971 1738 fidem
1003 1712 1084 1752 que
1108 1698 1300 1750 creditur,
1335 1697 1434 1752 quia
1456 1697 1555 1737 talia

233 1777 438 1822 negantur
455 1782 478 1808 a
494 1768 549 1808 sic
573 1769 846 1821 describente,
880 1777 920 1808 et
937 1768 1017 1807 illis
1049 1768 1197 1821 positis
1220 1768 1377 1807 inculte
1408 1780 1552 1820 aggre-

232 1847 385 1892 gantur
415 1838 457 1877 in
490 1837 774 1892 descripcione
797 1848 885 1878 tam
908 1839 1027 1878 anxie
1051 1839 1272 1879 elaborata.
1298 1840 1409 1878 Nam
1430 1836 1553 1877 multi

234 1907 446 1947 christiani
468 1907 626 1948 habent
648 1907 777 1948 fidem
808 1908 930 1948 valde
962 1908 1144 1961 peccatis
1168 1908 1444 1962 obliquatam,
1467 1916 1552 1947 tam

178 1979 218 2013 25
233 1977 398 2030 presciti
431 1991 561 2031 quam
583 1978 868 2031 predestinati,
893 1987 933 2018 et
954 1978 1076 2017 multi
1100 1978 1343 2031 simpliciter
1365 1976 1553 2017 infideles

233 2046 388 2086 habent
418 2046 548 2086 fidem
580 2047 780 2087 creditam
811 2048 932 2088 valde
962 2056 1133 2087 rectam.

135 2117 165 2151 'I'
191 2118 219 2151 4
291 2117 454 2166 Quarto
473 2117 662 2171 sequitur
677 2118 794 2171 quod
809 2131 885 2157 nec
900 2117 1083 2170 apostoli
1099 2130 1174 2157 nec
1189 2117 1257 2156 alii
1272 2116 1414 2156 fideles
1437 2126 1554 2157 erant
1590 2128 1660 2157 The
1674 2129 1812 2164 aposties

233 2185 283 2224 de
299 2186 482 2239 ecclesia,
509 2196 738 2241 antequam
760 2187 864 2227 fides
889 2186 967 2227 fuit
988 2201 1061 2240 per
1077 2186 1294 2227 Christum
1318 2195 1358 2227 et
1379 2195 1551 2240 aposto-
1578 2164 1688 2226 giiii?
1707 2164 1842 2232 ἓῗιιιῗὲἧ,

231 2254 295 2294 los
318 2255 529 2309 divulgata
559 2265 599 2296 et
629 2271 654 2297 a
684 2257 837 2297 sanctis
872 2256 1058 2310 patribus
1090 2256 1133 2295 in
1167 2256 1349 2296 consiliis
1382 2270 1551 2309 genera·
1595 2233 1819 2296 11ζὲ11131ὲέῐῖξὲ

175 2326 218 2359 30
231 2324 340 2364 libus
362 2325 590 2378 declarata;
612 2328 729 2380 quod
752 2326 832 2367 fuit
854 2326 925 2366 diu
948 2335 1046 2379 post
1068 2326 1358 2366 ascensionem
1390 2325 1552 2365 domini
1568 2303 1713 2365 εῗῇῃῗέὲ
1729 2302 1843 2375 {2¹3ss-

234 2402 273 2433 et
303 2402 486 2434 mortem
519 2396 826 2448 apostolorum.
872 2397 982 2436 Nam
1016 2410 1142 2436 nemo
1177 2395 1255 2436 fuit
1287 2396 1337 2434 de
1383 2395 1554 2435 ecclesia
1586 2373 1640 2400 red
1661 2372 1713 2399 the
1731 2371 1818 2399 faith.

234 2463 450 2517 catholica,
468 2474 696 2519 antequam
718 2465 788 2505 illa
810 2465 900 2518 fuit,
920 2466 993 2506 sed
1007 2466 1076 2505 illa
1098 2479 1185 2505 non
1211 2464 1302 2517 fuit,
1323 2473 1552 2518 antequam

234 2533 311 2573 fuit
340 2533 397 2574 ita
428 2536 545 2588 quod
575 2535 645 2575 illa
676 2544 756 2576 est:
792 2536 865 2575 sed
897 2549 995 2576 cum
1025 2549 1114 2575 non
1144 2534 1222 2575 fuit
1252 2535 1310 2575 ita
1341 2535 1458 2589 quod
1486 2534 1557 2574 illa

272 2714 433 2753 ¹9.AA1:
459 2717 559 2753 capite
580 2722 610 2745 et
637 2717 798 2746 membris.
961 2725 1002 2745 ιο.
1031 2718 1060 2745 Α
1081 2718 1140 2752 Al:
1174 2721 1203 2745 et
1232 2716 1330 2746 multo
1358 2733 1392 2738 —
1422 2716 1556 2745 ecclesie

234 2762 329 2791 deest.
470 2770 516 2791 20.
536 2763 576 2791 B:
598 2765 657 2791 hoc
677 2765 796 2792 solum:
817 2763 882 2792 Isti.
990 2771 1030 2792 21.
1053 2764 1156 2799 AA1=
1183 2763 1299 2799 fingere
1327 2771 1386 2800 que
1408 2764 1556 2793 creditur.

234 2817 278 2843 27.
298 2810 328 2838 A
353 2809 385 2838 in
414 2818 529 2845 marg.:
568 2811 763 2847 Argumenta
802 2816 911 2839 contra
931 2811 1090 2847 quandam
1130 2810 1382 2846 descripcionem
1423 2811 1555 2839 ecclesie

235 2856 380 2884 continue
399 2857 489 2885 infra.
510 2856 598 2892 (This
619 2858 645 2885 is
666 2858 769 2886 below
790 2864 860 2892 144²
886 2857 1014 2886 without
1035 2858 1122 2886 mark
1142 2857 1177 2886 of
1193 2857 1378 2893 reference.)
1451 2865 1500 2894 29.
1520 2858 1553 2885 In

235 2903 326 2931 codd.
349 2904 553 2940 plerumque:
575 2904 714 2932 consiliis
736 2913 792 2940 pro
813 2905 965 2933 conciliis.

1430 2952 1452 2984 8
