2051 3273
178 263 265 292 CAP.
287 253 384 311 xix}
690 266 750 297 DE
776 265 1011 297 ECCLESIA.

36 383 69 416 Ε
97 380 175 426 190b
190 371 449 411 Mirabilibus
472 370 681 423 Scripture
703 370 836 421 Sacre,
861 369 934 408 IIIO
966 368 1162 421 capitulo.
1202 368 1318 416 Tota,
1352 367 1501 421 inquit,

188 441 367 489 iusticia,
397 441 471 480 hec
492 447 553 480 est
583 440 822 493 virginitas,
854 438 1144 478 sacerdocium
1178 445 1216 477 et
1244 438 1501 477 martirium.

192 511 283 559 Que
314 511 469 563 triplex
500 510 663 549 iusticia
698 510 738 548 in
767 509 870 548 Abel
890 509 1033 562 primo
1052 507 1149 561 fuit
1170 507 1240 560 qai
1263 514 1301 546 et
1322 520 1501 546 munera

189 582 278 620 Deo
304 581 465 633 placita
498 579 658 627 obtulit,
686 579 937 631 prosapiam
970 578 1139 631 generis
1173 578 1214 616 in
1246 577 1389 616 seculo
1421 589 1501 615 non

157 649 411 702 5derelz'qzcit
455 655 493 688 et
543 648 727 687 martirii
776 661 977 687 coronam
1027 647 1254 700 sanguinis
1297 646 1504 699 effusione

162 719 437 772 1promeruit.
485 718 673 768 Quilibet
714 731 812 770 ergo
852 717 1074 757 salvandus
1109 717 1230 755 debet
1261 729 1350 755 esse
1383 715 1501 768 spiri-

189 789 356 828 tualiter
387 787 502 840 virgo
534 787 575 826 in
607 787 689 826 hoc
722 788 837 840 quod
870 786 1081 826 declinans
1113 800 1136 825 a
1168 786 1281 826 malo
1315 785 1505 839 sequitur

151 870 347 911 zagnum
379 871 586 910 sponsum
619 857 808 909 ecclesie,
833 857 954 896 debet
976 857 1161 896 secundo
1185 870 1272 896 esse
1296 857 1502 908 sacerdos,

151 927 365 974 gofferens
400 929 487 967 Deo
534 927 718 967 fructum
751 927 900 978 meriti,
934 935 974 966 et
1006 927 1128 966 debet
1160 926 1290 966 tercio
1323 939 1502 965 connec-

136 1021 174 1042 10
188 998 315 1037 tendo
347 997 423 1037 hec
456 998 540 1037 duo
575 998 626 1036 ad
657 997 839 1037 invicem
860 997 903 1036 in
925 996 1013 1036 istis
1045 1010 1305 1050 perseverare
1328 995 1506 1035 finaliter

189 1076 407 1121 tamquam
454 1067 608 1106 martir.
661 1067 714 1106 Et
760 1067 856 1106 ideo
906 1066 1117 1119 signanter
1160 1075 1278 1105 notat
1314 1065 1504 1106 Christus

189 1137 361 1176 Matthei
385 1137 554 1187 XX1110,
582 1135 630 1174 35
657 1137 877 1189 quomodo
901 1135 1071 1188 ecclesia
1094 1136 1242 1175 dicitur
1265 1136 1422 1189 cepisse
1454 1136 1504 1175 ab

189 1207 296 1246 Abel
325 1206 437 1246 iusto
481 1206 545 1246 cui
579 1206 814 1246 secundum
837 1205 1124 1259 Augustinum
1147 1206 1262 1245 Jesus
1294 1205 1505 1245 commisit

189 1276 418 1329 primatum
450 1275 623 1315 iusticie.
663 1276 714 1314 In
748 1276 837 1323 hoc,
870 1275 1019 1328 inquit,
1052 1275 1164 1328 quod
1196 1289 1277 1315 non
1317 1276 1506 1315 nominat

137 1346 446 1389 15Zachariam
498 1346 672 1394 iustam,
731 1352 776 1384 ut
827 1345 931 1384 Abel
991 1346 1164 1393 iustum,
1228 1345 1503 1384 hereditatem

189 1415 349 1454 iusticie
399 1415 503 1454 Abel
553 1422 693 1454 tenere
744 1415 1002 1454 Zachariam
1057 1415 1248 1466 ostendit,
1302 1416 1412 1455 sicut
1462 1416 1503 1454 in

187 1485 442 1538 genealogia
479 1485 637 1524 Christi
664 1485 866 1524 scribitur
890 1485 1033 1537 primo
1066 1491 1104 1523 et
1133 1485 1325 1524 solitarie
1366 1485 1507 1524 David

174 1554 322 1607 faisse
349 1568 508 1608 regem,
533 1554 633 1593 dum
657 1554 832 1594 dicitur:
863 1554 992 1594 Gesse
1023 1561 1164 1593 autem
1197 1555 1345 1608 genuit
1366 1554 1507 1593 David

189 1635 358 1677 regem‚·
396 1625 612 1664 Salomoni
649 1632 790 1664 autem
829 1632 868 1664 et
898 1625 994 1664 aliis
1028 1638 1109 1663 non
1143 1624 1316 1663 additur
1354 1638 1503 1663 nomen

134 1716 175 1738 20
190 1694 318 1747 regis,
371 1707 465 1733 cnm
517 1695 591 1733 alii
640 1701 790 1746 patres
850 1708 1033 1748 regnum
1097 1695 1191 1734 iure
1251 1694 1504 1734 hereditario

190 1770 429 1803 tenuerunt.

146 1847 177 1878 F
249 1833 328 1872 Sed
361 1834 545 1872 notanda
578 1843 637 1873 est
669 1833 748 1873 alia
792 1847 915 1872 causa
960 1832 1109 1887 (quam
1160 1833 1242 1872 dixi
1295 1832 1503 1887 superius)

192 1903 308 1955 quod
339 1903 446 1941 Abel
479 1902 556 1942 fuit
586 1903 748 1956 primus
771 1912 991 1942 veteranus
1015 1902 1185 1942 ecclesie
1208 1902 1505 1955 triumphantis

193 1971 265 2025 qui
298 1985 371 2024 spe
404 1971 511 2011 felici
544 1972 767 2025 spiritualis
801 1971 976 2012 nectaris
1010 1972 1162 2012 missus
1196 1981 1256 2012 est
1289 1973 1331 2010 in
1362 1972 1505 2012 locum

139 2055 177 2087 25
195 2041 387 2094 refrigerii
421 2043 728 2095 expurgandus.
765 2043 816 2081 Et
849 2051 964 2095 patet
986 2043 1038 2081 ad
1061 2041 1241 2081 formam
1270 2042 1506 2095 argumenti

194 2111 308 2163 quod
353 2112 466 2151 Deus
510 2112 717 2165 quidquid
763 2121 947 2151 creature
978 2111 1177 2150 racionali
1210 2112 1381 2162 dederit,
1416 2126 1508 2151 eam

105 2197 181 2236 1900
195 2180 307 2232 prius
341 2181 391 2219 ad
424 2181 565 2233 ipsum
586 2184 609 2206 ÷÷
631 2181 843 2233 habilitat3
887 2190 925 2220 et
959 2190 1168 2234 quantum
1207 2182 1256 2220 ad
1296 2182 1508 2221 decretum

196 2250 303 2289 beati
337 2250 540 2304 Gregorii,
580 2260 693 2303 patet
725 2252 841 2304 quod
872 2251 1117 2304 intelligitur
1148 2251 1391 2291 abutentem
1429 2265 1507 2304 po-

1704 265 1787 305 447

1549 1833 1620 1861 God
1641 1833 1688 1861 fits
1708 1833 1758 1860 the

1555 1873 1693 1896 creature
1711 1867 1762 1895 for

1569 1904 1619 1931 the
1639 1910 1744 1938 power

1537 1938 1627 1973 given
1647 1943 1677 1965 to
1696 1937 1771 1974 him,

196 2328 342 2359 testate
365 2334 439 2359 sua
473 2329 518 2359 ut
550 2320 606 2359 sic
639 2321 798 2373 privare
821 2334 863 2360 se
885 2320 967 2373 illa,
990 2329 1198 2374 quantum
1221 2321 1271 2359 ad
1295 2320 1507 2359 racionem
1521 2332 1585 2368 but,
1606 2332 1628 2359 it
1654 2340 1724 2367 may
1749 2333 1797 2367 be,

140 2402 182 2433 30
198 2389 274 2427 sibi
307 2389 510 2440 merendi,
535 2390 637 2428 dum
670 2399 810 2430 tamen
843 2399 1009 2429 maneat
1052 2399 1235 2443 potestas
1275 2391 1509 2430 secundum

198 2459 410 2498 racionem
431 2459 520 2498 aliis
544 2460 823 2511 promerendi.
840 2461 893 2499 Et
916 2460 972 2499 sic
988 2461 1100 2499 Deus
1124 2460 1236 2499 dedit
1258 2469 1508 2512 potestatem

199 2528 298 2567 Iude
340 2537 510 2581 propter
554 2542 724 2569 causam
771 2529 1073 2582 multiplicem3
1121 2529 1209 2582 ipse
1242 2539 1383 2569 autem
1421 2543 1507 2568 non

199 2597 276 2636 fuit
321 2597 513 2637 inhabilis
557 2598 608 2636 ad
648 2598 939 2651 recipiendum
969 2599 1086 2638 illam
1117 2607 1383 2651 potestatem,
1415 2598 1511 2638 licet

252 2753 271 2771 1.
293 2744 327 2771 In
347 2744 457 2772 codd.:
477 2743 536 2771 1V0
556 2752 624 2780 cap.
647 2743 786 2772 Correxi.
882 2753 916 2772 11.
939 2745 979 2772 B:
1007 2745 1164 2780 signanter
1184 2750 1267 2774 nota,
1370 2746 1406 2774 15.
1434 2745 1456 2772 B
1477 2746 1508 2773 in

200 2799 313 2826 marg:
335 2792 414 2819 Nota
435 2791 594 2827 quomodo
615 2791 746 2819 abutens
767 2799 824 2818 sua
845 2796 995 2826 potestate
1015 2801 1048 2819 ea
1071 2793 1219 2827 privatur.
1328 2800 1374 2825 24.
1396 2793 1436 2820 B:
1458 2794 1509 2828 qui

200 2846 272 2871 sepe
302 2837 392 2865 felici.
549 2845 597 2870 24.
618 2838 655 2864 B:
679 2838 784 2865 iussus
806 2843 850 2864 est
870 2840 901 2865 in
923 2839 1037 2865 locum.
1226 2838 1272 2866 28.
1294 2840 1322 2866 A
1341 2839 1372 2866 in
1393 2847 1509 2873 marg.:

201 2882 352 2911 Sacerdos
374 2885 535 2920 quomodo
557 2893 588 2911 se
608 2886 708 2920 privat
729 2885 909 2912 sacerdocio
930 2889 958 2911 et
979 2885 1139 2920 quomodo
1161 2890 1264 2913 manet
1284 2886 1439 2913 sacerdos.

1552 2368 1625 2403 only
1643 2366 1693 2394 for
1711 2367 1762 2394 the

1581 2402 1694 2428 benerit
1714 2401 1750 2429 of

1604 2437 1717 2463 otherS.
