2051 3343
294 234 383 262 (ΑΡ.
404 222 488 280 vir]
825 238 883 268 DE
910 238 1144 272 ECCLESIA.
1796 232 1864 270 151

126 355 163 387 Η
187 342 388 395 1400fugia
421 342 517 381 dicti
548 341 642 381 loci.
693 343 787 391 Que
825 357 955 396 queso
993 344 1127 382 maior
1165 344 1454 385 inobediencia
1497 347 1581 399 regi
1615 355 1718 383 There
1739 343 1852 418 candae

275 420 417 451 nostro
450 425 578 464 quam
609 411 720 451 nolle
756 412 918 451 tractari
956 414 1189 453 secundum
1219 414 1329 467 leges
1366 428 1473 467 suas,
1512 396 1870 455 sedggeciireerictgrthiiri

275 482 463 535 proprias
500 481 610 533 leges
651 494 889 533 proponere
925 483 1158 522 secundum
1196 497 1298 537 quas
1330 492 1369 523 et
1400 498 1486 523 non
1519 460 1871 524 se-01{25{⁸1'}tfl}{¹,ffiv{'he

276 551 463 590 cundum
484 550 581 590 alias
603 550 732 590 velint
752 551 928 603 tractari,
962 560 1001 590 et
1026 551 1120 604 illis,
1153 566 1239 592 non
1262 554 1377 607 regni
1407 554 1582 607 legibus,
1700 529 1767 557 law.

241 617 466 665 §obedireP
517 621 674 659 Revera
705 619 761 658 sic
792 619 932 660 hostes
965 621 1238 662 crudelissimi
1277 624 1582 676 depopulantes

271 703 450 742 regnum
482 689 674 728 offerrent
716 689 934 741 regnicolis
967 691 1082 744 quod
1120 691 1152 730 si
1183 692 1312 732 velint
1350 694 1583 734 consentire

271 759 431 812 legibus
463 772 565 812 quas
587 758 646 798 illi
667 759 815 798 volunt
837 768 1014 799 statuere
1037 762 1364 814 concordabunt,
1398 764 1468 802 sed
1497 777 1583 802 non

272 829 418 868 exinde
439 829 667 882 gauderent
697 827 921 881 privilegiis
953 830 1068 882 regni
1090 831 1232 870 nostri.
1265 831 1422 872 Mirum
1443 833 1582 887 itaque

272 898 378 938 foret
409 898 525 951 quod
556 911 625 936 rex
658 906 696 936 et
726 910 903 950 regnum
927 899 1026 937 tales
1058 898 1200 938 hostes
1228 900 1335 940 intra
1367 915 1408 940 se
1441 902 1580 942 defen-

218 988 256 1010 10
273 969 427 1008 derent.
461 968 576 1006 Idem
608 966 720 1006 enim
743 966 849 1006 foret
870 968 1150 1008 contradicere
1181 969 1340 1023 legibus
1372 971 1478 1023 regis
1510 987 1583 1025 per

273 1052 376 1092 quas
397 1045 555 1090 regeret
576 1049 754 1089 regnum
776 1050 902 1076 suum
924 1045 963 1076 et
986 1038 1266 1078 contradicere
1287 1040 1450 1093 regalie,
1484 1056 1580 1082 cum

271 1121 340 1146 rex
370 1120 457 1146 non
489 1106 595 1145 foret
624 1119 694 1145 rex
725 1105 802 1144 nisi
833 1114 1004 1159 propter
1031 1107 1385 1159 preeminenciam
1416 1119 1455 1150 et
1487 1111 1579 1152 offi-

270 1177 381 1216 cium
411 1176 514 1229 legis
546 1189 631 1215 sue.

236 1258 256 1290 1
326 1247 423 1285 Ideo
457 1245 555 1286 dicit
586 1245 730 1285 beatus
757 1245 981 1299 Gregorius
1010 1248 1125 1300 quod
1157 1248 1230 1300 qui
1261 1248 1403 1302 diligit
1430 1263 1577 1304 regem

217 1325 252 1359 15
269 1315 411 1369 diligit
431 1317 522 1355 eius
551 1316 687 1369 legem
712 1323 751 1354 et
774 1316 1049 1355 demonstrari
1071 1325 1211 1369 potest
1243 1332 1291 1356 ex
1322 1318 1393 1358 illo
1424 1320 1577 1359 Johan-

268 1384 331 1423 nis
359 1385 490 1436 XIVO,
525 1385 590 1425 23.
644 1384 690 1423 Si
718 1385 814 1436 quis
849 1384 994 1438 diligit
1030 1398 1109 1434 me,
1154 1399 1393 1427 sermonem
1438 1402 1577 1429 meum

267 1454 481 1503 servabit;
532 1454 645 1493 idem
690 1453 802 1492 enim
845 1462 905 1493 est
943 1454 1080 1493 Deum
1125 1455 1292 1509 diligere
1336 1465 1376 1496 et
1419 1471 1578 1498 sermo-

268 1537 367 1563 nem
387 1524 453 1563 vel
482 1523 618 1573 legem
641 1522 728 1562 eius
753 1536 923 1571 servare,
958 1532 997 1563 et
1019 1524 1074 1563 sic
1106 1524 1277 1565 indubie
1300 1535 1361 1566 est
1389 1528 1438 1567 de
1470 1542 1577 1582 rege.

269 1593 392 1634 Unde
432 1592 720 1632 inobediencia
762 1592 924 1645 legibus
963 1602 1023 1633 est
1059 1594 1173 1633 radix
1205 1595 1336 1635 tocius
1375 1598 1578 1650 nequicie.

212 1685 254 1706 20
269 1662 429 1703 Exhinc
479 1662 592 1701 enim
641 1662 879 1702 ceciderunt
928 1663 1064 1716 angeli
1118 1665 1168 1703 de
1218 1665 1321 1717 celo,
1381 1668 1578 1720 expulsus

268 1733 346 1774 fuit
382 1732 522 1772 Adam
559 1732 608 1771 de
649 1731 840 1785 paradiso
885 1741 924 1772 et
969 1732 1144 1773 breviter
1189 1734 1277 1774 sine
1315 1737 1578 1778 contumacia

268 1816 350 1856 que
393 1811 453 1842 est
495 1801 785 1841 inobediencia
827 1815 914 1841 non
957 1810 1064 1842 recte
1108 1803 1383 1844 denunciatur
1424 1806 1577 1847 heresis

266 1872 332 1911 vel
364 1871 771 1923 excommunicarem,
803 1884 879 1910 nec
909 1880 969 1910 est
990 1872 1186 1924 possibile
1208 1887 1385 1927 regnum
1408 1876 1577 1916 dissolvi

266 1941 345 1980 nisi
389 1955 437 1980 ex
479 1940 767 1980 inobediencia
809 1941 890 1993 legi
936 1954 1020 1980 sue.
1074 1942 1116 1982 Si
1154 1943 1266 1983 enim
1309 1945 1442 1985 maior
1481 1959 1768 1999 parsTnei-ealm
1791 1969 1864 1988 can-

211 2022 251 2054 25
268 2011 381 2063 regni
405 2011 535 2050 nostri
566 2011 631 2049 vel
662 2023 793 2063 prope
816 2010 946 2050 nollet
978 2019 1082 2051 stare
1103 2012 1264 2065 legibus
1295 2015 1409 2068 regni
1432 2017 1575 2069 nostri,
1592 1996 1866 2065 ἓῗῖυῗῖιῗιηέπὲξεῗῖξ

267 2081 339 2119 sed
382 2079 558 2133 sparsim
601 2080 803 2133 acciperet
845 2081 1136 2121 municionem
1175 2084 1343 2123 ecclesie
1385 2098 1575 2125 commo·
1656 2065 1799 2093 sedmon.

265 2150 402 2189 vendo
441 2149 697 2189 sedicionem
728 2149 771 2188 in
809 2151 984 2203 populo,
1029 2153 1316 2204 pretendendo
1355 2155 1577 2209 utrobique

264 2219 498 2259 libertatem
520 2220 702 2271 ecclesie,
736 2220 956 2273 quomodo
980 2229 1105 2261 staret
1125 2221 1329 2274 regnum?
1361 2225 1415 2263 Et
1436 2225 1468 2264 si
1490 2238 1577 2265 non

265 2288 360 2328 licet
389 2289 474 2341 regi
505 2290 632 2329 talem
662 2290 829 2330 hostem
852 2291 1128 2332 domesticum
1164 2292 1213 2331 de
1237 2293 1376 2332 castris
1409 2294 1577 2335 ecclesie

209 2368 251 2401 30
266 2372 339 2397 sue
371 2359 593 2411 extrahere,
632 2360 850 2413 quomodo
888 2360 1027 2401 liceret
1057 2361 1099 2400 in
1131 2375 1261 2415 regno
1294 2376 1380 2402 non
1411 2372 1577 2404 tantum

266 2428 452 2468 subiecto
486 2428 676 2468 ecclesias
707 2429 782 2469 Dei
814 2429 1007 2470 invadere
1039 2439 1079 2471 et
1099 2431 1312 2471 remissius
1343 2433 1576 2485 proditores

264 2498 329 2537 vel
359 2497 500 2538 hostes
532 2495 743 2538 occidere?
776 2500 885 2539 Nam
916 2499 987 2538 ubi
1020 2508 1080 2539 est
1108 2500 1242 2540 maior
1270 2501 1422 2543 falsitas
1453 2512 1577 2557 atque

264 2567 413 2607 iniuria
445 2567 686 2620 coloracior,
718 2568 774 2607 ibi
807 2577 867 2608 est
898 2583 1006 2622 pena
1037 2570 1197 2610 iustior.

316 2735 342 2755 2.
364 2727 409 2754 D:
431 2727 512 2755 nolle
526 2731 667 2755 tractare.
758 2737 786 2764 9.
809 2736 850 2756 10.
873 2728 1051 2756 defenderet
1069 2730 1099 2756 in
1119 2730 1209 2758 codd.
1302 2738 1337 2758 11.
1357 2732 1387 2758 A
1405 2732 1436 2759 in
1458 2740 1575 2768 marg:

264 2773 339 2809 Legi
367 2773 448 2808 regis
479 2781 547 2801 esse
566 2774 797 2802 inobedientem
818 2779 908 2802 nocet
928 2776 1069 2803 multum.
1101 2776 1223 2811 (Above
1243 2783 1312 2811 1400
1340 2778 1468 2807 without
1490 2780 1577 2807 mark

265 2818 299 2846 of
316 2818 496 2854 reference.)
620 2828 662 2856 14.
685 2821 714 2848 A
732 2821 761 2848 in
783 2829 898 2856 marg:
922 2820 1101 2856 Gregorius.
1226 2822 1265 2850 15.
1288 2823 1330 2850 D:
1352 2824 1574 2852 demonstrare.

265 2872 307 2901 17.
327 2866 356 2893 A
375 2866 414 2893 ss:
436 2865 518 2894 enim
539 2866 636 2894 deest.
778 2874 819 2894 22.
841 2866 887 2895 D:
909 2874 969 2895 non
991 2868 1056 2895 rite.
1199 2876 1245 2903 29.
1267 2869 1309 2896 D:
1339 2870 1453 2897 liceret.
