2051 3343
194 229 346 287 CAP.11.]
696 243 756 275 DE
781 242 1014 275 ECCLEsrA.
1739 233 1790 287 37

41 361 60 394 1
101 360 176 393 133⁰
191 349 345 402 dogma
380 347 505 387 huius
544 360 631 387 esse
669 344 734 402 (ut
772 345 870 386 dicit
909 343 1117 399 Christus)
1159 346 1313 399 dogma
1352 346 1504 386 falsum

191 417 359 457 ecclesie
411 416 685 457 seductivum.
739 416 861 456 Unde
911 414 1026 455 iuxta
1076 415 1225 455 seriem
1275 415 1504 469 prophecie

191 486 344 528 Christi
381 486 458 526 ista
495 485 755 539 blasphemia
786 484 1082 539 presupposita
1121 484 1195 525 erit
1233 485 1505 526 seminarium

189 557 416 610 preliorum
450 565 525 598 etc.

136 637 174 670 K
246 627 308 665 Ex
350 626 438 666 istis
480 626 644 666 videtur
692 624 796 664 mihi
839 624 963 664 nimis
1007 614 1275 665 temerarium
1325 638 1504 665 asserere

189 696 305 749 quod
344 695 491 749 aliquis
530 709 639 748 papa
675 694 716 734 in
755 694 946 734 decretali
984 708 1060 734 sua
1090 694 1313 735 intenderit
1345 695 1505 734 dictum

187 776 377 817 sensum;
417 766 489 805 sed
521 765 605 805 sive
638 763 828 804 Christus
865 763 1106 804 immediate
1145 763 1229 804 sive
1262 764 1503 818 quicunque

187 835 275 875 eius
314 834 543 888 discipulus
581 834 823 888 ubicunque
865 843 1071 874 terrarum
1110 848 1132 873 a
1171 833 1318 887 spiritu
1358 844 1502 875 sancto

185 905 339 945 missus
372 904 621 945 converterit
650 904 693 943 in
723 904 874 944 virtute
897 904 1052 944 Christi
1085 917 1383 958 quamcunque
1410 919 1502 958 per-

132 994 171 1017 10
188 988 336 1015 sonam
356 975 421 1013 vel
448 974 672 1027 populum,
706 973 859 1014 sufficit
881 973 956 1013 sibi
981 987 1078 1013 cum
1099 973 1213 1013 finali
1235 988 1501 1027 perseveran-

188 1045 249 1084 cia
280 1045 331 1083 ad
363 1043 552 1085 salutem.
597 1044 652 1083 Et
690 1044 786 1083 satis
826 1051 887 1082 est
923 1042 1000 1083 sibi
1038 1057 1113 1095 pro
1147 1042 1227 1083 fide
1259 1044 1418 1084 articuli
1451 1045 1500 1084 de
1516 1053 1716 1092 Concerning
1742 1058 1792 1085 the

1516 1089 1656 1118 Catholic
1667 1091 1790 1120 Cnurch

96 1120 173 1156 1331'
188 1114 359 1154 ecclesia
381 1114 595 1165 catholica,
628 1121 674 1152 ut
697 1113 833 1152 credat
854 1112 936 1152 fide
957 1116 981 1138 ÷÷
1004 1112 1183 1152 formata
1205 1113 1321 1167 quod
1344 1113 1395 1153 sit
1416 1128 1499 1154 una
1515 1124 1790 1196 gnssifftigfiab‘gnie'ig

185 1183 429 1223 universitas
462 1182 650 1223 fidelium
681 1182 1074 1234 predestinatorum,
1115 1183 1312 1222 salvanda
1347 1183 1499 1224 virtute
1539 1195 1604 1223 that
1623 1196 1645 1223 it
1664 1197 1690 1224 is
1709 1197 1761 1225 the

184 1253 320 1293 meriti
344 1253 511 1304 Christi,
542 1252 638 1292 licet
669 1266 753 1291 non
788 1252 1020 1304 expressius
1053 1261 1091 1292 et
1120 1253 1409 1305 particularius
1433 1255 1497 1294 de·
1515 1229 1789 1300 iiilssossiedzz‘tjffie‘if.

131 1331 167 1363 15
184 1323 387 1364 scenderit
407 1323 458 1362 ad
481 1322 663 1376 aliquem
687 1322 775 1362 eius
796 1322 1011 1361 vicarium.
1035 1323 1120 1362 Nec
1147 1332 1315 1375 oportet
1339 1326 1501 1365 credere

182 1393 247 1432 vel
285 1391 485 1445 implicite
518 1393 633 1445 quod
672 1391 747 1431 iste
785 1391 1027 1445 quicunque
1059 1393 1279 1433 Romanus
1311 1394 1501 1446 pontifex

183 1462 234 1501 sit
280 1470 405 1514 caput
449 1461 698 1515 cuiusquam
740 1462 998 1515 particularis
1046 1462 1229 1514 ecclesie,
1274 1463 1352 1503 nisi
1387 1465 1500 1506 Deus

182 1532 324 1585 ipsum
345 1531 701 1584 predestinaverit‚
716 1532 814 1585 quia
833 1532 949 1571 aliter
971 1540 1185 1585 oporteret
1207 1531 1334 1573 fidem
1355 1535 1497 1575 catho-

181 1602 306 1641 licam
338 1614 426 1641 esse
458 1600 605 1641 falsam
632 1611 671 1641 et
693 1601 967 1641 christianum
990 1601 1105 1641 fateri
1128 1603 1410 1645 mendacium.
1447 1606 1500 1645 Et

125 1688 166 1711 20
182 1672 250 1723 ita,
283 1671 390 1711 sicut
420 1685 506 1710 non
541 1679 601 1711 est
632 1672 681 1710 de
715 1671 951 1711 substancia
983 1671 1079 1710 fidei
1111 1673 1274 1712 credere
1308 1674 1498 1727 explicite

182 1741 297 1795 quod
319 1741 395 1781 iste
416 1740 670 1792 Bonifacius,
694 1740 889 1781 Clemens
912 1742 976 1781 vel
999 1741 1194 1782 Urbanus
1222 1742 1273 1782 sit
1294 1745 1496 1796 predesti-

182 1820 303 1851 natus
334 1812 399 1851 vel
430 1811 670 1850 membrum
701 1820 840 1851 sancte
872 1811 1016 1851 matris
1045 1811 1226 1865 ecclesie,
1261 1812 1317 1852 sic
1340 1827 1415 1853 nec
1439 1824 1499 1854 est

181 1882 230 1920 de
275 1880 517 1920 necessitate
562 1881 704 1921 salutis
749 1881 944 1921 omnium
987 1881 1310 1922 christianorum
1354 1897 1498 1924 secum

180 1950 539 2002 conversancium,
575 1959 622 1990 ut
653 1950 844 2004 explicite
877 1952 1044 1991 credant
1076 1951 1219 2005 ipsum
1251 1967 1339 1993 esse
1372 1964 1497 2008 caput

124 2026 161 2058 25
180 2021 429 2074 cuiusquam
453 2020 636 2072 ecclesie,
670 2020 748 2061 nisi
775 2020 880 2060 facta
903 2030 941 2061 et
963 2021 1045 2061 vita
1068 2022 1303 2076 evangelica
1327 2023 1494 2064 eviden-

180 2090 267 2130 cius
299 2098 497 2130 moveant
529 2091 581 2129 ad
613 2091 880 2130 credendum.
915 2091 996 2131 Sed
1028 2092 1273 2133 benedictus
1296 2094 1495 2136 dominus
1534 2114 1605 2143 God
1626 2115 1703 2143 isto
1724 2116 1762 2143 be

178 2160 320 2200 matris
353 2168 492 2200 nostre
522 2160 592 2213 qui
614 2168 754 2200 nostre
777 2161 1055 2213 peregrinanti
1075 2161 1296 2202 iuvencule
1319 2164 1495 2206 diebus
1511 2149 1787 2212 praeilseecqiofgrofthe

177 2229 291 2269 istis
329 2230 512 2282 providit
550 2240 675 2283 caput
720 2230 987 2281 catholicum,
1027 2230 1163 2270 virum
1208 2234 1495 2286 evangelicum
1556 2220 1663 2249 Urban
1684 2220 1737 2257 VI,

180 2299 435 2339 Urbanum
482 2309 674 2339 sextum
725 2300 806 2354 qui
844 2300 1182 2341 rectificando
1220 2301 1496 2345 instantem

122 2369 456 2421 30ecclesiam,
497 2380 549 2410 ut
591 2370 728 2411 vivat
771 2370 1101 2411 conformiter
1144 2371 1243 2425 legi
1288 2372 1495 2427 Christi,

234 2502 256 2522 1.
271 2493 389 2528 Huius3
411 2493 528 2521 scilicet
547 2493 759 2531 cuiuscunque
778 2494 857 2531 talis,
878 2495 939 2523 vid.
962 2504 1030 2531 pag.
1052 2494 1100 2525 36.
1119 2496 1138 2523 1.
1160 2504 1185 2523 c.
1207 2497 1254 2525 30.
1350 2498 1375 2526 3.
1396 2501 1425 2527 A
1439 2502 1494 2538 A„

175 2540 290 2568 Christi
311 2540 406 2567 deest.
477 2540 577 2569 §.AB
592 2540 622 2568 in
637 2549 739 2577 marg:
763 2541 943 2569 Conclusio.
966 2543 1038 2570 Ain
1055 2550 1157 2578 marg:
1178 2543 1259 2571 Nota
1281 2552 1372 2581 quam
1395 2537 1495 2576 eccle-⁶

176 2586 252 2614 siam
269 2591 406 2614 sanctam
421 2591 564 2614 tenemur
578 2587 702 2615 credere
719 2588 832 2621 (below
845 2589 934 2624 133³).
949 2589 970 2616 B
984 2589 1013 2617 in
1027 2598 1128 2625 marg:
1144 2589 1224 2617 Nota
1239 2591 1315 2619 bene
1332 2593 1493 2623 articulum

176 2632 246 2659 fidei
266 2633 457 2661 credendum
479 2634 515 2661 de
536 2634 663 2661 ecclesia
685 2635 844 2662 catholica.
936 2644 978 2670 14.
1000 2636 1041 2663 B:
1062 2637 1281 2671 expressimus.
1368 2647 1409 2675 19.
1431 2641 1492 2668 AB

175 2679 205 2706 in
226 2687 329 2715 marg:
358 2679 537 2708 Conclusio.
670 2688 715 2708 20.
739 2681 776 2709 B:
800 2682 836 2709 de
857 2683 1040 2710 obediencia
1066 2684 1145 2710 fidei.
1273 2692 1316 2718 27.
1339 2686 1371 2713 In
1393 2686 1492 2715 Codd.

175 2725 202 2752 A
216 2725 254 2752 ss:
276 2725 384 2753 nostri.
405 2726 465 2759 Al:
486 2731 601 2753 nostre.
710 2735 756 2762 29.
779 2728 839 2756 AB
860 2729 889 2756 in
912 2737 1014 2763 marg:
1037 2729 1117 2757 Nota
1138 2730 1174 2757 de
1194 2731 1321 2758 Urbano
1342 2731 1395 2759 VI.

236 2818 288 2850 27·
303 2807 523 2852 Archbishop
541 2809 790 2843 Bartholomeo
807 2811 966 2854 Prignani
993 2813 1032 2844 of
1049 2814 1125 2845 Bari
1153 2824 1224 2846 was
1245 2816 1376 2846 elected
1398 2817 1493 2859 Popc

176 2875 220 2896 on
236 2865 330 2908 April
347 2863 392 2896 8²¹²
402 2866 447 2908 by
464 2866 522 2898 the
541 2867 713 2900 cardinals
732 2869 797 2900 and
818 2871 981 2902 crowned
1001 2881 1046 2902 on
1068 2872 1348 2916 Easter-Sunday
1364 2873 1491 2917 (1378),
