2051 3273
239 217 328 245 cAP.
349 205 445 264 xm]
729 219 788 249 DE
815 217 1050 249 ECCLESIA.
1764 217 1815 255 29
1826 217 1838 241 1

88 336 120 368 L
148 333 225 378 πῶς’]
241 324 466 377 quendam,
512 329 610 360 tunc
651 329 858 360 cessarent
896 321 1003 359 bella
1041 321 1082 358 in
1122 318 1444 368 christianisnm,
1489 319 1554 357 vel

242 392 484 445 simpliciter
505 391 570 429 vel
593 391 633 429 in
657 399 784 443 parte,
820 399 858 429 et
887 390 1179 442 disponeretur
1207 388 1377 428 ecclesia
1401 386 1553 427 Christi

241 463 292 501 ad
326 461 663 514 conquirendum
696 460 821 499 armis
844 459 1048 499 virtutum
1081 458 1292 511 populum
1325 456 1552 496 infidelem.

242 531 307 571 Sic
353 531 464 570 enim
510 529 587 569 fuit
630 538 820 582 tempore
859 529 1166 581 apostolorum,
1201 527 1372 580 quando
1407 540 1554 579 expro-

208 600 429 652 5prietarie
468 613 570 652 pure
615 600 848 639 secundum
881 597 1034 637 Christi
1074 596 1246 636 consilia
1277 596 1377 635 vixit
1410 596 1554 643 clerus,

242 671 312 708 sed
352 669 606 708 commixtus
652 668 828 707 sinistris
873 667 1172 707 tradicionibus
1215 666 1411 705 humanis
1457 679 1554 704 cum

242 738 417 778 dexteris
451 738 604 778 Christi
638 737 834 788 consiliis,
879 737 1027 775 vinum
1071 736 1113 775 in
1157 749 1242 789 quo
1281 734 1555 774 inebriaretur

241 808 412 847 ecclesia
456 817 516 847 est
560 807 816 859 limphatum
854 815 892 845 et
930 819 1062 859 genus
1103 818 1327 844 nervorum
1378 803 1556 843 caritatis

243 878 411 917 ecclesie
435 877 699 916 debilitatum
722 885 761 916 et
784 876 871 915 sine
895 875 1068 915 custode
1090 874 1330 914 zizannium
1353 873 1558 913 discordie

187 966 225 987 10
243 947 428 1000 undique
462 946 729 986 seminatum.

188 1026 238 1070 Μἱ
301 1015 413 1056 Cum
457 1016 569 1055 enim
614 1029 765 1068 corpus
810 1015 978 1055 ecclesie
1023 1013 1075 1053 sit
1119 1013 1347 1053 limitatum
1391 1027 1413 1052 a
1453 1013 1841 1064 Deo,Tl1eC11urchis

1620 1051 1799 1078 disordered

242 1086 394 1139 quibus
451 1086 550 1125 cibis
598 1094 636 1124 et
681 1084 857 1138 qualiter
908 1085 1141 1123 secundum
1192 1092 1328 1135 partes
1376 1082 1848 1147 disparesWheenncssg‘gc‘ss‘gggy

244 1164 492 1208 pasceretur,
517 1156 629 1194 Deus
653 1155 758 1194 sicut
781 1155 923 1194 tribuit
947 1154 1283 1194 commensurale
1306 1153 1558 1193 alimentum
1580 1163 1665 1216 ³233
1685 1155 1840 1217 trlffiviqffisk

245 1225 460 1277 spirituale
492 1239 565 1278 per
596 1225 778 1277 prelatos
802 1224 1140 1264 distribuendum
1170 1222 1376 1274 fidelibus,
1410 1223 1465 1262 sic
1489 1223 1557 1262 dat
1572 1225 1713 1286 35ξὲἕῇξέ
1728 1224 1845 1295 fflgffl

191 1303 225 1334 15
245 1308 380 1333 escam
415 1295 676 1347 corporalem
708 1294 975 1346 parciendam
1007 1307 1082 1346 per
1112 1292 1269 1332 activos
1301 1301 1388 1331 tan]
1419 1291 1555 1345 precli-

246 1364 453 1403 catoribus
498 1363 540 1402 in
584 1377 683 1416 agro
730 1377 857 1416 quam
903 1362 1308 1415 contemplatoribus
1353 1361 1395 1400 in
1434 1361 1554 1400 lecto.

243 1433 340 1472 Ideo
374 1432 674 1486 usurpantibus
721 1432 799 1471 illis
846 1432 1040 1472 violentis
1087 1430 1277 1471 officium
1321 1439 1360 1470 et
1404 1444 1555 1470 consu-

244 1503 455 1542 mentibus
479 1503 714 1542 inordinate
748 1516 897 1542 eorum
920 1502 1125 1555 pabulum
1147 1514 1312 1541 necesse
1337 1509 1396 1540 est
1417 1508 1556 1540 totum

245 1586 394 1625 corpus
440 1572 610 1612 ecclesie
654 1586 740 1611 esse
786 1572 1073 1611 inordinatum
1118 1586 1165 1611 ex
1204 1570 1367 1610 defectu
1413 1571 1552 1609 obser-

188 1659 229 1680 20
244 1641 428 1680 vacionis
461 1642 616 1681 ordinis
650 1655 821 1681 suarum
844 1641 1046 1694 parcium.
1081 1641 1121 1681 Si
1151 1641 1264 1680 enim
1286 1639 1331 1680 fit
1354 1640 1558 1679 bolismus

245 1711 284 1749 in
319 1711 492 1750 homine
527 1721 566 1751 et
598 1711 775 1751 breviter
809 1725 1066 1764 quocunque
1099 1711 1290 1749 membro
1324 1710 1558 1749 secundum

245 1781 476 1833 appetitum
531 1781 730 1820 caninum
780 1790 923 1820 contra
966 1780 1131 1833 regulas
1176 1780 1340 1819 virtutis
1389 1779 1559 1832 regitive

245 1850 433 1890 trahente
472 1851 640 1890 alterius
679 1851 989 1890 nutrimentum
1020 1850 1085 1889 vel
1125 1859 1358 1902 occupante
1391 1849 1558 1889 alterius

246 1921 424 1960 membri
469 1920 670 1971 officium,
721 1920 767 1959 fit
811 1920 851 1958 in
901 1929 993 1959 toto
1039 1933 1212 1972 corpore
1258 1919 1462 1958 discrasia.
1517 1918 1559 1957 Si

190 1996 227 2028 25
246 1990 359 2030 enim
402 1990 536 2030 viator
577 1991 748 2029 haberet
791 2003 977 2029 vermem
1023 1989 1064 2028 in
1099 1988 1318 2029 stomacho
1352 1988 1423 2042 qui
1457 2001 1556 2027 con-

246 2069 428 2099 sumeret
444 2060 752 2100 nutrimentum
768 2060 1070 2110 membrorum,
1095 2060 1316 2112 quomodo
1332 2065 1560 2097 servaretur

247 2129 398 2168 sanitas
431 2138 470 2169 et
491 2129 678 2169 valitudo
713 2126 886 2169 eorum?
920 2129 985 2169 Sic
1018 2129 1049 2167 si
1073 2129 1306 2168 sacerdotes
1329 2128 1427 2166 Baal
1462 2140 1560 2165 cum

247 2198 444 2237 uxoribus
490 2209 528 2238 et
565 2198 658 2238 filiis
704 2207 961 2238 consumunt
1006 2198 1260 2237 mendaciter
1292 2211 1365 2250 per
1396 2205 1558 2236 meatus

155 2276 232 2315 170⁸¹
247 2277 477 2307 nocturnos
500 2268 524 2295 ²³²
548 2277 587 2308 et
618 2269 908 2308 subterraneos
948 2269 1060 2307 bona
1091 2268 1235 2320 plebis,
1283 2275 1396 2319 patet
1427 2266 1560 2305 littela

192 2344 232 2375 30
247 2337 430 2376 Danielis
463 2338 599 2377 XIV0:
634 2338 689 2377 sic
723 2347 863 2378 autem
896 2347 955 2377 est
987 2338 1028 2376 in
1053 2351 1226 2390 corpore
1250 2336 1418 2376 ecclesie
1443 2336 1559 2375 cuius

246 2406 374 2445 virtus
418 2407 587 2460 regitiva
621 2417 680 2447 est
724 2408 850 2460 patris
895 2407 1122 2459 sapiencia;
1168 2416 1206 2446 et
1237 2408 1346 2459 leges
1379 2405 1480 2456 eius,
1514 2414 1560 2444 ut

247 2477 442 2515 mandata
495 2486 619 2530 atque
663 2477 847 2527 consilia,
893 2485 990 2516 sunt
1039 2475 1252 2529 privilegia
1298 2475 1560 2527 singulariter

248 2545 445 2584 membris
491 2546 660 2585 ecclesie
704 2545 893 2585 officium
938 2545 1139 2597 operandi
1180 2553 1219 2583 et
1251 2544 1556 2583 nutrimentum

248 2614 487 2665 limitancia,
520 2623 567 2654 ut
595 2616 782 2654 membra
806 2614 1021 2667 superiora
1044 2615 1195 2654 debent
1227 2613 1339 2666 pasci
1362 2613 1559 2666 precipue

193 2690 233 2723 35
249 2683 395 2734 spiritu
420 2684 588 2723 animali
612 2694 650 2724 et
672 2698 811 2737 regere
834 2698 879 2724 ac
902 2698 1073 2723 movere
1101 2684 1290 2723 membra
1319 2683 1558 2736 supposita3

304 2830 339 2857 13.
352 2831 377 2857 A
393 2831 420 2857 in
434 2839 548 2867 marg:
562 2831 650 2859 Nota.
715 2839 753 2865 ¹7-
768 2830 923 2858 violentis
934 2839 940 2864 3
953 2834 1051 2857 recte:
1064 2830 1225 2857 violenter.
1285 2837 1329 2864 24.
1343 2829 1383 2856 13:
1397 2829 1559 2857 discrusia.

1385 2875 1446 2912 in*
