2051 3343
225 254 301 294 130
946 267 1169 299 JOHANNIS
1196 267 1390 299 WYCLIF.
1645 254 1749 311 [CAP.
1764 263 1816 292 v1.

505 370 714 410 humanas
747 370 871 409 nimiS
910 371 1035 410 dediti
1070 380 1168 410 sunt
1211 372 1388 423 mundo,
1433 371 1504 424 qui
1547 371 1651 410 olim
1696 372 1822 411 dediti
1842 382 1974 423 146⁰M

505 447 603 478 sunt
635 438 866 479 ministerio
899 439 1150 491 apostolico,
1178 448 1425 492 contempto
1447 440 1668 493 temporali
1691 440 1822 492 lucro,

503 508 635 547 modo
658 516 827 547 econtra
844 508 1027 548 totaliter
1050 508 1217 548 inhiant
1239 508 1460 562 temporali
1485 510 1683 561 comodo,
1708 509 1820 549 inso-

501 576 635 617 lencia
666 578 883 617 mundana
917 587 955 617 et
993 578 1087 617 ocio
1126 578 1384 618 introducto.
1426 579 1479 618 Et
1523 588 1617 618 tum
1662 587 1822 619 extorta

502 655 601 686 sunt
632 647 828 686 nomina:
870 648 979 687 Nam
1013 648 1085 701 qui
1133 648 1237 687 olim
1269 647 1546 688 nominarunt
1589 662 1630 687 se
1663 663 1686 688 a
1729 650 1854 689 De05

500 725 674 756 vocatos
707 717 940 769 apostolos,
981 717 1109 756 hodie
1150 718 1415 757 contendunt
1458 731 1499 756 se
1545 718 1820 770 permissione

501 784 641 823 divina
673 786 723 824 ab
755 785 929 825 homine
962 787 1076 825 nude
1109 787 1283 838 electos3
1317 786 1388 839 qui
1421 786 1523 826 olim
1546 787 1821 827 nominarunt

502 867 543 892 se
576 867 718 894 servos
752 855 916 894 domini
948 856 1043 895 Jesu
1084 856 1252 905 Christi,
1297 855 1423 895 hodie
1469 865 1726 910 retorquent,
1774 865 1820 897 ut

499 923 774 964 nominentur
796 925 959 965 domini
982 924 1316 965 reverendissimi
1346 934 1384 964 et
1408 934 1545 978 patres
1576 926 1817 978 beatissimi,

498 1001 537 1032 et
561 990 694 1047 (quod
711 1002 771 1033 est
788 1008 981 1034 summus
1004 995 1156 1047 gradus
1179 993 1403 1049 ypocrisis)
1429 1003 1581 1034 vocant
1613 1009 1655 1034 se
1677 1009 1817 1035 servos
1836 1015 1875 1036 10

497 1076 714 1102 servorum
746 1063 836 1115 Dei,
869 1064 966 1103 licet
998 1064 1079 1103 sint
1110 1064 1152 1102 in
1185 1077 1323 1117 opere,
1359 1073 1398 1103 et
1429 1078 1502 1117 per
1540 1078 1815 1118 consequens,

496 1131 538 1170 in
571 1132 746 1171 nomine
778 1133 877 1172 reali
911 1133 1014 1172 servi
1048 1133 1237 1186 precipui
1261 1132 1389 1185 patris
1412 1134 1620 1173 mendacii
1637 1143 1676 1173 et
1698 1148 1814 1174 men-

496 1201 716 1242 dacissima
748 1203 937 1242 membra
977 1202 1144 1244 diaboli.
1191 1203 1245 1242 Et
1284 1202 1341 1241 sic
1386 1216 1552 1242 necesse
1598 1212 1658 1243 est
1703 1203 1816 1243 iuxta

495 1271 771 1324 propheciam
815 1272 1016 1325 scripture
1061 1281 1107 1312 ut
1158 1280 1450 1325 pervertantur
1503 1273 1724 1312 mendacio
1777 1281 1816 1312 et

493 1341 675 1394 ypocrisi
721 1342 873 1395 singuli
923 1333 1010 1381 non
1044 1342 1175 1382 electi.
1227 1343 1354 1382 Tales
1398 1348 1555 1390 autem,
1602 1351 1647 1381 ut
1692 1342 1870 1383 docet15

493 1411 759 1464 Augustinus
792 1411 833 1450 in
858 1412 964 1451 libro
983 1412 1044 1451 De
1064 1412 1161 1453 Vita
1184 1411 1433 1463 Christiana,
1458 1425 1543 1451 non
1565 1418 1668 1451 sunt
1689 1425 1812 1452 vera—

493 1484 603 1520 citer
634 1481 872 1521 christiani.

255 1562 423 1590 Aeureis
550 1550 673 1590 Unde
720 1550 751 1589 si
797 1551 889 1604 quis
934 1551 1073 1591 zelans
1124 1564 1201 1604 pro
1245 1550 1437 1603 profectu
1482 1560 1622 1591 sancte
1669 1551 1862 1592 matrisN

201 1597 476 1660 ὲῖἷῖἒῐθῖῑξῖξαὲῗῗ
492 1620 676 1671 ecclesie,
709 1620 867 1659 habens
890 1620 932 1659 in
955 1620 1098 1659 animo
1122 1619 1348 1659 scintillam
1369 1620 1532 1660 virtutis
1556 1621 1807 1671 constancie‚

200 1667 634 1742 f‘gg'tntfflssffissfflposset
666 1689 799 1729 dicere
832 1690 949 1743 quod
981 1689 1136 1743 tyriaca
1159 1698 1220 1728 est
1252 1697 1396 1729 contra
1419 1699 1630 1729 exactores
1662 1690 1808 1730 huius·
1827 1709 1868 1731 20

489 1760 621 1811 modi,
656 1768 950 1813 extorquentes
984 1759 1072 1798 sine
1104 1772 1379 1811 recompensa
1411 1759 1506 1812 plus
1538 1760 1676 1799 debita
1699 1761 1810 1800 bona

489 1843 725 1883 pauperum
759 1838 900 1869 sancte
932 1828 1077 1868 matris
1110 1828 1279 1868 ecclesie
1322 1843 1370 1868 ex
1401 1829 1525 1869 titulo
1565 1830 1681 1882 quod
1714 1839 1810 1870 sunt

489 1900 679 1939 membra
710 1899 956 1952 principalia
989 1898 1178 1937 eiusdem
1212 1898 1356 1938 matris
1401 1898 1489 1937 sine
1534 1899 1698 1938 macula
1744 1899 1809 1938 vel

487 1983 604 2021 ruga,
639 1969 710 2023 qui
754 1978 935 2022 possunt
980 1968 1336 2021 temptacionibus
1382 1976 1421 2007 et
1464 1968 1809 2008 tribulacionibus

488 2039 805 2079 adversancium
848 2038 1015 2078 concuti
1061 2039 1133 2077 sed
1177 2051 1262 2077 non
1309 2037 1493 2090 superari
1539 2052 1562 2077 a
1608 2038 1808 2077 membris
1826 2044 1864 2076 25

488 2108 642 2148 diaboli
666 2108 732 2147 vel
755 2108 980 2160 submergi,
1005 2116 1051 2147 ut
1074 2107 1218 2146 dicunt
1239 2107 1328 2145 iura
1361 2106 1563 2146 canonica
1595 2107 1645 2146 de
1667 2116 1809 2147 sancta

486 2187 617 2217 matre
662 2177 853 2217 ecclesia:
899 2178 994 2216 ideo
1039 2191 1087 2218 ex
1121 2190 1190 2215 ore
1223 2175 1397 2229 proprio
1430 2176 1582 2216 debent
1615 2185 1807 2229 potentes

485 2248 634 2286 mundi
679 2249 730 2286 ab
783 2247 839 2286 eis
874 2247 1082 2300 requirere
1135 2247 1252 2299 quod
1304 2246 1529 2285 ostendant
1572 2247 1808 2286 secundum

486 2318 631 2356 eadem
666 2317 753 2356 iura
784 2316 1124 2370 procuratorium
1164 2315 1376 2356 sufficiens
1411 2315 1453 2354 in
1485 2315 1620 2355 fructu
1669 2316 1806 2369 operis

486 2388 601 2439 quod
649 2395 746 2425 sunt
789 2386 847 2424 illi
893 2386 1047 2439 quibus
1092 2386 1203 2425 bona
1256 2394 1397 2425 sancte
1443 2385 1586 2424 matris
1634 2385 1805 2425 ecclesie
1823 2391 1863 2423 30

485 2465 582 2495 sunt
615 2456 753 2496 debita
784 2456 849 2495 vel
873 2457 1042 2507 donata,
1076 2455 1175 2508 quia
1207 2456 1299 2495 dist.
1334 2456 1428 2495 XLa
1462 2454 1671 2495 scribitur:
1709 2454 1802 2493 Non

484 2532 738 2565 sanctorum
758 2525 851 2578 filii
881 2532 982 2565 sunt
1013 2527 1085 2577 qui
1118 2532 1261 2565 tenent
1294 2526 1388 2564 loca
1424 2531 1690 2576 sanctorum,
1727 2523 1805 2562 sed

538 2646 557 2664 1.
580 2638 696 2665 Sumus
716 2638 746 2665 in
769 2638 859 2665 codd.
874 2637 1014 2665 Correxi.
1089 2637 1118 2665 8.
1139 2638 1178 2664 13:
1194 2642 1377 2672 extorquent
1397 2641 1429 2664 ut
1448 2641 1609 2664 vocentur.
1684 2645 1712 2672 9.
1734 2636 1801 2663 Ain

485 2691 603 2717 marg:
625 2692 715 2719 papa.
859 2683 904 2711 30.
927 2684 967 2711 13:
989 2684 1073 2719 quod
1095 2684 1164 2711 sint.
1335 2684 1374 2712 31.
1396 2684 1423 2711 A
1445 2685 1475 2710 in
1497 2690 1612 2717 marga
1636 2682 1714 2709 Dist.
1737 2681 1801 2709 XL.

484 2729 542 2756 Hic
564 2735 637 2756 nota
657 2735 764 2757 contra
786 2731 980 2758 sanctitatem
1003 2738 1093 2765 pape.

547 2824 596 2855 16.
624 2835 697 2867 cap.
727 2826 783 2863 VI,
811 2836 925 2868 cornp.
952 2828 1040 2868 Aug.
1069 2826 1160 2868 Opp.
1186 2825 1349 2868 Append.
1376 2825 1411 2856 in
1437 2832 1522 2856 tom.
1552 2824 1606 2863 VI,
1626 2833 1703 2865 pag.
1728 2821 1801 2855 186.

486 2882 536 2912 31.
564 2883 663 2914 Decr.
691 2883 702 2913 Ι
730 2893 819 2925 pars,
847 2884 924 2914 dist.
953 2884 1024 2923 XL,
1052 2893 1127 2925 cap.
1155 2884 1200 2914 11:
1227 2884 1305 2915 Non
1333 2887 1383 2914 est
1397 2883 1525 2924 facile.
