2051 3343
202 250 290 279 CAP.
303 240 357 298 vi]
707 255 767 287 DE
796 255 1028 288 ECCLESIA.

157 368 187 401 G
258 360 481 411 Regnum
513 371 627 411 ergo
664 358 989 411 imperatoris
1034 368 1106 398 est
1167 359 1513 412 independens

112 432 224 471 141⁰a
245 427 523 480 regiminess
544 442 670 481 pape
703 437 748 468 et
770 437 985 470 econtra.
1020 429 1257 482 Utrumque
1279 438 1416 469 tamen
1441 444 1515 483 per

201 498 389 537 accidens
429 497 544 537 iuvat
583 497 806 551 reliquum,
848 498 943 538 licet
983 498 1245 551 prepositura
1288 499 1514 552 spiritualis

201 568 252 608 sit
284 567 459 620 dignior.
492 567 696 620 Regimen
731 576 872 607 autem
910 567 1064 607 Christi
1097 568 1265 621 respicit
1303 568 1516 608 essenciali

169 648 185 681 5
204 636 448 677 causacione
466 636 651 690 regimen
666 636 883 690 utriusque
898 636 960 677 sui
982 636 1133 677 vicarii.
1166 638 1288 678 Unde
1304 651 1355 676 ne
1376 637 1516 677 vicarii

202 706 356 747 Christi
375 706 626 746 inducantur
650 706 693 745 in
708 706 1023 759 blasphemiam,
1047 707 1289 760 usurpando
1323 721 1370 746 ex
1383 706 1517 746 verbis

200 775 356 815 floridis
388 775 597 816 honorem
630 776 719 815 Deo
751 776 985 829 proprium,
1034 789 1201 815 necesse
1234 785 1294 815 est
1326 777 1517 815 doctores

200 858 340 885 cavere
371 846 422 884 ab
454 845 771 885 adulacionibus
794 853 832 884 et
853 844 982 884 instar
1002 845 1109 884 beati
1143 845 1331 898 Gregorii
1364 845 1514 884 vinum

200 922 239 954 et
253 914 396 954 oleum
409 914 620 954 alternare.
653 915 763 954 Nam
784 915 1020 954 secundum
1042 914 1437 954 Commentatorem
1471 916 1514 954 in

148 984 380 1037 10prologo
425 984 538 1024 tercii
590 984 854 1024 Phisicorum
898 984 1006 1024 sicut
1053 984 1229 1037 quidam
1272 991 1519 1023 assuescunt

200 1055 257 1094 sic
287 1069 499 1095 venenum
530 1055 748 1094 comedere
780 1055 896 1108 quod
931 1063 1071 1094 totum
1101 1054 1304 1093 cibarium
1334 1062 1519 1093 vertatur

201 1125 243 1164 in
275 1125 557 1165 substanciam
589 1134 864 1164 venenosam:
900 1124 957 1164 sic
990 1124 1163 1177 quidam
1185 1123 1242 1163 sic
1274 1132 1519 1164 assuescunt

203 1194 474 1246 opinionibus
507 1194 617 1233 falsis
652 1196 767 1248 quod
793 1194 1063 1234 instruccioni
1086 1194 1267 1234 veritatis
1289 1193 1518 1233 redduntur

204 1263 418 1304 inhabiles.
466 1263 853 1317 Correspondenter
896 1264 1032 1304 evenit
1083 1265 1132 1303 de
1175 1263 1407 1303 honoribus
1454 1262 1519 1317 (ut

150 1346 185 1378 15
203 1341 315 1386 patet
337 1333 506 1373 inferius
527 1332 689 1388 cap...)
714 1335 834 1374 Unde
866 1333 992 1373 hodie
1014 1347 1099 1373 non
1123 1334 1231 1373 valet
1251 1346 1400 1372 vocare
1423 1346 1514 1385 pre-

1745 249 1795 300 05

1541 427 1608 454 The
1637 429 1807 463 emperor's

1529 463 1808 498 ruleisindepend-

1582 502 1633 525 ent
1653 497 1688 524 of
1705 499 1755 524 the

1620 540 1713 567 pope.

1535 1342 1665 1369 Prelates
1676 1342 1808 1369 demand

1473 1402 1479 1408 ,
1534 1377 1637 1404 undue
1658 1377 1808 1404 honours.

202 1402 388 1455 positum
420 1404 497 1442 nisi
529 1404 936 1454 reverendissimum,
970 1403 1281 1443 sanctissimum
1304 1411 1343 1442 et
1375 1402 1519 1441 beatis-

206 1472 376 1524 simum,
409 1473 507 1526 quia
538 1473 580 1512 in
613 1473 802 1526 quolibet
835 1472 1020 1512 inferiori
1054 1473 1183 1525 gradu
1207 1481 1267 1511 est
1300 1471 1424 1523 dulia,
1449 1472 1520 1510 sed

203 1542 243 1580 in
289 1543 541 1595 superlativo
587 1544 718 1596 gradu
762 1551 823 1582 est
873 1542 989 1581 latria
1023 1555 1105 1595 qua
1149 1555 1236 1581 non
1280 1550 1341 1580 est
1383 1540 1520 1580 honor

203 1612 382 1664 amplior
404 1614 696 1665 expectandus.
722 1612 1112 1665 Correspondenter
1126 1612 1177 1650 ad
1200 1611 1276 1650 ista
1299 1624 1383 1650 non
1401 1609 1517 1663 quie-

147 1690 313 1724 2otatur
356 1682 591 1735 prepositus
632 1682 770 1722 vocari
817 1691 941 1735 caput
980 1682 1150 1721 ecclesie
1181 1680 1414 1731 militantis,
1448 1680 1519 1718 sed

205 1751 328 1804 exigit
377 1751 516 1791 vocari
569 1760 693 1805 caput
744 1751 989 1791 universalis
1038 1751 1208 1791 ecclesie
1261 1759 1300 1790 et
1350 1749 1518 1789 ecclesie

202 1820 339 1859 tocius
355 1821 569 1861 catholice.
592 1821 828 1874 Utrobique
846 1830 987 1861 tamen
1010 1829 1191 1873 possunt
1213 1820 1398 1873 predicta
1420 1833 1518 1858 sane

205 1889 382 1942 concipi,
415 1899 461 1930 ut
493 1891 609 1944 quod
641 1891 753 1930 Deus
787 1890 838 1930 sit
869 1890 911 1929 in
944 1890 1013 1930 tali
1047 1890 1262 1943 preposito
1296 1898 1518 1942 tamquam

204 1959 245 1998 in
278 1959 459 2012 imagine
482 1960 720 2000 adorandus
741 1960 806 1999 vel
821 1960 1007 1999 secundo
1030 1960 1267 2012 quodinter
1289 1959 1518 2011 signandos

146 2040 185 2072 25
203 2029 438 2081 prepositos
470 2029 537 2068 ille
569 2029 621 2069 sit
641 2029 1024 2081 reverendissimus,
1049 2028 1332 2069 sanctissimus
1356 2037 1395 2067 et
1410 2036 1515 2067 tem-

203 2112 304 2151 pore
327 2112 403 2138 suo
426 2098 703 2150 beatissimus,
727 2100 830 2138 dum
851 2107 992 2138 tamen
1010 2112 1167 2138 nomen
1191 2107 1229 2138 et
1253 2097 1518 2137 meritorium

203 2168 483 2208 ministerium
535 2169 883 2222 correspondent;
916 2169 1031 2222 quod
1075 2169 1198 2208 debet
1248 2166 1433 2220 supponi
1476 2166 1519 2204 in

203 2237 417 2290 preposito
450 2238 697 2291 reputative,
730 2252 816 2277 non
839 2237 1058 2279 diffinitive
1080 2237 1217 2289 asseri,
1242 2238 1345 2276 dum
1377 2245 1517 2277 tamen

203 2321 277 2347 nec
311 2308 453 2348 ocium
486 2322 561 2348 nec
594 2309 870 2349 commissum
903 2308 1066 2349 notorie
1100 2307 1400 2348 contradicant.

258 2451 281 2471 2.
302 2443 341 2470 B:
362 2448 464 2471 tamen
486 2445 572 2471 deest
739 2452 769 2478 4.
791 2443 830 2470 B:
851 2443 990 2479 Regnum
1012 2448 1124 2471 autem.
1267 2451 1294 2478 7.
1314 2443 1343 2470 A
1365 2442 1395 2469 in
1416 2451 1517 2479 marg:

202 2489 316 2518 Contra
339 2491 511 2518 adulatores
532 2491 569 2517 ad
593 2498 716 2526 papam.
816 2499 859 2518 10.
880 2491 908 2517 A
929 2490 959 2517 in
980 2498 1093 2525 marga
1115 2488 1360 2516 Commentator.
1380 2488 1418 2515 B:
1441 2488 1519 2516 Nam

200 2552 234 2556 —
254 2542 435 2565 assuescunt
457 2538 551 2565 deest.
650 2538 690 2565 15.
712 2537 803 2564 Num.
829 2537 953 2573 capituli
974 2537 1069 2564 deest.
1161 2535 1201 2563 18.
1225 2535 1247 2562 B
1269 2535 1298 2562 in
1320 2543 1417 2571 marg.
1437 2543 1519 2562 man.

201 2591 279 2610 rec.:
295 2583 561 2611 Reverendissime
577 2584 774 2611 sanctissime
789 2592 858 2611 cum
884 2588 1021 2617 vocatur,
1052 2582 1253 2619 ydolatratur‚
1376 2582 1417 2610 23.
1439 2584 1467 2609 A
1489 2582 1519 2608 in

202 2638 316 2665 marg:
338 2629 455 2658 Sensus
477 2630 600 2666 duplex.
683 2631 723 2658 25.
745 2631 774 2657 A
794 2630 824 2657 in
845 2637 959 2664 marg:
981 2629 1061 2656 Nota
1083 2628 1119 2655 de
1142 2629 1238 2655 titulis
1260 2636 1338 2664 pape
1359 2628 1519 2664 quomodo

205 2676 323 2703 debent
342 2676 482 2712 intefflgi.

265 2828 316 2849 ιο.
349 2818 613 2850 Commentator
651 2818 679 2850 is
704 2817 763 2849 the
802 2817 988 2850 scholastic
1014 2828 1116 2849 name
1143 2817 1182 2849 of
1205 2817 1403 2849 Averrhoes
1442 2816 1519 2862 (Ibn

204 2876 372 2917 Roschd).
