2051 3273
207 244 285 283 208
926 254 1149 286 JOHANNIS
1179 255 1370 287 WYCLIF.
1635 241 1740 299 [CAP.
1761 254 1800 283 Χ.

492 358 649 411 eritque
681 358 870 397 remissio
904 358 1025 410 plena
1054 359 1180 398 debiti
1213 359 1513 412 cuiuscunque.
1549 359 1703 411 Nolite,
1737 360 1798 398 in·
1821 371 1897 413 157c
1920 370 1950 404 c

492 428 594 479 quit,
628 427 831 481 affligere
863 428 1124 469 contribules
1163 436 1339 480 vestros,
1381 429 1458 469 sed
1489 430 1634 470 timeat
1671 443 1800 469 unus-

491 499 667 550 quisque
699 497 839 536 Deum
885 510 1022 537 suum.
1077 498 1128 536 Et
1172 498 1347 537 breviter
1398 507 1624 552 utrumque
1677 508 1799 539 testa-

493 576 685 606 mentum
717 575 889 606 testatur
921 567 1165 606 creberrime
1195 567 1525 607 misericordiam
1557 568 1800 608 faciendam.

203 643 478 706 teaglssggsltlsassgobe
493 637 612 676 Unde
656 636 828 675 Matthei
860 637 931 687 VO,
966 651 1004 689 7,
1044 638 1213 689 qnando
1247 636 1436 676 Christus
1468 638 1636 677 tradidit
1667 638 1835 690 legem5

267 713 425 745 mesenum
494 719 626 757 suam,
649 705 839 745 hortatus
863 715 921 745 est
943 707 994 745 ad
1013 706 1343 745 misericordiam
1359 707 1436 746 snb
1459 708 1632 746 obtentu
1649 707 1803 745 miseri-

494 775 630 814 cordie
655 776 961 827 consequende.
998 776 1133 823 Beati,
1167 776 1316 828 inquit,
1350 776 1667 825 misericordes,
1702 789 1802 828 quo-

494 849 607 883 niam
661 846 744 896 ipsi
788 845 1131 884 misericordiam
1188 853 1518 898 consequentur.
1581 847 1701 886 Unde
1753 847 1804 885 ad

494 914 812 966 exprimendum
846 914 961 966 quod
1005 915 1289 954 misericordia
1333 915 1372 953 in
1408 928 1521 954 novo
1555 924 1803 955 testamento

494 984 613 1022 debet
636 984 830 1023 excellere
860 984 958 1023 dicit
980 984 1193 1037 discipulis
1216 985 1386 1025 Matthei
1412 986 1501 1037 IXIO,
1541 987 1607 1025 13:
1641 986 1804 1025 Euntes
1826 1008 1863 1029 10

494 1055 641 1093 discite
685 1054 786 1107 quid
816 1061 899 1094 est:
944 1055 1293 1094 Misericordiam
1336 1057 1429 1095 volo
1468 1063 1507 1095 et
1545 1069 1627 1095 non
1667 1056 1804 1095 sacri-

481 1124 650 1177 ficium.
704 1125 756 1163 Et
794 1139 917 1177 super
950 1125 1099 1163 talibus
1133 1125 1279 1164 fundat
1311 1140 1353 1164 se
1385 1127 1528 1165 beatus
1562 1125 1803 1177 Gregorius,

495 1208 707 1247 exponens
745 1194 846 1233 illud
886 1195 1055 1234 Matthei
1089 1195 1238 1247 XXIIO,
1274 1207 1311 1246 2,
1365 1195 1511 1235 Simile
1530 1196 1705 1249 factum
1746 1201 1807 1234 est

495 1278 676 1318 regnum
710 1266 899 1304 celorum
939 1266 1100 1304 homini
1131 1267 1225 1318 regi
1256 1266 1328 1317 qui
1348 1265 1463 1319 fecit
1500 1266 1679 1317 nupcias
1698 1264 1799 1317 filio

494 1348 583 1383 suo,
618 1344 655 1373 et
684 1335 854 1387 ponitur
876 1335 916 1373 in
946 1349 1105 1374 canone
1134 1336 1297 1384 XXIII³‚
1332 1350 1370 1388 q.
1395 1336 1468 1375 IV:
1506 1336 1612 1374 Cum
1640 1335 1681 1374 in
1706 1336 1800 1388 lege
1826 1345 1862 1377 15

494 1407 700 1457 scriptum
725 1404 750 1431 ²4²
771 1406 837 1453 sit,
871 1405 1027 1458 diliges
1060 1406 1241 1444 amicum
1276 1412 1392 1444 tuum
1427 1413 1466 1444 et
1496 1405 1591 1444 odio
1631 1405 1901 1456 lzabehis157d

495 1477 712 1515 inimicum
747 1482 880 1527 tuum,
927 1482 1101 1527 accepta
1138 1482 1238 1514 tunc
1276 1476 1465 1522 licencia,
1511 1488 1606 1513 cum
1647 1477 1803 1514 iustum

482 1547 629 1600 fuerit
675 1552 718 1585 ut
757 1546 838 1584 Dei
888 1558 1071 1597 suosque
1117 1545 1394 1584 aduersarios
1439 1552 1599 1597 quanta
1631 1551 1810 1597 possent

497 1618 646 1656 virtute
682 1616 1026 1667 comprimerent,
1061 1628 1214 1667 eosque
1247 1616 1289 1654 in
1324 1627 1398 1653 ore
1429 1615 1569 1667 gladii
1588 1614 1808 1667 ferirent,·

496 1686 610 1739 quod
643 1686 682 1724 in
718 1699 824 1725 novo
850 1686 1010 1737 procul
1047 1685 1173 1723 dubio
1217 1691 1465 1724 testamento
1504 1685 1805 1736 compescitur,
1825 1703 1865 1725 20

496 1770 589 1795 cum
618 1770 704 1807 per
731 1757 1001 1806 semetipsam
1029 1756 1186 1794 veritas
1202 1754 1400 1806 predicet
1427 1754 1594 1793 dicens:
1629 1754 1808 1806 Diligite

499 1827 691 1865 inimicos
727 1833 903 1873 vestros,
938 1824 1177 1877 benefacite
1201 1825 1282 1863 hiis
1315 1825 1388 1876 qui
1419 1824 1605 1863 oderunt
1637 1836 1721 1862 vos.
1757 1823 1809 1861 Et

498 1904 594 1948 post
625 1909 837 1947 exponens
870 1894 972 1933 iliud
1006 1894 1227 1946 evangelii:
1282 1894 1445 1933 Thauri
1476 1895 1560 1933 mei
1591 1900 1630 1932 et
1668 1893 1807 1931 altilia

498 1967 637 2005 occisa
653 1972 764 2012 sunt,
783 1966 919 2004 venite
935 1963 990 2003 ad
1006 1964 1199 2016 nupcias.
1223 1963 1351 2011 Quid,
1371 1963 1616 2015 inquit,per
1633 1964 1810 2002 thauros

499 2037 582 2075 nisi
616 2036 769 2076 ueteris
803 2037 1043 2074 testamenti
1069 2040 1222 2086 patres
1259 2034 1504 2086 signantur.
1561 2034 1670 2072 Nam
1706 2032 1805 2071 dum
1826 2041 1865 2073 25

499 2119 551 2144 ex
602 2106 891 2157 permissione
934 2105 1044 2157 legis
1093 2110 1362 2154 acceperant,
1409 2104 1610 2155 quatinus
1657 2102 1806 2141 adver-

499 2177 642 2215 sarios
663 2188 764 2214 suos
785 2175 869 2214 odii
891 2174 1180 2213 retribucione
1196 2178 1486 2224 percuterent,
1512 2179 1555 2210 ut
1576 2173 1633 2211 ita
1653 2172 1808 2219 dicam,

501 2246 603 2298 quid
647 2245 769 2284 aliud
811 2258 938 2297 quam
986 2245 1129 2282 thauri
1166 2248 1303 2289 erant,
1354 2243 1426 2294 qui
1473 2242 1666 2281 inimicos
1710 2254 1809 2281 suos

500 2329 633 2355 cornu
681 2316 847 2354 virtutis
886 2326 1089 2365 corporee
1114 2312 1376 2366 feriebant?
1432 2311 1543 2359 Quid
1580 2312 1688 2350 enim
1723 2323 1810 2362 per

501 2386 637 2424 altilia
661 2386 743 2424 nisi
768 2391 917 2437 patres
941 2384 1038 2422 novi
1059 2383 1300 2422 testamenti
1318 2382 1583 2434 figurantur
1615 2381 1688 2433 qui
1708 2380 1807 2419 dum
1827 2391 1868 2422 30

499 2456 698 2508 graciam
745 2455 908 2493 interne
947 2453 1223 2505 pinguedinis
1264 2452 1511 2503 percipiunt
1555 2464 1580 2490 a
1626 2451 1810 2489 terrenis

554 2611 596 2637 ις).
629 2604 788 2629 Lecturam
820 2602 849 2628 in
885 2609 937 2628 ore
965 2601 1055 2627 habet
1076 2599 1251 2634 Gratianus,
1295 2605 1326 2626 ut
1356 2599 1495 2626 meminit
1528 2598 1629 2625 Editio
1651 2597 1808 2630 Maurinae

504 2649 632 2684 Gregor.
656 2649 748 2676 Hom.
769 2647 941 2675 XXXVIII:
963 2648 1027 2674 iure
1043 2647 1146 2681 gladii.
1254 2646 1300 2673 26.
1329 2646 1365 2672 [ξε
1382 2645 1601 2680 promissione
1714 2644 1754 2672 31.
1775 2644 1808 2671 In

502 2696 591 2722 codd.
608 2695 718 2722 eternis
736 2694 907 2722 desideriis,
930 2694 1059 2721 Correxi
1075 2702 1089 2720 c
1107 2693 1236 2727 Gregor.
1260 2694 1276 2720 1,
1301 2700 1326 2719 c.

566 2826 613 2845 12.
642 2815 769 2845 Homil.
798 2814 986 2845 XXXVIII.
1024 2813 1056 2844 in
1078 2812 1196 2844 Matth.
1223 2812 1316 2854 opp.
1350 2819 1422 2842 tom
1450 2812 1471 2842 I.
1511 2821 1587 2853 pag.
1630 2810 1716 2843 1636
1742 2810 1809 2841 vid.

504 2873 601 2903 Decr.
624 2874 659 2904 11.
688 2883 775 2915 pars,
803 2883 906 2903 cansa
931 2872 1051 2910 XXIII,
1078 2882 1110 2912 q.
1137 2883 1168 2911 4,
1195 2881 1267 2913 cap.
1294 2871 1380 2902 XVI.
