2051 3273
195 260 390 318 CAP.v111.]
717 272 776 305 DE
802 271 1036 305 ECCLESIA.

46 378 274 429 Q152²¹SltO
312 377 393 416 loci
446 376 520 415 sibi
560 377 791 429 opponitur
834 376 942 416 dicat
986 390 1143 416 verum.
1198 376 1329 416 Casus
1368 385 1508 416 autem

194 447 358 486 videtur
389 446 599 498 possibilis
640 454 679 485 et
710 446 926 496 honestus,
968 459 1075 485 *cum
1106 459 1184 498 pro
1216 446 1436 485 mendacio
1471 455 1509 485 et

194 529 270 568 pro
293 529 549 569 quocunque
572 515 721 554 scelere
744 524 885 568 posset
907 515 967 555 uti
990 515 1206 568 privilegio
1240 516 1291 554 ad
1323 516 1402 555 hoc
1432 516 1506 555 sibi

194 587 365 637 donato,
398 593 444 625 ut
477 585 645 636 dicitur;
678 599 775 638 ergo
808 586 945 625 multo
978 585 1110 638 magis
1139 599 1215 638 pro
1246 585 1507 625 confessione

160 654 342 699 5humili
375 654 568 694 veritatis.
620 655 740 693 Pono
773 654 942 707 insuper
974 655 1088 708 quod
1118 656 1262 694 Petrus
1295 654 1508 694 maleficus

193 724 350 764 intrans
400 723 830 764 westmonasterium
876 738 951 777 pro
996 724 1263 764 immunitate
1319 724 1509 762 habenda

194 794 245 833 sit
282 793 418 846 primo
455 793 731 846 interrogatus
769 808 792 832 a
825 793 1039 846 preposito
1080 793 1442 833 Westmonasterii
1477 794 1506 832 si

193 863 360 902 habebit
390 863 702 903 immunitatem
741 863 783 901 in
830 863 937 902 dicta
971 863 1140 902 ecclesia
1174 873 1213 902 et
1249 877 1364 915 pono
1393 864 1509 916 quod

103 926 179 977 1³53n
193 934 336 972 Petrus
361 933 551 972 conscius
585 932 660 972 sibi
685 946 732 971 ex
764 932 965 985 dignitate
988 941 1197 972 contracta
1219 932 1244 960 ’Ἢ
1267 934 1316 972 de
1339 932 1509 972 crimine

140 1025 178 1046 10
196 1002 302 1041 dicat
317 1003 581 1054 desperando
606 1003 655 1041 de
677 1002 796 1040 venia
812 1002 878 1040 vel
892 1016 987 1041 vere
1010 1003 1243 1055 reputando
1269 1016 1310 1041 se
1333 1002 1508 1055 dignum

193 1081 330 1111 morte
362 1071 600 1125 temporali,
642 1072 758 1124 quod
791 1084 876 1110 non
909 1071 1079 1111 habebit
1110 1071 1420 1111 immunitatem
1467 1072 1508 1110 in

192 1141 299 1181 dicta
343 1141 532 1193 ecclesia;
575 1149 676 1180 tunc
718 1140 798 1180 isto
842 1154 938 1180 casu
985 1142 1165 1181 deducto
1198 1142 1249 1180 ad
1293 1141 1507 1194 placitum,

192 1219 304 1263 patet
348 1211 463 1264 quod
507 1224 553 1249 ex
599 1223 695 1249 casu
728 1219 768 1249 et
799 1210 887 1249 aliis
921 1210 1248 1249 circumstanciis
1281 1211 1426 1263 positis
1470 1219 1508 1250 et

192 1280 399 1332 ponendis
451 1289 627 1333 utraque
678 1294 771 1332 pars
823 1280 1168 1320 contradiccionis
1212 1280 1410 1333 sequitur,
1463 1290 1509 1320 ut

140 1360 176 1392 15
193 1359 401 1389 noverunt
432 1350 619 1402 sophiste
650 1350 691 1388 in
733 1350 904 1389 materia
935 1349 1238 1391 insolubilium.
1285 1351 1338 1389 Et
1368 1364 1509 1390 revera

193 1419 368 1471 quilibet
398 1419 557 1459 intrans
590 1419 734 1458 limina
764 1419 945 1470 ecclesie,
969 1428 1014 1459 ut
1046 1420 1234 1459 foveatur
1255 1419 1296 1458 in
1321 1420 1507 1470 crimine,

191 1488 335 1528 incidit
378 1489 626 1541 culpabilius
686 1490 728 1528 in
780 1489 952 1529 materia
1002 1489 1214 1529 insolubili
1267 1490 1506 1529 cuiusmodi

192 1566 252 1596 est
294 1567 527 1610 peccatum,
573 1572 702 1612 quam
735 1559 921 1612 sequitur
951 1560 1119 1598 Petrum
1154 1559 1347 1598 incidere.
1388 1560 1508 1599 Unde

193 1640 270 1680 ego
302 1627 443 1667 nescio
476 1628 593 1667 aliter
625 1629 783 1667 solvere
815 1642 890 1668 nec
923 1629 1045 1668 credo
1079 1629 1209 1668 alium
1246 1642 1507 1682 quemquam

136 1719 176 1740 20
193 1696 307 1748 scire,
346 1697 423 1735 nisi
456 1699 572 1750 quod
605 1697 763 1737 dictum
797 1707 997 1737 vocatum
1029 1698 1297 1751 pr1vilegium
1328 1712 1415 1737 non
1450 1708 1509 1738 est

192 1766 470 1819 privilegium,
515 1767 612 1821 quia
644 1781 730 1806 non
776 1777 836 1807 est
879 1767 1091 1806 fundabile
1128 1768 1171 1806 in
1204 1768 1425 1821 scriptura;
1470 1778 1509 1807 et

192 1836 247 1875 ita
288 1837 534 1889 generaliter
577 1837 715 1877 omnis
764 1837 829 1876 lex
873 1837 1035 1889 privata
1078 1851 1163 1876 non
1211 1837 1435 1877 fundabilis
1467 1838 1508 1877 in

193 1906 395 1959 scriptura
430 1920 517 1945 non
550 1915 610 1946 est
644 1906 924 1959 privilegium,
958 1906 1055 1960 quia
1086 1920 1172 1946 non
1205 1907 1312 1947 cedit
1343 1908 1393 1946 ad
1426 1907 1507 1946 uti-

191 1975 350 2015 litatem
389 1976 570 2027 ecclesie,
612 1990 708 2015 cum
749 1976 813 2031 (ut
851 1977 949 2016 dicit
980 1975 1262 2032 Augustinus)
1308 1977 1509 2029 quicquid

138 2046 294 2088 25utile
326 2052 388 2085 est
424 2046 483 2085 ihi
519 2047 749 2085 invenitur.
794 2047 846 2085 Et
879 2046 909 2084 si
943 2046 1098 2085 claudit
1130 2046 1510 2086 contradiccionem

193 2115 309 2166 quod
353 2115 431 2154 hoc
475 2115 526 2154 sit
558 2115 837 2168 privilegium,
877 2116 1014 2155 multo
1047 2115 1179 2168 magis
1220 2116 1358 2155 omnis
1391 2126 1509 2155 casus

192 2183 234 2221 in
278 2197 363 2237 quo
407 2184 580 2236 ponitur
623 2185 708 2223 dari
748 2185 1014 2237 privilegium
1045 2185 1155 2236 loco,
1189 2194 1235 2224 ut
1267 2186 1509 2239 quicunque

194 2252 406 2293 intraverit
450 2268 548 2293 cun]
592 2268 848 2307 quocunque
881 2254 1066 2306 crimine,
1098 2256 1277 2308 gaudeat
1308 2255 1508 2294 immuni-

193 2330 275 2362 tate
317 2324 410 2362 date
456 2324 644 2375 ecclesie3
688 2324 791 2363 illud
839 2325 952 2363 enim
997 2334 1056 2364 est
1105 2324 1365 2376 impossibile
1416 2325 1510 2377 plus

137 2404 179 2436 30
195 2393 439 2445 elongatum
471 2394 521 2432 ab
555 2394 803 2445 apparencia
826 2390 956 2447 quam
979 2395 1215 2447 precedens.
1251 2393 1361 2433 Cum
1388 2394 1509 2432 multi

194 2463 349 2502 intrant
382 2464 667 2503 sanctuarium
711 2478 806 2503 cum
851 2465 922 2504 illo
967 2473 1152 2517 peccato,
1193 2465 1359 2504 racione
1392 2466 1509 2504 cuius

194 2541 389 2571 tenentur
440 2533 627 2572 amittere
678 2533 924 2585 libertatem,
971 2548 1072 2587 ymo
1107 2548 1203 2572 cum
1258 2535 1508 2587 principium

196 2602 387 2654 Gregorii
430 2602 483 2642 sit
518 2616 665 2642 verum
698 2604 813 2656 quod
845 2603 982 2642 omnis
1016 2612 1054 2642 et
1086 2603 1315 2655 specialiter
1358 2604 1508 2656 presci-

250 2757 278 2784 ς).
308 2749 346 2783 Α1
374 2749 529 2783 corrigere
554 2749 633 2776 vult:
665 2758 701 2776 ex
721 2750 868 2784 gravitate
889 2755 1055 2778 contracta.
1201 2751 1238 2778 13.
1259 2752 1287 2778 A
1306 2752 1364 2785 Al:
1387 2759 1458 2778 catu
1483 2757 1510 2778 et

197 2795 290 2821 deest.
435 2804 473 2831 ¹7-
495 2795 527 2822 In
544 2795 670 2822 materia
689 2795 865 2823 involubili:
886 2795 1077 2831 superfluum
1100 2805 1166 2823 esse
1188 2802 1214 2823 et
1235 2805 1249 2823 e
1270 2805 1365 2831 marg.
1396 2798 1423 2824 in
1444 2803 1508 2825 tex*

198 2845 261 2867 tum
291 2841 438 2868 incidisse
467 2841 596 2868 videtur.
740 2842 780 2868 18.
812 2842 850 2868 ss:
885 2847 1045 2876 peccatum
1076 2843 1221 2869 incidere.
1363 2843 1404 2870 23.
1433 2845 1459 2870 Α
1480 2844 1507 2870 in

198 2895 311 2922 marg:
334 2886 510 2914 Conclusio.
656 2887 699 2914 28.
722 2886 765 2915 30.
787 2888 822 2914 13:
849 2888 1040 2915 immunitate
1062 2904 1090 2907 —
1114 2889 1287 2924 elongatum
1311 2889 1403 2916 deest.

1720 263 1792 315 ¹75

1563 1780 1631 1807 The
1654 1780 1760 1808 VVest-

1541 1815 1670 1843 minster
1690 1815 1780 1850 privi-

1536 1852 1601 1886 lege
1622 1850 1646 1877 is
1667 1859 1683 1877 a
1702 1850 1778 1877 false

1628 1893 1697 1912 one.
