2051 3343
290 226 379 254 CAP.
400 225 452 253 ιν.
474 213 486 270 ]
827 231 884 261 DE
912 229 1145 262 ECCLESIA.
1820 221 1873 275 87

122 343 158 376 N
182 353 258 384 140b
278 349 365 377 non
397 351 521 391 posse
551 335 724 388 intelligi
759 336 808 374 de
841 334 1029 387 quolibet
1060 347 1169 386 papa
1201 342 1240 372 et
1271 333 1355 372 suis
1387 335 1585 374 domesti-

277 409 346 448 cis.
379 408 477 447 Ideo
510 407 627 459 glosa
665 404 721 444 sic
753 405 958 458 loquitur:
1010 404 1167 454 Quero,
1212 402 1361 456 inquit,
1407 404 1457 444 de
1500 417 1584 457 qua

274 480 455 519 ecclesia
487 479 554 517 lzic
586 476 790 528 loquitur,
815 474 912 527 quia
935 487 1020 513 non
1044 481 1181 526 potest
1195 472 1369 526 intelligi
1402 474 1451 512 de
1476 488 1586 527 papa

270 549 342 601 qui
386 547 536 587 dicitur
582 544 765 594 ecclesia,
810 553 855 583 ut
898 556 1022 595 supra
1059 543 1224 592 eodem,
1278 542 1582 596 Quodcunque,

239 627 310 661 5et
341 618 434 658 VIIa
467 631 505 670 q.
540 616 694 669 prima:
730 615 849 653 Scire
883 613 1020 652 debes.
1054 612 1135 651 Sed
1168 620 1327 651 certum
1370 622 1429 652 est
1468 614 1585 666 quod

269 700 379 739 papa
401 699 532 725 errare
555 694 693 738 potest
717 682 782 740 (ut
802 683 917 722 XIXa
933 682 1024 720 dist.
1040 678 1303 721 Anastasius
1318 687 1357 721 et
1371 681 1463 721 XLa
1488 682 1582 721 dist.

272 757 318 796 Si
341 755 494 808 papa).
520 755 617 794 Ideo
641 767 716 794 nec
747 753 835 806 ipse
867 765 942 791 nec
976 750 1062 790 eius
1078 750 1233 789 familia
1247 758 1307 789 est
1321 750 1391 790 illa
1414 751 1583 791 ecclesia

270 827 320 865 de
353 839 434 879 qua
464 825 530 863 hic
563 823 713 863 dicitur
745 822 861 876 quod
895 834 1026 860 errare
1050 833 1137 859 non
1160 829 1314 876 potest.
1349 821 1469 860 Unde
1491 821 1582 873 ipsa

230 895 544 948 Scongregacio
567 893 756 933 fidelium
780 891 931 930 dicitur
964 890 1039 929 hec
1074 890 1247 929 ecclesia
1283 887 1348 944 (ut
1371 890 1431 928 De
1465 890 1580 930 Con-

215 984 254 1006 10
269 965 502 1005 secracione
518 965 555 1003 d.
573 964 622 1015 Ia,
647 959 878 1014 Ecclesia).
898 961 950 999 Et
965 959 1020 998 sic
1036 959 1281 1011 intelligitur
1297 959 1455 999 dictum
1472 960 1581 1000 beati
1597 956 1682 983 ⁵³⁰OE
1719 956 1871 985 Jer0m0⁷s

1610 991 1800 1026 description
1823 992 1858 1020 of

265 1034 480 1088 Jeronymi
512 1033 699 1086 positum
731 1031 901 1082 XXIVH,
935 1044 973 1083 q.
1001 1043 1032 1067 1.
1057 1029 1155 1069 Hec
1173 1036 1234 1068 est
1251 1028 1384 1081 fides.
1406 1029 1578 1079 Sancta,
1597 1026 1871 1096 Cfffiseclllffissffies

265 1104 414 1157 inquit,
448 1110 511 1143 est
541 1103 739 1142 Romana
771 1101 951 1141 ecclesia
983 1113 1062 1152 que
1095 1112 1268 1152 semper
1299 1099 1580 1140 immaculata
1597 1100 1628 1123 10
1648 1096 1819 1166 ῖξξξξζῐζξῐῑζ
1834 1097 1873 1134 by

259 1173 507 1227 permansit
538 1173 709 1212 domino
735 1171 992 1224 providente
1023 1177 1062 1209 et
1084 1169 1204 1208 beato
1228 1169 1354 1208 Petro
1387 1171 1579 1222 apostolo

267 1257 387 1296 opem
408 1243 586 1298 ferente
620 1243 661 1281 in
683 1241 894 1296 futurum
930 1240 1118 1279 manebit
1148 1241 1240 1280 sine
1286 1240 1382 1279 ulla
1425 1241 1580 1281 hereti-

215 1321 416 1353 &corum
449 1313 733 1353 insultacione
766 1319 891 1364 atque
911 1310 1054 1364 firma
1100 1317 1139 1349 et
1183 1310 1414 1349 immobilis
1465 1311 1582 1350 omni

270 1390 456 1435 tempore
480 1383 700 1434 persistet.
735 1381 815 1420 Hic
848 1394 933 1419 non
968 1389 1106 1432 potest
1137 1379 1313 1431 intelligi
1337 1379 1580 1433 quicunque

268 1466 378 1505 papa
409 1465 506 1492 cum
539 1465 616 1490 suo
649 1451 840 1503 collegio.
875 1450 936 1489 Illi
969 1449 1080 1489 enim
1104 1458 1201 1488 sunt
1223 1449 1362 1502 sepius
1386 1451 1581 1491 maculati

269 1531 308 1561 et
339 1521 617 1561 insultacione
656 1520 937 1560 hereticorum
981 1528 1067 1558 tam
1112 1519 1162 1557 ab
1206 1518 1315 1559 intra
1356 1533 1482 1572 quam
1529 1522 1580 1560 ab

269 1601 379 1632 extra
410 1600 631 1644 tamquam
664 1590 818 1643 fragilis
840 1589 974 1628 viator
998 1588 1201 1640 concussi,
1234 1597 1281 1628 ut
1313 1590 1477 1629 oculata
1501 1589 1580 1629 fide

211 1670 380 1715 2opatet
411 1661 586 1700 diebus
620 1660 830 1711 nostris,
873 1672 969 1698 cum
1003 1659 1083 1697 due
1123 1667 1261 1711 partes
1308 1659 1579 1699 cardinalium

266 1732 479 1784 inponunt
529 1745 637 1783 papa
680 1738 824 1769 nostro
870 1738 909 1768 et
952 1728 1144 1767 fratribus
1200 1742 1296 1768 eum
1341 1728 1579 1769 foventibus

266 1801 490 1840 hereticam
505 1800 767 1853 pravitatem,
785 1812 880 1838 cum
896 1797 962 1854 (ut
976 1797 1192 1853 inquiunt)
1209 1800 1367 1838 nedum
1384 1799 1579 1839 nituntur

267 1870 424 1910 auferre
456 1869 670 1922 privilegia
711 1869 901 1908 Romane
945 1868 1127 1919 ecclesie,
1172 1870 1243 1907 sed
1288 1878 1493 1922 quantum
1536 1869 1578 1907 in

267 1940 323 1979 eis
356 1949 416 1979 est
446 1939 578 1992 ipsam
613 1939 836 1978 destruere.
870 1937 925 1977 Et
957 1939 1095 1977 omnis
1129 1939 1230 1979 talis
1261 1946 1324 1978 est
1368 1940 1579 1979 hereticus

210 2016 249 2048 25
269 2008 333 2064 (ut
364 2018 476 2062 patet
507 2010 641 2048 XXIIa
672 2008 764 2047 dist.
804 2008 976 2059 Omnes,
1000 2017 1046 2047 ut
1078 2017 1192 2060 patet
1213 2009 1318 2048 libro
1350 2010 1440 2061 VIO,
1472 2019 1578 2049 trac—

266 2088 354 2119 tatu
377 2080 427 2118 de
449 2079 617 2132 heresi).
637 2078 746 2118 Cum
771 2092 867 2131 ergo
888 2078 1001 2117 iuxta
1025 2078 1187 2117 decreta
1200 2079 1393 2118 Romana
1408 2079 1579 2119 ecclesia

264 2149 389 2189 habet
439 2149 668 2201 primatum
720 2157 759 2188 et
806 2148 1049 2201 dignitatem
1093 2149 1232 2201 quoad
1275 2149 1411 2188 Deum
1456 2163 1579 2202 super

266 2233 413 2259 omnes
445 2219 557 2270 alias,
590 2227 703 2271 patet
736 2219 851 2271 quod
882 2219 951 2257 illa
983 2226 1043 2258 est
1075 2218 1213 2257 totalis
1253 2219 1423 2257 ecclesia
1472 2219 1575 2258 mili-
1592 2217 1865 2280 ξξῇἐῗεῦῗὴῦξῑῗξ

264 2298 356 2328 tans
390 2302 516 2342 quam
549 2288 662 2326 Deus
694 2288 789 2340 plus
823 2288 958 2340 diligit
991 2301 1117 2341 quam
1142 2287 1264 2326 aliam
1290 2287 1376 2327 eius
1399 2297 1574 2340 partem.
1658 2287 1801 2315 militant.

210 2364 251 2396 30
265 2359 318 2397 Et
350 2358 405 2397 sic
438 2357 655 2397 manifeste
689 2357 876 2410 sequitur
908 2371 955 2396 ex
973 2356 1052 2396 fide
1075 2358 1190 2410 quod
1217 2371 1302 2396 non
1324 2357 1428 2396 illud
1451 2358 1574 2397 colle-

269 2429 384 2481 gium
417 2428 490 2467 sed
521 2436 608 2466 tota
639 2435 770 2466 mater
812 2427 854 2466 in
899 2427 1016 2466 omni
1061 2437 1183 2479 gente
1226 2436 1264 2467 et
1306 2428 1449 2480 lingua
1493 2428 1574 2467 dis-

316 2548 340 2568 2.
359 2542 388 2568 A
408 2541 438 2568 in
458 2549 575 2576 marg:
593 2540 676 2568 Nota
696 2540 827 2576 glosam.
918 2550 961 2575 14.
984 2542 1024 2569 B:
1044 2542 1206 2569 ferentem.
1279 2541 1325 2570 28.
1347 2543 1391 2569 A:
1411 2547 1494 2578 patet
1513 2542 1573 2570 illa.

265 2587 307 2616 31.
330 2588 428 2616 Codd.
449 2588 541 2623 ligna.

322 2684 445 2715 4—11.
473 2673 610 2705 Decreti
636 2683 704 2705 sec.
731 2684 820 2716 pam,
848 2684 939 2705 caus.
969 2673 1039 2714 VII,
1067 2685 1099 2717 q.
1128 2674 1151 2715 I,
1185 2685 1211 2705 c.
1237 2674 1309 2714 VII,
1347 2674 1458 2716 prima
1494 2684 1574 2716 pars

266 2731 343 2763 dist.
371 2732 461 2771 XIX,
489 2742 516 2762 c.
544 2732 600 2771 IX,
628 2731 704 2762 dist.
731 2732 801 2770 XL,
829 2742 901 2774 cap.
928 2733 990 2771 V1;
1018 2742 1086 2763 sec.
1113 2742 1202 2774 pars,
1229 2742 1331 2763 causa
1349 2732 1469 2773 XXIV,
1496 2744 1529 2775 q.
1553 2734 1574 2773 1,

265 2800 338 2831 cap.
358 2790 414 2821 Vl.
431 2796 463 2820 et
475 2790 563 2821 XIV.
591 2789 668 2820 Non
682 2796 734 2820 est
754 2789 970 2831 Hieronymi.
999 2791 1116 2832 Polyc.
1131 2791 1154 2830 I,
1172 2789 1200 2829 3,
1216 2789 1246 2822 6.
1263 2790 1313 2821 Cf.
1337 2790 1526 2828 Friedberg
1541 2791 1574 2821 in

266 2847 367 2889 Corp.
396 2848 456 2878 iur.
483 2857 604 2878 canon.
630 2857 708 2889 pars
734 2848 757 2888 Ι,
777 2858 854 2889 pag.
869 2858 947 2891 970.
1001 2858 1051 2888 24.
1067 2848 1175 2878 Dec.I
1201 2857 1280 2890 pars
1297 2848 1373 2879 dist.
1389 2849 1489 2889 XXII,
1507 2859 1532 2879 c.
1549 2849 1571 2879 1.
