2051 3343
190 205 263 245 132
903 217 1128 248 JOHANNIS
1156 217 1349 248 WYCLIF.
1603 201 1708 259 [CAP.
1723 211 1776 240 v1.

467 328 506 361 et
538 321 704 361 adhesit
737 321 865 360 uxori
898 333 984 371 sue,
1029 321 1101 359 sed
1144 320 1248 359 illud
1287 320 1448 359 dictum
1479 328 1648 372 oportet
1681 332 1780 359 sane
1800 328 1878 369 146d
1900 329 1931 363 Ο

467 390 654 444 intelligi.
702 391 811 430 Nam
852 389 1043 429 Christus
1093 403 1311 428 assumens
1355 389 1459 429 illud
1506 390 1622 442 quod
1667 388 1781 441 prius

467 473 555 500 non
587 468 672 499 erat
703 472 791 498 non
824 458 1005 510 perdidit
1038 459 1103 498 vel
1135 459 1255 498 desiit
1287 473 1375 499 esse
1406 459 1511 499 illud
1543 459 1660 513 quod
1683 468 1782 510 erat,

469 528 567 582 quia
597 536 740 568 manet
754 528 945 567 absolute
967 527 1201 568 necessario
1225 528 1458 568 eternaliter
1480 529 1631 581 plenus
1655 529 1782 581 Deus,

468 599 540 637 sed
571 598 738 652 reliquit
769 598 1025 638 assumendo
1048 598 1359 638 humanitatem
1391 612 1479 638 esse
1501 598 1642 638 solum
1657 599 1816 650 Deus‚5

468 681 566 707 cum
598 667 676 707 fuit
705 667 947 708 humanitas
993 681 1075 721 que
1107 676 1169 708 est
1212 667 1325 706 aliud
1370 681 1500 721 quam
1543 668 1685 708 deitas.
1731 668 1784 707 Et

467 737 524 776 sic
557 736 629 776 ubi
673 736 787 789 prius
825 736 904 776 fuit
947 750 1114 776 summe
1161 737 1305 776 beatus
1350 750 1448 776 cum
1492 746 1606 789 patre
1650 745 1784 777 stante

467 806 536 847 illa
568 806 824 847 beatitudine
858 820 956 847 cum
988 816 1104 859 patre
1136 806 1365 860 assumpsit
1396 806 1607 847 miseriam
1641 807 1782 847 frater-

175 881 395 944 ffilgic‘pclheulrecfg
406 882 459 945 fg}
468 890 568 916 nam
602 875 863 916 condicionis
895 876 1094 927 humane,
1129 885 1168 915 et
1190 876 1247 915 sic
1269 876 1438 929 reliquit
1459 886 1638 917 matrem
1661 891 1782 931 syna-

193 953 244 979 ὼε
266 951 439 979 Gentiles'⁷-
468 959 639 998 gogam,
672 960 760 985 non
793 946 1023 985 deserendo
1056 946 1247 985 membra
1269 946 1551 998 predestinata
1580 946 1624 985 in
1655 947 1783 987 veteri
1803 963 1841 984 10

466 1025 732 1068 testamento,
752 1016 823 1055 sed
847 1029 944 1055 cum
959 1015 1015 1055 eis
1039 1016 1295 1054 assumendo
1318 1015 1542 1056 ecclesiam
1565 1017 1781 1069 gencium,

466 1083 531 1139 (ut
547 1086 667 1125 docet
680 1086 916 1138 Apostolus
932 1086 1227 1125 Romanorum
1242 1085 1332 1137 IXO,
1352 1084 1438 1141 24).
1449 1087 1784 1138 Verumptamen

464 1155 623 1195 multos
661 1155 876 1195 carnaliter
907 1156 1057 1195 Iudeos
1085 1155 1254 1209 reliquit
1282 1165 1502 1209 tamquam
1529 1155 1697 1208 ineptos
1731 1156 1784 1194 ad

462 1225 661 1265 fabricam
676 1235 816 1265 sancte
832 1226 974 1265 matris
987 1226 1155 1266 ecclesie
1171 1234 1210 1265 et
1225 1226 1459 1265 secundum
1470 1226 1615 1265 dotem
1627 1238 1783 1264 novam

462 1296 625 1336 adhesit
668 1296 788 1335 uxori
820 1310 895 1337 sue
926 1310 1008 1349 que
1040 1295 1086 1336 fit
1124 1296 1358 1349 plurimum
1397 1309 1445 1334 ex
1488 1295 1697 1348 gentibus,
1743 1298 1839 1335 et15

466 1366 522 1405 sic
554 1366 738 1406 honorat
768 1374 948 1406 matrem
981 1366 1199 1406 ecclesiam
1230 1374 1451 1419 tamquam
1471 1365 1564 1418 ipso
1598 1365 1781 1417 priorem

465 1444 503 1475 et
519 1435 797 1488 superiorem,
814 1449 864 1475 eo
880 1436 997 1489 quod
1013 1444 1073 1475 est
1088 1436 1269 1475 duarum
1283 1444 1530 1475 naturarum
1545 1444 1781 1474 creatarum

463 1514 653 1559 utraque.
687 1506 742 1545 Et
773 1506 1009 1545 secundum
1033 1519 1187 1558 corpus
1210 1515 1296 1544 erat
1319 1505 1512 1544 subditus
1535 1504 1776 1557 parentibus

462 1575 546 1614 suis
591 1575 843 1626 carnalibus,
897 1589 996 1628 ergo
1042 1575 1180 1615 multo
1228 1574 1361 1627 magis
1406 1573 1649 1627 parentibus
1695 1573 1779 1613 suis

463 1645 760 1698 spiritualibus,
799 1645 881 1684 hoc
924 1655 996 1693 est,
1030 1644 1108 1683 sibi
1153 1654 1193 1684 et
1237 1653 1379 1683 sancte
1426 1643 1550 1683 matri
1595 1643 1777 1683 ecclesie.
1796 1657 1837 1679 20

461 1715 577 1755 Sicut
608 1715 722 1754 enim
754 1724 842 1754 tam
873 1715 1111 1754 secundum
1135 1728 1288 1767 corpus
1311 1727 1441 1767 quam
1473 1713 1662 1753 animam
1694 1722 1780 1753 erat

460 1784 651 1825 subditus
690 1784 877 1836 trinitati,
912 1784 969 1823 sic
1015 1784 1250 1824 secundum
1284 1797 1436 1836 corpus
1471 1792 1556 1823 erat
1587 1782 1779 1823 subditus

461 1854 537 1893 sibi
571 1854 807 1894 secundum
822 1852 1436 1906 animamffssVerumptamem
1466 1852 1632 1892 videtur
1663 1853 1780 1906 quod
1799 1859 1878 1900 147²

460 1938 547 1963 non
580 1923 631 1965 sit
662 1923 800 1963 senior
831 1937 962 1977 quam
994 1922 1239 1963 universalis
1273 1922 1444 1962 ecclesia
1486 1923 1560 1961 sed
1596 1931 1778 1974 econtra,

461 2007 558 2034 cum
602 1993 692 2046 ipsa
735 1992 786 2033 sit
831 1996 1031 2032 coetanea
1073 2006 1171 2032 cum
1203 1993 1367 2032 mundo
1401 2001 1440 2032 et
1472 1992 1638 2032 senium
1681 1992 1779 2033 dicit
1795 1995 1835 2028 25

459 2063 516 2102 rei
548 2063 737 2102 mortalis
781 2062 1003 2116 periodum
1041 2063 1287 2102 naturalem.
1335 2062 1417 2102 Sed
1463 2070 1523 2102 est
1566 2061 1779 2115 antiquior

461 2146 591 2188 quam
622 2142 810 2172 creatura
842 2132 934 2182 alia,
969 2145 1066 2171 cum
1100 2132 1151 2172 sit
1182 2131 1381 2185 antiquus
1421 2131 1598 2183 dierum,
1638 2140 1677 2171 et
1721 2132 1778 2171 sic

462 2212 521 2243 est
570 2202 863 2242 honorabilior
915 2210 954 2242 et
1004 2202 1155 2242 melior
1209 2215 1338 2255 quam
1399 2211 1531 2241 mater
1593 2200 1777 2248 ecclesia,

460 2272 839 2325 proporcionaliter
871 2281 917 2312 ut
948 2272 1078 2312 deitas
1112 2271 1271 2311 excedit
1304 2280 1550 2311 creaturam.

196 2351 336 2392 Chri—svs„
356 2353 415 2381 hu-
519 2342 600 2382 Sed
633 2341 856 2382 difficultas
889 2351 963 2394 est,
997 2350 1141 2382 utrum
1165 2341 1356 2381 Christus
1378 2340 1613 2380 secundum
1626 2339 1826 2379 huma-P

184 2389 435 2492 ἕζιξέιῑὲιὲἦῖἓὲ
460 2412 636 2451 nitatem
668 2412 719 2452 sit
752 2411 889 2451 forma
921 2411 1104 2451 ecclesie.
1140 2411 1194 2450 Et
1224 2410 1390 2450 videtur
1422 2410 1526 2450 mihi
1560 2410 1677 2464 quod
1699 2409 1776 2461 sic3

199 2492 411 2554 c1pgz)u¹9cfhthe
461 2495 561 2521 nam
592 2481 699 2522 sicut
731 2480 868 2521 forma
899 2480 1082 2521 vivificat
1115 2489 1154 2520 et
1195 2489 1339 2521 movet
1379 2493 1532 2533 corpus
1571 2480 1624 2519 ad
1662 2488 1777 2519 actus

511 2661 532 2680 1.
553 2660 579 2679 2.
611 2653 640 2680 A
660 2653 717 2687 A1:
739 2660 812 2680 sane
832 2651 1014 2687 intelligere.
1179 2658 1206 2678 2.
1227 2652 1256 2678 A
1275 2651 1305 2678 in
1328 2659 1442 2686 marg:
1482 2650 1526 2678 De
1547 2650 1776 2680 incarnacione.

459 2697 482 2725 5.
504 2700 548 2725 A:
588 2698 821 2726 assummendo.
999 2705 1037 2725 12.
1058 2698 1088 2725 A
1108 2697 1145 2724 13:
1169 2696 1399 2730 Romanorum;
1429 2696 1481 2724 lX.
1510 2697 1612 2732 deest;
1632 2698 1663 2725 in
1683 2698 1774 2725 codd.

459 2745 578 2772 lacuna.
721 2745 763 2773 25.
785 2745 824 2772 B:
863 2749 895 2773 ut
914 2745 955 2774 ita
976 2745 1024 2772 sit.
1151 2751 1194 2780 27.
1225 2744 1255 2771 A
1275 2743 1305 2771 in
1327 2751 1442 2779 marg:
1482 2742 1667 2772 Differencia
1698 2744 1777 2772 inter

459 2791 579 2818 senium
609 2796 636 2819 et
657 2791 878 2827 antiquitatem.
1022 2789 1067 2819 30.
1090 2790 1110 2817 Β
1132 2790 1161 2817 ἰη
1182 2798 1279 2825 marg.
1302 2798 1384 2818 man.
1405 2797 1484 2817 rec.:
1505 2789 1614 2818 Utrum
1637 2790 1778 2818 Christus

461 2838 634 2865 secundum
657 2838 882 2866 humanitatem
904 2838 943 2865 sit
972 2837 1072 2865 forma
1100 2837 1240 2865 ecclesie.
1278 2838 1306 2864 A
1327 2837 1357 2864 in
1383 2845 1498 2871 marg.:
1520 2836 1666 2865 Dubium.
