2051 3273
214 217 291 255 318
930 226 1155 259 ,IOHANNIS
1182 225 1377 258 WYCLIF.
1600 209 1705 268 [CAP.
1727 220 1809 250 xiv.

497 330 608 383 quod
647 331 804 383 legitur
835 331 1031 370 cecidisse
1074 332 1114 370 in
1155 330 1328 369 ecclesia
1363 329 1444 367 Dei
1476 335 1661 380 tempore
1698 328 1901 381 Con-173C
1924 338 1961 371 N

497 400 672 439 stantinz'
693 401 764 452 qui
791 401 831 439 z'n
863 401 1155 440 izcrisdiccione
1182 413 1261 439 sua
1285 399 1439 438 dotavit
1472 398 1704 449 ecclesiam,
1736 397 1810 437 sed

499 483 580 508 non
614 483 773 509 assero.

226 551 473 589 whonwasyery
558 539 635 578 Iste
669 548 810 578 autem
844 539 990 578 doctor
1022 539 1267 591 reprobatus
1301 537 1377 577 fuit
1410 547 1542 587 acute,
1576 537 1674 590 quia
1705 548 1858 582 trac-0

210 585 483 654 ¹³¹¹¹Srgss¹siiii1⁵s.ex“
499 608 599 647 tavit
643 609 692 647 de
726 617 931 661 potestate
976 622 1096 662 pape,
1150 608 1245 647 ideo
1279 607 1415 647 innuit
1448 621 1547 646 cum
1588 606 1843 650 formidine5

499 678 617 730 quod
663 679 807 718 debuit
853 688 1090 718 constanter
1133 691 1325 728 asserere,
1359 686 1405 716 ut
1437 678 1559 717 docet
1593 678 1720 729 Hugo
1761 678 1810 716 de

500 748 652 786 Sancto
686 748 866 799 Victore,
910 749 1017 787 libro
1063 748 1119 786 ΙΙΟ
1160 748 1220 787 De
1253 747 1542 798 Sacramentis,
1590 757 1705 799 parte
1738 747 1810 797 110,

500 817 691 870 capitulis
724 818 796 856 IIIO
830 827 868 857 et
911 818 1017 858 VIIO.
1068 819 1178 856 Nam
1222 818 1338 870 quod
1370 817 1551 869 amplius
1585 825 1645 855 est
1683 830 1810 869 quam

499 886 602 926 liber
634 901 734 926 usus
768 887 926 927 fructus
958 888 1000 926 in
1034 888 1157 938 clero,
1191 901 1364 939 vergens
1398 887 1448 925 ad
1480 886 1607 925 ritum
1631 886 1808 925 munda-

499 970 617 1007 num,
656 957 816 996 malum
850 966 921 1008 est,
955 957 1052 1010 quia
1084 956 1348 996 sacerdotalis
1381 955 1508 995 officii
1541 956 1869 997 tardativum.'10

501 1025 613 1065 Cum
646 1039 743 1079 ergo
782 1026 822 1064 in
862 1026 948 1066 istis
980 1026 1081 1065 locis
1114 1026 1315 1079 scripture
1348 1040 1433 1065 non
1469 1025 1668 1064 fundatur
1700 1025 1809 1064 clero

501 1095 672 1134 civilitas
706 1097 777 1135 sed
809 1096 930 1148 plane
970 1096 1238 1147 contrarium,
1284 1110 1358 1135 nec
1392 1105 1451 1135 est
1488 1095 1691 1147 scriptura
1735 1093 1810 1132 sibi

501 1165 579 1218 ipsi
612 1166 830 1218 contraria,
854 1165 1017 1205 utinam
1040 1166 1143 1204 illud
1168 1165 1407 1204 dominium
1432 1174 1536 1204 esset
1559 1177 1812 1216 suspensum

499 1249 519 1273 a
562 1236 685 1286 clero,
732 1248 956 1288 quousque
1002 1235 1043 1273 in
1089 1235 1290 1287 scriptura
1334 1248 1447 1274 sacra
1480 1234 1567 1273 eius
1611 1233 1813 1273 invenerit

501 1303 839 1355 fundamentum,
873 1314 912 1344 et
943 1305 1094 1344 vellem
1126 1305 1156 1345 si
1187 1305 1276 1344 Deo
1310 1306 1489 1357 placeret
1522 1305 1637 1357 quod
1672 1304 1812 1343 nullus
1832 1315 1868 1346 15

502 1376 693 1413 sacerdos
740 1374 910 1413 haberet
954 1374 1184 1427 primatum
1226 1375 1291 1413 vel
1336 1374 1603 1427 privilegium
1642 1373 1810 1412 ecclesie

501 1458 723 1497 quousque
770 1454 924 1484 cartam
968 1444 1076 1483 illius
1109 1444 1313 1483 invenerit
1346 1444 1388 1482 in
1420 1444 1634 1495 scriptura.
1700 1442 1811 1482 Cum

500 1514 609 1553 enim
645 1528 771 1553 nemo
806 1514 926 1553 debet
960 1513 1226 1566 privilegium
1258 1523 1452 1566 appetere
1485 1513 1561 1552 nisi
1592 1512 1667 1552 sibi
1697 1512 1819 1562 utile,

501 1593 539 1622 et
582 1585 815 1623 secundum
847 1584 1139 1637 Augustinum
1172 1584 1209 1623 si
1243 1584 1344 1622 utile
1377 1590 1450 1634 est,
1488 1584 1547 1623 ihi
1578 1584 1808 1630 invenitur,

498 1653 663 1692 videtur
714 1654 829 1706 quod
882 1654 933 1691 ad
985 1653 1183 1692 clericum
1233 1653 1586 1706 privilegiandum
1633 1652 1811 1705 pertinet
1827 1673 1869 1694 20

501 1723 619 1776 quod
667 1732 822 1762 cartam
867 1732 953 1762 tam
1000 1723 1255 1762 autenticam
1300 1723 1483 1762 inveniat
1516 1722 1558 1761 in
1590 1722 1810 1775 scriptura,

500 1801 600 1832 tunc
624 1792 736 1831 enim
758 1793 1042 1832 laboraremus
1057 1793 1162 1832 circa
1185 1792 1272 1832 eius
1296 1792 1509 1843 noticiam,
1533 1792 1812 1831 niteremurve

500 1862 543 1900 in
591 1862 860 1915 deposicione
924 1862 980 1901 sic
1033 1862 1154 1902 nobis
1202 1862 1432 1902 adversaria
1463 1876 1510 1901 ex
1552 1861 1813 1900 deformitate

500 1931 583 1971 vite
615 1941 754 1971 nostre
798 1932 849 1971 ad
895 1941 1050 1971 cartam
1093 1932 1219 1971 illam.
1274 1932 1326 1971 Et
1370 1932 1495 1971 tercio
1536 1945 1622 1970 non
1666 1944 1812 1983 accep-

501 2010 685 2041 taremus
719 2011 886 2041 tantum
918 2015 1025 2040 onus
1058 2001 1134 2040 nisi
1164 2001 1283 2055 quasi
1316 2002 1505 2041 nolentes
1537 2002 1589 2040 ad
1617 2014 1814 2053 magnam
1831 2012 1869 2044 25

504 2071 752 2110 instanciam
782 2071 930 2124 populi
954 2085 1030 2124 pro
1054 2071 1256 2124 spirituali
1288 2070 1484 2124 suffragio
1517 2085 1592 2111 nos
1616 2070 1812 2124 urgentis.

220 2150 487 2201 Allccremonhigs‘
564 2141 605 2180 Si
644 2150 787 2180 autem
825 2141 1012 2193 arguitur
1050 2155 1123 2194 per
1160 2140 1304 2181 locum
1336 2155 1357 2179 a
1390 2141 1513 2180 simili
1559 2141 1670 2194 quod
1712 2140 1813 2179 ritus

215 2186 487 2255 {liogiguiiiiffiliss
504 2210 635 2249 nostri
669 2224 755 2249 non
788 2211 940 2261 valent,
974 2224 1071 2250 cum
1105 2224 1191 2249 non
1231 2210 1312 2250 sint
1344 2210 1576 2250 fundabiles
1609 2210 1651 2249 in
1685 2210 1812 2262 scrip-

267 2257 436 2291 semmuro.
503 2288 606 2331 tura,
653 2280 746 2319 dico
780 2281 897 2333 quod
935 2281 1060 2319 docto
1105 2280 1186 2319 hoc
1236 2281 1286 2318 de
1330 2293 1587 2333 quocunque
1630 2279 1710 2318 ritu
1756 2286 1816 2318 est

505 2349 720 2388 conclusio
769 2350 1051 2400 concedenda,
1096 2349 1194 2402 quia
1232 2358 1332 2388 tunc
1377 2363 1462 2389 non
1504 2358 1670 2389 sonaret
1712 2348 1814 2387 ritus
1831 2358 1872 2390 30

504 2419 596 2457 talis
640 2419 840 2472 pietatem
872 2419 936 2458 vel
974 2418 1220 2471 religionem
1253 2418 1418 2458 Christi.
1473 2420 1595 2459 Unde
1627 2432 1704 2471 pro
1736 2417 1814 2456 illis

505 2502 586 2541 que
631 2502 716 2528 non
770 2503 959 2541 expresse
1009 2490 1213 2539 docentur
1262 2488 1304 2527 in
1353 2489 1554 2541 scriptura
1600 2501 1726 2538 sacra,
1784 2486 1815 2525 si

505 2559 688 2611 quadam
739 2558 950 2597 evidencia
1001 2558 1139 2611 topica
1183 2559 1423 2611 suadentur,
1483 2572 1568 2598 non
1614 2558 1814 2596 debemus

557 2713 594 2733 12.
616 2706 653 2734 13.
674 2706 703 2734 A
717 2708 773 2741 Al:
795 2706 854 2734 sibi
875 2705 956 2741 ipsa}
1092 2713 1139 2742 29.
1159 2705 1232 2734 Ain
1247 2714 1360 2741 marg:
1381 2706 1471 2734 Nota.
1615 2706 1660 2734 30.
1683 2706 1723 2733 B:
1744 2711 1817 2734 tunc

506 2758 639 2781 sonaret.
779 2752 822 2781 33.
845 2755 870 2780 A
886 2754 915 2780 in
931 2761 1043 2787 marga
1067 2752 1236 2787 Quomodo
1253 2753 1343 2780 debet
1358 2753 1480 2781 defendi
1501 2758 1528 2781 et
1548 2754 1643 2781 teneri
1664 2753 1817 2788 scriptura

505 2807 601 2826 sacra.
622 2799 717 2827 Ritus.
741 2800 761 2827 Β
783 2801 810 2827 in
834 2808 946 2834 marga
973 2799 1233 2827 Contendendum
1256 2808 1316 2827 non
1334 2805 1377 2828 est
1400 2806 1505 2829 contra
1527 2801 1601 2828 ritus
1625 2802 1696 2828 duni
1718 2801 1817 2836 topice

506 2846 673 2874 fundantur
695 2848 723 2874 in
745 2848 906 2882 scriptura.
