2051 3273
240 224 319 263 386
957 236 1185 267 JOHANNIS
1212 236 1412 267 WYCLIF.
1636 222 1739 280 [CAP.
1761 234 1842 262 xvr.

520 338 819 392 operacionem
854 340 998 391 quoad
1032 339 1119 378 eius
1153 339 1437 378 substanciam
1468 348 1635 392 oportet
1658 341 1987 384 auctori—1820Y

519 408 602 447 zari
635 422 656 446 a
690 407 802 459 Deo3
839 417 878 447 et
911 422 1010 448 cum
1042 408 1180 447 omnis
1212 408 1305 447 talis
1339 410 1535 461 operacio
1569 422 1655 449 non
1687 418 1747 449 est
1785 409 1841 449 sic

521 477 756 516 secundum
806 477 908 530 quid
964 479 1034 517 sed
1079 477 1275 531 operacio
1322 478 1578 531 simpliciter,
1627 493 1676 518 eo
1727 479 1842 533 quod

520 547 636 586 aliter
688 547 802 586 nulla
856 557 1041 587 creatura
1087 547 1194 587 foret
1238 548 1481 601 simpliciter
1533 549 1678 599 activa,
1738 548 1843 588 sicut

522 615 847 656 Commentator
885 617 1028 657 recitat
1062 618 1271 671 quosdam
1303 618 1448 668 dicere,
1483 632 1590 671 quos
1624 618 1722 658 dicit
1754 629 1875 662 non5

521 685 670 724 habere
738 687 956 725 cerebrum
1011 687 1268 740 dispositum
1325 688 1376 726 ad
1434 687 1842 740 philosophandum,

521 755 709 807 sequitur
743 769 841 796 cum
872 756 977 795 veris
1010 758 1128 809 quod
1161 766 1239 797 stat
1271 771 1356 797 esse
1390 757 1653 796 ablacionem
1683 757 1842 810 simpli-

522 825 621 864 citer
653 839 750 865 curn
784 826 864 865 hoc
901 827 1017 879 quod
1050 840 1137 865 non
1168 841 1191 866 a
1223 841 1333 879 papa
1365 827 1488 866 fuerit
1520 827 1761 880 approbata.
1802 827 1843 866 Si

522 908 621 947 ergo
655 895 815 934 ablacio
852 896 913 934 vel
946 896 1025 934 alia
1057 896 1148 935 talis
1181 896 1334 936 iniusta
1358 896 1552 949 operacio
1575 910 1660 936 non
1686 897 1841 949 depen-

523 964 592 1003 det
638 978 685 1003 ex
729 965 1044 1017 approbacione
1089 966 1228 1005 divina
1275 967 1419 1019 quoad
1463 980 1602 1006 mores
1647 966 1750 1019 quin
1792 966 1902 1010 sit10

524 1033 768 1086 simpliciter
813 1035 974 1074 ablacio
1009 1044 1047 1074 et
1079 1035 1248 1075 alterius
1293 1035 1455 1088 generis
1488 1036 1701 1089 operacio,
1735 1049 1841 1089 quo-

522 1104 657 1142 modo
691 1104 1007 1156 blasphematur
1039 1106 1153 1158 quod
1188 1106 1302 1144 nulla
1331 1114 1391 1145 est
1414 1106 1574 1146 ablacio
1602 1105 1845 1159 simpliciter

524 1173 600 1211 nisi
623 1188 732 1226 papa
755 1171 1003 1214 decreverit?
1039 1175 1104 1215 Sic
1131 1175 1243 1215 enim
1267 1176 1536 1215 extolleretur
1565 1189 1688 1229 super
1717 1189 1845 1215 omne

523 1243 641 1296 quod
674 1243 825 1283 dicitur
856 1244 979 1283 Deus.

255 1328 291 1347 or
311 1321 374 1348 that
394 1328 486 1356 every
582 1314 667 1352 Nec
713 1313 853 1353 minus
899 1314 1195 1367 blasphemum
1228 1324 1288 1354 est
1320 1315 1454 1355 dicere
1487 1316 1603 1368 quod
1636 1314 1751 1354 nulla
1784 1322 1887 1357 estz

242 1354 501 1424 dssffssvfflsgss¹gi¹fts
523 1382 630 1421 iusta
678 1383 851 1433 ablacio,
897 1383 1072 1423 collacio
1118 1385 1183 1423 vel
1215 1385 1293 1423 alia
1327 1384 1523 1437 operacio
1557 1384 1726 1424 ecclesie
1766 1383 1844 1422 nisi

483 1425 490 1438 ‚

233 1425 804 1492 neecsigglgctzilggsesauctorizetur
848 1453 898 1492 ab
944 1454 1049 1506 ipso,
1095 1454 1192 1507 quia
1236 1463 1463 1507 antequam
1516 1454 1603 1507 ipse
1655 1453 1845 1492 habuerit

523 1522 753 1574 primatum
785 1522 1045 1574 huiusmodi,
1072 1532 1186 1563 erant
1218 1524 1350 1563 multe
1375 1523 1647 1576 operaciones
1675 1522 1844 1562 ecclesie

523 1592 619 1631 satis
671 1592 790 1644 iuste,
844 1592 951 1632 sicut
1003 1593 1199 1646 operacio
1254 1607 1327 1633 sua
1380 1602 1440 1633 est
1492 1593 1601 1632 iusta
1645 1607 1693 1632 ex
1739 1606 1843 1645 pura

523 1662 817 1714 acceptacione
861 1662 1013 1702 divina.
1048 1663 1207 1702 Ymmo
1243 1677 1318 1716 pro
1356 1672 1544 1715 tempore
1576 1662 1724 1702 mortis
1757 1675 1842 1713 sue,
1861 1683 1902 1704 20

522 1731 627 1770 sicut
672 1741 710 1770 et
753 1732 845 1785 ipso
890 1732 1110 1784 superstite
1147 1732 1369 1785 ignorante
1418 1742 1515 1772 sunt
1558 1732 1691 1772 multe
1730 1732 1843 1770 abla-

523 1800 681 1848 ciones,
729 1801 980 1841 collaciones
1026 1811 1064 1841 et
1109 1802 1383 1855 operaciones
1417 1802 1706 1841 elemosinarie
1746 1801 1843 1840 satis

523 1871 642 1921 iuste,
677 1871 783 1911 sicut
815 1880 928 1923 patet
961 1872 1010 1910 de
1045 1871 1265 1911 dotacione
1302 1872 1471 1911 ecclesie
1495 1873 1740 1925 Anglicane‚
1765 1885 1847 1923 que

523 1954 611 1979 non
644 1941 854 1980 emanavit
887 1955 934 1980 ex
968 1941 1054 1980 eius
1088 1942 1347 1993 auctoritate,
1378 1942 1483 1981 sicut
1516 1955 1590 1981 nec
1626 1941 1845 1994 percepcio

524 2011 752 2050 elemosine
799 2025 960 2050 cesaree
1004 2012 1068 2050 vel
1117 2011 1346 2050 elemosina
1389 2011 1540 2063 Anglie
1589 2010 1713 2050 cesari
1760 2023 1846 2049 non
1864 2020 1903 2053 25

524 2081 720 2120 subiecte.
745 2081 877 2120 Aliter
900 2081 1013 2120 enim
1045 2095 1131 2120 non
1166 2080 1314 2120 faceret
1338 2081 1541 2133 Anglicus
1574 2080 1849 2120 elemosinam

525 2152 634 2190 clero
687 2165 763 2190 suo
817 2151 893 2190 nisi
946 2160 1115 2191 ostensa
1167 2152 1217 2190 ad
1273 2151 1355 2190 hoc
1407 2151 1652 2191 auctoritate
1710 2149 1849 2203 papali

524 2220 874 2272 singularissima3
905 2222 1021 2274 quod
1054 2235 1141 2260 non
1175 2229 1235 2260 est
1266 2220 1528 2274 fingendum⁷
1562 2234 1659 2260 cum
1680 2228 1848 2272 tempus

525 2300 563 2330 et
608 2290 768 2329 infinite
813 2291 889 2329 alie
934 2290 1248 2330 circumstancie
1300 2290 1503 2329 variarent
1553 2289 1847 2342 operacionem

525 2360 766 2401 elemosine.
790 2359 813 2383 Ψ
836 2361 890 2399 Et
934 2360 990 2399 sic
1037 2374 1135 2400 cum
1181 2360 1461 2399 auctorizacio
1509 2358 1711 2412 generalis
1760 2365 1944 2400 11011182d

525 2429 691 2481 sufficit,
730 2430 996 2469 frustraretur
1035 2444 1083 2469 ex
1117 2429 1281 2469 defectu
1314 2429 1572 2469 auctoritatis
1606 2427 1766 2481 papalis
1808 2436 1847 2467 et

524 2500 766 2551 ignorancia
803 2500 1084 2539 revocacionis
1122 2499 1294 2539 licencie
1328 2499 1476 2552 prioris
1510 2498 1648 2538 omnis
1688 2497 1844 2537 elemo-

526 2569 616 2609 sina
647 2569 834 2609 facienda
868 2569 1022 2622 egenis,

584 2639 645 2677 Ex
690 2639 777 2678 istis
823 2640 995 2678 demum
1049 2638 1259 2692 colligitur
1303 2639 1418 2691 quod
1471 2636 1620 2676 ficticia
1671 2635 1848 2675 subdola

526 2709 811 2748 recentissima
856 2723 939 2762 qua
984 2708 1117 2748 maior
1161 2722 1255 2762 pars
1300 2717 1543 2747 nostrorum
1582 2706 1847 2746 sacerdotum
1864 2715 1903 2747 35

581 2820 616 2847 15.
648 2822 675 2848 A
698 2822 718 2848 Β
740 2821 770 2848 in
801 2829 917 2856 marg:
950 2821 1066 2856 Quinta
1095 2821 1192 2848 ficcio.
1346 2829 1384 2856 ¹7-
1415 2820 1453 2848 B:
1484 2820 1549 2855 ipse
1569 2835 1601 2839 -—
1622 2818 1767 2854 operacio
1791 2825 1846 2845 sua

527 2867 622 2894 deest.
765 2867 810 2900 34.
832 2868 860 2894 A
880 2867 909 2894 in
932 2875 1048 2901 marg:
1070 2868 1159 2894 Nota.
1190 2868 1216 2894 A
1239 2867 1260 2893 B
1282 2867 1312 2894 in
1333 2874 1449 2902 marg.:
1471 2866 1562 2894 Sexta
1582 2865 1680 2893 ficcio.
