<?xml version="1.0" encoding="UTF-8"?>
<!DOCTYPE html PUBLIC "-//W3C//DTD XHTML 1.0 Transitional//EN"
    "http://www.w3.org/TR/xhtml1/DTD/xhtml1-transitional.dtd">
<html xmlns="http://www.w3.org/1999/xhtml" xml:lang="en" lang="en">
 <head>
  <title>
</title>
<meta http-equiv="Content-Type" content="text/html;charset=utf-8" />
  <meta name='ocr-system' content='tesseract 3.04.00' />
  <meta name='ocr-capabilities' content='ocr_page ocr_carea ocr_par ocr_line ocrx_word'/>
</head>
<body>
  <div class='ocr_page' id='page_1' title='image "./tractatusdeeccle00wycl_0322.png"; bbox 0 0 2051 3273; ppageno 0'>
   <div class='ocr_carea' id='block_1_1' title="bbox 267 218 1860 276">
    <p class='ocr_par' dir='ltr' id='par_1_1' title="bbox 267 218 1860 276">
     <span class='ocr_line' id='line_1_1' title="bbox 267 218 1860 276; baseline -0.005 -11"><span class='ocrx_word' id='word_1_1' title='bbox 267 226 346 265; x_wconf 80' lang='lat'>288</span> <span class='ocrx_word' id='word_1_2' title='bbox 992 229 1215 263; x_wconf 83' lang='lat' dir='ltr'>JOHANNIS</span> <span class='ocrx_word' id='word_1_3' title='bbox 1240 230 1437 262; x_wconf 77' lang='lat' dir='ltr'>WYCLIF.</span> <span class='ocrx_word' id='word_1_4' title='bbox 1659 218 1764 276; x_wconf 83' lang='lat' dir='ltr'>[CAP.</span> <span class='ocrx_word' id='word_1_5' title='bbox 1780 228 1860 257; x_wconf 81' lang='lat' dir='ltr'>xm.</span> 
     </span>
    </p>
   </div>
   <div class='ocr_carea' id='block_1_2' title="bbox 261 334 2001 1709">
    <p class='ocr_par' dir='ltr' id='par_1_2' title="bbox 551 334 2001 390">
     <span class='ocr_line' id='line_1_2' title="bbox 551 334 2001 390; baseline -0.002 -14"><span class='ocrx_word' id='word_1_6' title='bbox 551 337 675 376; x_wconf 91' lang='lat' dir='ltr'>Tunc</span> <span class='ocrx_word' id='word_1_7' title='bbox 709 335 821 375; x_wconf 92' lang='lat' dir='ltr'>enim</span> <span class='ocrx_word' id='word_1_8' title='bbox 853 336 1035 387; x_wconf 89' lang='lat' dir='ltr'>apostoli</span> <span class='ocrx_word' id='word_1_9' title='bbox 1068 334 1261 374; x_wconf 85' lang='lat' dir='ltr'><strong>fecissent</strong></span> <span class='ocrx_word' id='word_1_10' title='bbox 1284 334 1535 374; x_wconf 83' lang='lat' dir='ltr'>elemosinas</span> <span class='ocrx_word' id='word_1_11' title='bbox 1557 334 1681 373; x_wconf 88' lang='lat' dir='ltr'>nimis</span> <span class='ocrx_word' id='word_1_12' title='bbox 1705 348 1861 387; x_wconf 81' lang='lat' dir='ltr'>parcaS‚</span> <span class='ocrx_word' id='word_1_13' title='bbox 1882 344 1960 390; x_wconf 60' lang='lat'>169¹)</span> <span class='ocrx_word' id='word_1_14' title='bbox 1981 347 2001 380; x_wconf 90' lang='lat'>1</span> 
     </span>
    </p>

    <p class='ocr_par' dir='ltr' id='par_1_3' title="bbox 551 403 1863 456">
     <span class='ocr_line' id='line_1_3' title="bbox 551 403 1863 456; baseline -0.002 -11"><span class='ocrx_word' id='word_1_15' title='bbox 551 415 590 446; x_wconf 95' lang='lat' dir='ltr'>et</span> <span class='ocrx_word' id='word_1_16' title='bbox 622 404 857 445; x_wconf 81' lang='lat' dir='ltr'>mundiales</span> <span class='ocrx_word' id='word_1_17' title='bbox 903 404 1201 443; x_wconf 84' lang='lat' dir='ltr'>extollerentur</span> <span class='ocrx_word' id='word_1_18' title='bbox 1232 416 1357 456; x_wconf 90' lang='lat' dir='ltr'>supra</span> <span class='ocrx_word' id='word_1_19' title='bbox 1390 403 1614 456; x_wconf 91' lang='lat' dir='ltr'>precipuos</span> <span class='ocrx_word' id='word_1_20' title='bbox 1646 403 1863 456; x_wconf 89' lang='lat' dir='ltr'>religiosos</span> 
     </span>
    </p>

    <p class='ocr_par' dir='ltr' id='par_1_4' title="bbox 278 472 1894 874">
     <span class='ocr_line' id='line_1_4' title="bbox 549 472 1862 526; baseline -0.002 -12"><span class='ocrx_word' id='word_1_21' title='bbox 549 475 591 514; x_wconf 90' lang='lat' dir='ltr'>in</span> <span class='ocrx_word' id='word_1_22' title='bbox 623 475 788 525; x_wconf 88' lang='lat' dir='ltr'>merito,</span> <span class='ocrx_word' id='word_1_23' title='bbox 812 474 1063 526; x_wconf 88' lang='lat' dir='ltr'>dareturque</span> <span class='ocrx_word' id='word_1_24' title='bbox 1088 472 1342 512; x_wconf 87' lang='lat' dir='ltr'>secularibus</span> <span class='ocrx_word' id='word_1_25' title='bbox 1365 472 1530 512; x_wconf 83' lang='lat' dir='ltr'>occasio</span> <span class='ocrx_word' id='word_1_26' title='bbox 1554 473 1605 511; x_wconf 93' lang='lat' dir='ltr'>ad</span> <span class='ocrx_word' id='word_1_27' title='bbox 1627 472 1862 512; x_wconf 88' lang='lat' dir='ltr'>inordinate</span> 
     </span>
     <span class='ocr_line' id='line_1_5' title="bbox 288 541 1861 597; baseline 0.001 -16"><span class='ocrx_word' id='word_1_28' title='bbox 288 563 323 582; x_wconf 82' lang='lat' dir='ltr'>or</span> <span class='ocrx_word' id='word_1_29' title='bbox 342 555 393 581; x_wconf 75' lang='lat' dir='ltr'>the</span> <span class='ocrx_word' id='word_1_30' title='bbox 413 554 509 582; x_wconf 75' lang='lat' dir='ltr'>miser</span> <span class='ocrx_word' id='word_1_31' title='bbox 550 544 814 597; x_wconf 89' lang='lat' dir='ltr'>querendum</span> <span class='ocrx_word' id='word_1_32' title='bbox 847 552 886 582; x_wconf 87' lang='lat' dir='ltr'>et</span> <span class='ocrx_word' id='word_1_33' title='bbox 918 543 969 582; x_wconf 90' lang='lat' dir='ltr'>ad</span> <span class='ocrx_word' id='word_1_34' title='bbox 991 542 1227 582; x_wconf 90' lang='lat' dir='ltr'>inordinate</span> <span class='ocrx_word' id='word_1_35' title='bbox 1248 542 1517 581; x_wconf 91' lang='lat' dir='ltr'>retinendum</span> <span class='ocrx_word' id='word_1_36' title='bbox 1540 543 1651 582; x_wconf 90' lang='lat' dir='ltr'>bona</span> <span class='ocrx_word' id='word_1_37' title='bbox 1681 541 1861 594; x_wconf 84' lang='lat' dir='ltr'>fortune,</span> 
     </span>
     <span class='ocr_line' id='line_1_6' title="bbox 288 589 1894 664; baseline -0.001 -13"><span class='ocrx_word' id='word_1_38' title='bbox 288 589 419 658; x_wconf 53' lang='lat' dir='ltr'>juvg&#39;t‘ffiss‘}</span> <span class='ocrx_word' id='word_1_39' title='bbox 442 590 484 660; x_wconf 49' lang='lat' dir='ltr'>&amp;J</span> <span class='ocrx_word' id='word_1_40' title='bbox 500 632 517 651; x_wconf 82' lang='lat' dir='ltr'>a</span> <span class='ocrx_word' id='word_1_41' title='bbox 550 622 595 653; x_wconf 91' lang='lat' dir='ltr'>ut</span> <span class='ocrx_word' id='word_1_42' title='bbox 618 614 660 652; x_wconf 89' lang='lat' dir='ltr'>in</span> <span class='ocrx_word' id='word_1_43' title='bbox 679 612 761 652; x_wconf 90' lang='lat' dir='ltr'>fine</span> <span class='ocrx_word' id='word_1_44' title='bbox 785 613 1008 652; x_wconf 90' lang='lat' dir='ltr'>condendo</span> <span class='ocrx_word' id='word_1_45' title='bbox 1030 613 1186 664; x_wconf 82' lang='lat' dir='ltr'>grande</span> <span class='ocrx_word' id='word_1_46' title='bbox 1216 620 1518 651; x_wconf 89' lang='lat' dir='ltr'>testamentum</span> <span class='ocrx_word' id='word_1_47' title='bbox 1542 612 1640 650; x_wconf 91' lang='lat' dir='ltr'>dent</span> <span class='ocrx_word' id='word_1_48' title='bbox 1663 612 1859 664; x_wconf 82' lang='lat' dir='ltr'>grandem</span> <span class='ocrx_word' id='word_1_49' title='bbox 1880 623 1894 654; x_wconf 84' lang='lat'>5</span> 
     </span>
     <span class='ocr_line' id='line_1_7' title="bbox 278 660 1862 734; baseline -0.001 -12"><span class='ocrx_word' id='word_1_50' title='bbox 278 660 361 694; x_wconf 50' lang='lat' dir='ltr'>large</span> <span class='ocrx_word' id='word_1_51' title='bbox 383 660 522 693; x_wconf 51' lang='lat' dir='ltr'>[nequest.</span> <span class='ocrx_word' id='word_1_52' title='bbox 550 682 826 722; x_wconf 81' lang='lat' dir='ltr'>elemosinam</span> <span class='ocrx_word' id='word_1_53' title='bbox 859 681 1051 721; x_wconf 86' lang='lat' dir='ltr'>abbathie</span> <span class='ocrx_word' id='word_1_54' title='bbox 1084 681 1150 720; x_wconf 83' lang='lat' dir='ltr'>vel</span> <span class='ocrx_word' id='word_1_55' title='bbox 1183 682 1306 731; x_wconf 88' lang='lat' dir='ltr'>clero,</span> <span class='ocrx_word' id='word_1_56' title='bbox 1341 680 1438 734; x_wconf 89' lang='lat' dir='ltr'>quia</span> <span class='ocrx_word' id='word_1_57' title='bbox 1470 689 1630 720; x_wconf 89' lang='lat' dir='ltr'>certum</span> <span class='ocrx_word' id='word_1_58' title='bbox 1659 689 1719 720; x_wconf 89' lang='lat' dir='ltr'>est</span> <span class='ocrx_word' id='word_1_59' title='bbox 1747 681 1862 734; x_wconf 91' lang='lat' dir='ltr'>quod</span> 
     </span>
     <span class='ocr_line' id='line_1_8' title="bbox 549 750 1863 805; baseline -0.002 -14"><span class='ocrx_word' id='word_1_60' title='bbox 549 751 928 805; x_wconf 89' lang='lat' dir='ltr'>proporcionaliter</span> <span class='ocrx_word' id='word_1_61' title='bbox 959 753 1010 791; x_wconf 90' lang='lat' dir='ltr'>ad</span> <span class='ocrx_word' id='word_1_62' title='bbox 1042 752 1316 791; x_wconf 83' lang='lat' dir='ltr'>elemosinam</span> <span class='ocrx_word' id='word_1_63' title='bbox 1347 752 1412 790; x_wconf 85' lang='lat' dir='ltr'>vel</span> <span class='ocrx_word' id='word_1_64' title='bbox 1445 765 1552 804; x_wconf 90' lang='lat' dir='ltr'>opus</span> <span class='ocrx_word' id='word_1_65' title='bbox 1582 750 1863 790; x_wconf 83' lang='lat' dir='ltr'>misericordie</span> 
     </span>
     <span class='ocr_line' id='line_1_9' title="bbox 548 820 1395 874; baseline 0 -14"><span class='ocrx_word' id='word_1_66' title='bbox 548 822 719 861; x_wconf 82' lang='lat' dir='ltr'>viatoris</span> <span class='ocrx_word' id='word_1_67' title='bbox 752 830 813 861; x_wconf 89' lang='lat' dir='ltr'>est</span> <span class='ocrx_word' id='word_1_68' title='bbox 845 820 1144 861; x_wconf 87' lang='lat' dir='ltr'>beatificandus</span> <span class='ocrx_word' id='word_1_69' title='bbox 1176 821 1218 860; x_wconf 91' lang='lat' dir='ltr'>in</span> <span class='ocrx_word' id='word_1_70' title='bbox 1251 821 1395 874; x_wconf 89' lang='lat' dir='ltr'>patria.</span> 
     </span>
    </p>

    <p class='ocr_par' dir='ltr' id='par_1_5' title="bbox 548 889 1957 1637">
     <span class='ocr_line' id='line_1_10' title="bbox 607 889 1862 944; baseline -0.002 -13"><span class='ocrx_word' id='word_1_71' title='bbox 607 891 730 931; x_wconf 92' lang='lat' dir='ltr'>Unde</span> <span class='ocrx_word' id='word_1_72' title='bbox 752 890 876 944; x_wconf 83' lang='lat' dir='ltr'>logici</span> <span class='ocrx_word' id='word_1_73' title='bbox 899 899 1162 943; x_wconf 87' lang='lat' dir='ltr'>cognoscunt</span> <span class='ocrx_word' id='word_1_74' title='bbox 1186 891 1405 944; x_wconf 88' lang='lat' dir='ltr'>quomodo</span> <span class='ocrx_word' id='word_1_75' title='bbox 1430 890 1525 930; x_wconf 89' lang='lat' dir='ltr'>data</span> <span class='ocrx_word' id='word_1_76' title='bbox 1548 889 1779 930; x_wconf 83' lang='lat' dir='ltr'>elemosina</span> <span class='ocrx_word' id='word_1_77' title='bbox 1802 899 1862 929; x_wconf 89' lang='lat' dir='ltr'>est</span> 
     </span>
     <span class='ocr_line' id='line_1_11' title="bbox 548 958 1920 1013; baseline -0.001 -14"><span class='ocrx_word' id='word_1_78' title='bbox 548 960 626 999; x_wconf 84' lang='lat' dir='ltr'>alia</span> <span class='ocrx_word' id='word_1_79' title='bbox 658 959 811 1011; x_wconf 79' lang='lat' dir='ltr'>maior3</span> <span class='ocrx_word' id='word_1_80' title='bbox 873 973 955 1013; x_wconf 86' lang='lat' dir='ltr'>que</span> <span class='ocrx_word' id='word_1_81' title='bbox 993 959 1071 999; x_wconf 91' lang='lat' dir='ltr'>alia</span> <span class='ocrx_word' id='word_1_82' title='bbox 1109 969 1171 1000; x_wconf 88' lang='lat' dir='ltr'>est</span> <span class='ocrx_word' id='word_1_83' title='bbox 1208 960 1335 1013; x_wconf 90' lang='lat' dir='ltr'>priori</span> <span class='ocrx_word' id='word_1_84' title='bbox 1376 960 1687 1013; x_wconf 86' lang='lat' dir='ltr'>quantumlibet</span> <span class='ocrx_word' id='word_1_85' title='bbox 1727 958 1920 999; x_wconf 77' lang='lat' dir='ltr'>maiorm</span> 
     </span>
     <span class='ocr_line' id='line_1_12' title="bbox 549 1028 1862 1083; baseline -0.001 -15"><span class='ocrx_word' id='word_1_86' title='bbox 549 1029 791 1069; x_wconf 87' lang='lat' dir='ltr'>elemosina.</span> <span class='ocrx_word' id='word_1_87' title='bbox 855 1029 977 1069; x_wconf 87' lang='lat' dir='ltr'>Unde</span> <span class='ocrx_word' id='word_1_88' title='bbox 1019 1029 1226 1082; x_wconf 88' lang='lat' dir='ltr'>contingit</span> <span class='ocrx_word' id='word_1_89' title='bbox 1269 1030 1386 1083; x_wconf 88' lang='lat' dir='ltr'>quod</span> <span class='ocrx_word' id='word_1_90' title='bbox 1417 1038 1544 1082; x_wconf 90' lang='lat' dir='ltr'>potus</span> <span class='ocrx_word' id='word_1_91' title='bbox 1577 1042 1685 1082; x_wconf 88' lang='lat' dir='ltr'>aque</span> <span class='ocrx_word' id='word_1_92' title='bbox 1717 1028 1862 1081; x_wconf 84' lang='lat' dir='ltr'>frigide</span> 
     </span>
     <span class='ocr_line' id='line_1_13' title="bbox 550 1098 1957 1152; baseline 0.001 -15"><span class='ocrx_word' id='word_1_93' title='bbox 550 1099 601 1138; x_wconf 91' lang='lat' dir='ltr'>sit</span> <span class='ocrx_word' id='word_1_94' title='bbox 632 1099 767 1138; x_wconf 90' lang='lat' dir='ltr'>maior</span> <span class='ocrx_word' id='word_1_95' title='bbox 812 1099 1045 1139; x_wconf 89' lang='lat' dir='ltr'>elemosina</span> <span class='ocrx_word' id='word_1_96' title='bbox 1088 1099 1202 1138; x_wconf 87' lang='lat' dir='ltr'>danti</span> <span class='ocrx_word' id='word_1_97' title='bbox 1247 1113 1295 1138; x_wconf 86' lang='lat' dir='ltr'>ex</span> <span class='ocrx_word' id='word_1_98' title='bbox 1339 1098 1779 1152; x_wconf 60' lang='lat' dir='ltr'>simpliciorissoculo</span> <span class='ocrx_word' id='word_1_99' title='bbox 1825 1106 1957 1150; x_wconf 62' lang='lat' dir='ltr'>et169c</span> 
     </span>
     <span class='ocr_line' id='line_1_14' title="bbox 550 1167 1861 1222; baseline -0.001 -15"><span class='ocrx_word' id='word_1_100' title='bbox 550 1168 701 1207; x_wconf 91' lang='lat' dir='ltr'>maiori</span> <span class='ocrx_word' id='word_1_101' title='bbox 735 1167 898 1207; x_wconf 87' lang='lat' dir='ltr'>fervore</span> <span class='ocrx_word' id='word_1_102' title='bbox 932 1168 1124 1221; x_wconf 78' lang='lat' dir='ltr'>caritatis,</span> <span class='ocrx_word' id='word_1_103' title='bbox 1157 1182 1288 1222; x_wconf 90' lang='lat' dir='ltr'>quam</span> <span class='ocrx_word' id='word_1_104' title='bbox 1320 1167 1397 1207; x_wconf 86' lang='lat' dir='ltr'>fuit</span> <span class='ocrx_word' id='word_1_105' title='bbox 1430 1168 1597 1208; x_wconf 89' lang='lat' dir='ltr'>dotacio</span> <span class='ocrx_word' id='word_1_106' title='bbox 1630 1181 1714 1221; x_wconf 86' lang='lat' dir='ltr'>qua</span> <span class='ocrx_word' id='word_1_107' title='bbox 1746 1167 1861 1207; x_wconf 91' lang='lat' dir='ltr'>Con-</span> 
     </span>
     <span class='ocr_line' id='line_1_15' title="bbox 550 1237 1864 1291; baseline 0.001 -15"><span class='ocrx_word' id='word_1_108' title='bbox 550 1237 757 1277; x_wconf 89' lang='lat' dir='ltr'>stantinus</span> <span class='ocrx_word' id='word_1_109' title='bbox 804 1237 964 1277; x_wconf 83' lang='lat' dir='ltr'>dotavit</span> <span class='ocrx_word' id='word_1_110' title='bbox 1011 1237 1241 1288; x_wconf 89' lang='lat' dir='ltr'>ecclesiam,</span> <span class='ocrx_word' id='word_1_111' title='bbox 1289 1238 1354 1277; x_wconf 90' lang='lat' dir='ltr'>vel</span> <span class='ocrx_word' id='word_1_112' title='bbox 1401 1238 1631 1277; x_wconf 89' lang='lat' dir='ltr'>elemosina</span> <span class='ocrx_word' id='word_1_113' title='bbox 1674 1251 1757 1291; x_wconf 88' lang='lat' dir='ltr'>qua</span> <span class='ocrx_word' id='word_1_114' title='bbox 1794 1251 1864 1276; x_wconf 80' lang='lat' dir='ltr'>rex</span> 
     </span>
     <span class='ocr_line' id='line_1_16' title="bbox 549 1306 1920 1359; baseline -0.001 -13"><span class='ocrx_word' id='word_1_115' title='bbox 549 1315 736 1346; x_wconf 88' lang='lat' dir='ltr'>terrenus</span> <span class='ocrx_word' id='word_1_116' title='bbox 770 1306 960 1346; x_wconf 87' lang='lat' dir='ltr'>fundavit</span> <span class='ocrx_word' id='word_1_117' title='bbox 991 1306 1313 1359; x_wconf 84' lang='lat' dir='ltr'>grandissimam</span> <span class='ocrx_word' id='word_1_118' title='bbox 1345 1307 1598 1347; x_wconf 84' lang='lat' dir='ltr'>abbathiam.</span> <span class='ocrx_word' id='word_1_119' title='bbox 1644 1306 1751 1346; x_wconf 90' lang='lat' dir='ltr'>Nam</span> <span class='ocrx_word' id='word_1_120' title='bbox 1784 1306 1861 1346; x_wconf 90' lang='lat' dir='ltr'>nisi</span> <span class='ocrx_word' id='word_1_121' title='bbox 1884 1318 1920 1350; x_wconf 79' lang='lat'>15</span> 
     </span>
     <span class='ocr_line' id='line_1_17' title="bbox 549 1376 1863 1430; baseline 0.001 -15"><span class='ocrx_word' id='word_1_122' title='bbox 549 1376 763 1429; x_wconf 87' lang='lat' dir='ltr'>spirituale</span> <span class='ocrx_word' id='word_1_123' title='bbox 795 1390 904 1429; x_wconf 89' lang='lat' dir='ltr'>opus</span> <span class='ocrx_word' id='word_1_124' title='bbox 938 1376 1221 1416; x_wconf 84' lang='lat' dir='ltr'>misericordie</span> <span class='ocrx_word' id='word_1_125' title='bbox 1244 1377 1452 1429; x_wconf 88' lang='lat' dir='ltr'>prevaleat</span> <span class='ocrx_word' id='word_1_126' title='bbox 1484 1377 1706 1430; x_wconf 83' lang='lat' dir='ltr'>corporali,</span> <span class='ocrx_word' id='word_1_127' title='bbox 1730 1385 1863 1416; x_wconf 90' lang='lat' dir='ltr'>stante</span> 
     </span>
     <span class='ocr_line' id='line_1_18' title="bbox 549 1445 1863 1496; baseline 0.001 -12"><span class='ocrx_word' id='word_1_128' title='bbox 549 1445 631 1485; x_wconf 91' lang='lat' dir='ltr'>isto</span> <span class='ocrx_word' id='word_1_129' title='bbox 684 1459 804 1485; x_wconf 89' lang='lat' dir='ltr'>cursu</span> <span class='ocrx_word' id='word_1_130' title='bbox 864 1445 1046 1496; x_wconf 87' lang='lat' dir='ltr'>ecclesie,</span> <span class='ocrx_word' id='word_1_131' title='bbox 1092 1446 1255 1486; x_wconf 89' lang='lat' dir='ltr'>domini</span> <span class='ocrx_word' id='word_1_132' title='bbox 1301 1446 1506 1486; x_wconf 88' lang='lat' dir='ltr'>seculares</span> <span class='ocrx_word' id='word_1_133' title='bbox 1552 1445 1688 1486; x_wconf 89' lang='lat' dir='ltr'>forent</span> <span class='ocrx_word' id='word_1_134' title='bbox 1736 1446 1863 1485; x_wconf 87' lang='lat' dir='ltr'>nimis</span> 
     </span>
     <span class='ocr_line' id='line_1_19' title="bbox 551 1515 1866 1569; baseline 0.001 -15"><span class='ocrx_word' id='word_1_135' title='bbox 551 1515 714 1555; x_wconf 82' lang='lat' dir='ltr'>exaltati</span> <span class='ocrx_word' id='word_1_136' title='bbox 759 1515 801 1554; x_wconf 84' lang='lat' dir='ltr'>in</span> <span class='ocrx_word' id='word_1_137' title='bbox 845 1515 935 1555; x_wconf 89' lang='lat' dir='ltr'>celo</span> <span class='ocrx_word' id='word_1_138' title='bbox 980 1524 1020 1555; x_wconf 91' lang='lat' dir='ltr'>et</span> <span class='ocrx_word' id='word_1_139' title='bbox 1063 1515 1138 1554; x_wconf 86' lang='lat' dir='ltr'>viri</span> <span class='ocrx_word' id='word_1_140' title='bbox 1177 1515 1401 1569; x_wconf 88' lang='lat' dir='ltr'>apostolici</span> <span class='ocrx_word' id='word_1_141' title='bbox 1441 1516 1564 1555; x_wconf 89' lang='lat' dir='ltr'>nimis</span> <span class='ocrx_word' id='word_1_142' title='bbox 1599 1516 1866 1556; x_wconf 88' lang='lat' dir='ltr'>mediocriter</span> 
     </span>
     <span class='ocr_line' id='line_1_20' title="bbox 549 1584 757 1637; baseline 0.005 -14"><span class='ocrx_word' id='word_1_143' title='bbox 549 1584 757 1637; x_wconf 90' lang='lat' dir='ltr'>premiati.</span> 
     </span>
    </p>

    <p class='ocr_par' dir='ltr' id='par_1_6' title="bbox 261 1655 1917 1709">
     <span class='ocr_line' id='line_1_21' title="bbox 261 1655 1917 1709; baseline 0.004 -20"><span class='ocrx_word' id='word_1_144' title='bbox 261 1665 290 1697; x_wconf 81' lang='lat' dir='ltr'>h)</span> <span class='ocrx_word' id='word_1_145' title='bbox 313 1663 369 1691; x_wconf 85' lang='lat' dir='ltr'>We</span> <span class='ocrx_word' id='word_1_146' title='bbox 390 1664 485 1698; x_wconf 82' lang='lat' dir='ltr'>ought</span> <span class='ocrx_word' id='word_1_147' title='bbox 503 1667 534 1691; x_wconf 83' lang='lat' dir='ltr'>to</span> <span class='ocrx_word' id='word_1_148' title='bbox 609 1655 662 1694; x_wconf 88' lang='lat' dir='ltr'>Et</span> <span class='ocrx_word' id='word_1_149' title='bbox 693 1664 808 1707; x_wconf 89' lang='lat' dir='ltr'>patet</span> <span class='ocrx_word' id='word_1_150' title='bbox 838 1656 891 1695; x_wconf 92' lang='lat' dir='ltr'>ad</span> <span class='ocrx_word' id='word_1_151' title='bbox 923 1655 1190 1709; x_wconf 87' lang='lat' dir='ltr'>questionem</span> <span class='ocrx_word' id='word_1_152' title='bbox 1223 1669 1306 1709; x_wconf 89' lang='lat' dir='ltr'>qua</span> <span class='ocrx_word' id='word_1_153' title='bbox 1338 1655 1539 1709; x_wconf 82' lang='lat' dir='ltr'>queritur,</span> <span class='ocrx_word' id='word_1_154' title='bbox 1565 1655 1631 1695; x_wconf 87' lang='lat' dir='ltr'>cui</span> <span class='ocrx_word' id='word_1_155' title='bbox 1660 1655 1917 1699; x_wconf 86' lang='lat' dir='ltr'>secularesK</span> 
     </span>
    </p>
   </div>
   <div class='ocr_carea' id='block_1_3' title="bbox 294 1699 1863 1777">
    <p class='ocr_par' dir='ltr' id='par_1_7' title="bbox 294 1699 1863 1777">
     <span class='ocr_line' id='line_1_22' title="bbox 294 1699 1863 1777; baseline 0.003 -17"><span class='ocrx_word' id='word_1_156' title='bbox 294 1699 501 1770; x_wconf 41' lang='lat' dir='ltr'>egiiiffiowiiiaet</span> <span class='ocrx_word' id='word_1_157' title='bbox 551 1724 696 1764; x_wconf 89' lang='lat' dir='ltr'>darent</span> <span class='ocrx_word' id='word_1_158' title='bbox 729 1725 979 1765; x_wconf 89' lang='lat' dir='ltr'>elemosinas</span> <span class='ocrx_word' id='word_1_159' title='bbox 1012 1725 1090 1764; x_wconf 90' lang='lat' dir='ltr'>nisi</span> <span class='ocrx_word' id='word_1_160' title='bbox 1123 1725 1253 1777; x_wconf 79' lang='lat' dir='ltr'>cler03</span> <span class='ocrx_word' id='word_1_161' title='bbox 1298 1739 1397 1765; x_wconf 87' lang='lat' dir='ltr'>nam</span> <span class='ocrx_word' id='word_1_162' title='bbox 1428 1725 1508 1764; x_wconf 88' lang='lat' dir='ltr'>illis</span> <span class='ocrx_word' id='word_1_163' title='bbox 1542 1733 1738 1765; x_wconf 86' lang='lat' dir='ltr'>tenentur</span> <span class='ocrx_word' id='word_1_164' title='bbox 1768 1726 1863 1765; x_wconf 88' lang='lat' dir='ltr'>dare</span> 
     </span>
    </p>
   </div>
   <div class='ocr_carea' id='block_1_4' title="bbox 256 1768 1923 2473">
    <p class='ocr_par' dir='ltr' id='par_1_8' title="bbox 261 1768 1864 1987">
     <span class='ocr_line' id='line_1_23' title="bbox 261 1768 1863 1847; baseline 0.002 -17"><span class='ocrx_word' id='word_1_165' title='bbox 261 1768 535 1838; x_wconf 47' lang='lat' dir='ltr'>erssiiiisetseilsseprilri?</span> <span class='ocrx_word' id='word_1_166' title='bbox 549 1794 777 1846; x_wconf 89' lang='lat' dir='ltr'>prudenter</span> <span class='ocrx_word' id='word_1_167' title='bbox 828 1795 878 1833; x_wconf 93' lang='lat' dir='ltr'>de</span> <span class='ocrx_word' id='word_1_168' title='bbox 931 1803 1090 1847; x_wconf 89' lang='lat' dir='ltr'>quanto</span> <span class='ocrx_word' id='word_1_169' title='bbox 1144 1794 1395 1835; x_wconf 87' lang='lat' dir='ltr'>sustinerent</span> <span class='ocrx_word' id='word_1_170' title='bbox 1449 1808 1598 1834; x_wconf 91' lang='lat' dir='ltr'>eorum</span> <span class='ocrx_word' id='word_1_171' title='bbox 1647 1794 1863 1847; x_wconf 88' lang='lat' dir='ltr'>privilegia</span> 
     </span>
     <span class='ocr_line' id='line_1_24' title="bbox 341 1838 1863 1916; baseline 0.002 -16"><span class='ocrx_word' id='word_1_172' title='bbox 341 1838 452 1874; x_wconf 79' lang='lat' dir='ltr'>tuany;</span> <span class='ocrx_word' id='word_1_173' title='bbox 551 1863 647 1902; x_wconf 83' lang='lat' dir='ltr'>data</span> <span class='ocrx_word' id='word_1_174' title='bbox 679 1877 702 1902; x_wconf 92' lang='lat' dir='ltr'>a</span> <span class='ocrx_word' id='word_1_175' title='bbox 735 1863 915 1915; x_wconf 86' lang='lat' dir='ltr'>Christo,</span> <span class='ocrx_word' id='word_1_176' title='bbox 950 1872 989 1903; x_wconf 90' lang='lat' dir='ltr'>et</span> <span class='ocrx_word' id='word_1_177' title='bbox 1021 1864 1316 1904; x_wconf 85' lang='lat' dir='ltr'>continuarent</span> <span class='ocrx_word' id='word_1_178' title='bbox 1349 1877 1498 1903; x_wconf 87' lang='lat' dir='ltr'>eorum</span> <span class='ocrx_word' id='word_1_179' title='bbox 1536 1863 1863 1916; x_wconf 88' lang='lat' dir='ltr'>disposicionem</span> 
     </span>
     <span class='ocr_line' id='line_1_25' title="bbox 550 1933 1864 1987; baseline 0.002 -16"><span class='ocrx_word' id='word_1_180' title='bbox 550 1933 602 1972; x_wconf 92' lang='lat' dir='ltr'>ad</span> <span class='ocrx_word' id='word_1_181' title='bbox 645 1933 965 1985; x_wconf 89' lang='lat' dir='ltr'>rependendum</span> <span class='ocrx_word' id='word_1_182' title='bbox 1009 1934 1260 1974; x_wconf 88' lang='lat' dir='ltr'>elemosinas</span> <span class='ocrx_word' id='word_1_183' title='bbox 1294 1933 1540 1987; x_wconf 86' lang='lat' dir='ltr'>spirituales.</span> <span class='ocrx_word' id='word_1_184' title='bbox 1574 1933 1690 1973; x_wconf 88' lang='lat' dir='ltr'>Alias</span> <span class='ocrx_word' id='word_1_185' title='bbox 1722 1942 1864 1973; x_wconf 87' lang='lat' dir='ltr'>autem</span> 
     </span>
    </p>

    <p class='ocr_par' dir='ltr' id='par_1_9' title="bbox 256 2001 1920 2334">
     <span class='ocr_line' id='line_1_26' title="bbox 550 2001 1920 2056; baseline 0.004 -16"><span class='ocrx_word' id='word_1_186' title='bbox 550 2001 802 2041; x_wconf 88' lang='lat' dir='ltr'>elemosinas</span> <span class='ocrx_word' id='word_1_187' title='bbox 836 2003 982 2042; x_wconf 89' lang='lat' dir='ltr'>darent</span> <span class='ocrx_word' id='word_1_188' title='bbox 1016 2003 1286 2055; x_wconf 87' lang='lat' dir='ltr'>corporaliter</span> <span class='ocrx_word' id='word_1_189' title='bbox 1318 2003 1451 2056; x_wconf 87' lang='lat' dir='ltr'>magis</span> <span class='ocrx_word' id='word_1_190' title='bbox 1484 2003 1715 2055; x_wconf 86' lang='lat' dir='ltr'>egentibus.</span> <span class='ocrx_word' id='word_1_191' title='bbox 1742 2004 1864 2043; x_wconf 89' lang='lat' dir='ltr'>Unde</span> <span class='ocrx_word' id='word_1_192' title='bbox 1882 2015 1920 2047; x_wconf 85' lang='lat'>25</span> 
     </span>
     <span class='ocr_line' id='line_1_27' title="bbox 549 2070 1864 2124; baseline 0.002 -15"><span class='ocrx_word' id='word_1_193' title='bbox 549 2070 581 2109; x_wconf 92' lang='lat' dir='ltr'>si</span> <span class='ocrx_word' id='word_1_194' title='bbox 614 2085 662 2110; x_wconf 76' lang='lat' dir='ltr'>ex</span> <span class='ocrx_word' id='word_1_195' title='bbox 694 2084 788 2110; x_wconf 91' lang='lat' dir='ltr'>ceca</span> <span class='ocrx_word' id='word_1_196' title='bbox 821 2072 974 2124; x_wconf 88' lang='lat' dir='ltr'>pietate</span> <span class='ocrx_word' id='word_1_197' title='bbox 1008 2082 1048 2112; x_wconf 86' lang='lat' dir='ltr'>et</span> <span class='ocrx_word' id='word_1_198' title='bbox 1080 2072 1181 2112; x_wconf 86' lang='lat' dir='ltr'>falsa</span> <span class='ocrx_word' id='word_1_199' title='bbox 1213 2072 1497 2112; x_wconf 88' lang='lat' dir='ltr'>misericordia</span> <span class='ocrx_word' id='word_1_200' title='bbox 1528 2072 1653 2111; x_wconf 90' lang='lat' dir='ltr'>nimis</span> <span class='ocrx_word' id='word_1_201' title='bbox 1687 2082 1864 2113; x_wconf 90' lang='lat' dir='ltr'>onerant</span> 
     </span>
     <span class='ocr_line' id='line_1_28' title="bbox 301 2140 1863 2198; baseline 0.003 -20"><span class='ocrx_word' id='word_1_202' title='bbox 301 2162 337 2189; x_wconf 65' lang='lat' dir='ltr'>a„</span> <span class='ocrx_word' id='word_1_203' title='bbox 360 2162 484 2198; x_wconf 79' lang='lat' dir='ltr'>beyond</span> <span class='ocrx_word' id='word_1_204' title='bbox 551 2140 708 2180; x_wconf 84' lang='lat' dir='ltr'>clerum</span> <span class='ocrx_word' id='word_1_205' title='bbox 742 2155 838 2181; x_wconf 89' lang='lat' dir='ltr'>cum</span> <span class='ocrx_word' id='word_1_206' title='bbox 872 2142 1138 2194; x_wconf 89' lang='lat' dir='ltr'>possessione</span> <span class='ocrx_word' id='word_1_207' title='bbox 1171 2142 1293 2193; x_wconf 76' lang='lat' dir='ltr'>civili,</span> <span class='ocrx_word' id='word_1_208' title='bbox 1339 2142 1545 2194; x_wconf 85' lang='lat' dir='ltr'>contingit</span> <span class='ocrx_word' id='word_1_209' title='bbox 1577 2156 1648 2182; x_wconf 90' lang='lat' dir='ltr'>eos</span> <span class='ocrx_word' id='word_1_210' title='bbox 1681 2157 1729 2182; x_wconf 84' lang='lat' dir='ltr'>ex</span> <span class='ocrx_word' id='word_1_211' title='bbox 1765 2142 1863 2182; x_wconf 92' lang='lat' dir='ltr'>hinc</span> 
     </span>
     <span class='ocr_line' id='line_1_29' title="bbox 256 2196 1864 2267; baseline 0.002 -20"><span class='ocrx_word' id='word_1_212' title='bbox 256 2196 729 2267; x_wconf 51' lang='lat' dir='ltr'>⁵¹¹g⁰¹tifiebgffgssj³¹¹incidere</span> <span class='ocrx_word' id='word_1_213' title='bbox 772 2210 814 2249; x_wconf 91' lang='lat' dir='ltr'>in</span> <span class='ocrx_word' id='word_1_214' title='bbox 861 2211 1353 2251; x_wconf 84' lang='lat' dir='ltr'>excommunicacionem</span> <span class='ocrx_word' id='word_1_215' title='bbox 1398 2220 1436 2251; x_wconf 91' lang='lat' dir='ltr'>et</span> <span class='ocrx_word' id='word_1_216' title='bbox 1479 2211 1659 2251; x_wconf 89' lang='lat' dir='ltr'>heresim</span> <span class='ocrx_word' id='word_1_217' title='bbox 1697 2212 1864 2252; x_wconf 88' lang='lat' dir='ltr'>racione</span> 
     </span>
     <span class='ocr_line' id='line_1_30' title="bbox 549 2273 1864 2334; baseline 0.002 -16"><span class='ocrx_word' id='word_1_218' title='bbox 549 2273 778 2319; x_wconf 72' lang='lat' dir='ltr'>ablaci011is</span> <span class='ocrx_word' id='word_1_219' title='bbox 821 2280 997 2333; x_wconf 84' lang='lat' dir='ltr'>primevi</span> <span class='ocrx_word' id='word_1_220' title='bbox 1041 2281 1244 2334; x_wconf 88' lang='lat' dir='ltr'>privilegii</span> <span class='ocrx_word' id='word_1_221' title='bbox 1289 2281 1475 2320; x_wconf 88' lang='lat' dir='ltr'>concessi</span> <span class='ocrx_word' id='word_1_222' title='bbox 1508 2295 1530 2319; x_wconf 89' lang='lat' dir='ltr'>a</span> <span class='ocrx_word' id='word_1_223' title='bbox 1564 2281 1732 2321; x_wconf 87' lang='lat' dir='ltr'>Christo</span> <span class='ocrx_word' id='word_1_224' title='bbox 1780 2281 1864 2321; x_wconf 92' lang='lat' dir='ltr'>suis</span> 
     </span>
    </p>

    <p class='ocr_par' dir='ltr' id='par_1_10' title="bbox 547 2348 1923 2473">
     <span class='ocr_line' id='line_1_31' title="bbox 548 2348 1923 2401; baseline 0.004 -15"><span class='ocrx_word' id='word_1_225' title='bbox 548 2348 776 2401; x_wconf 83' lang='lat' dir='ltr'>discipulis,</span> <span class='ocrx_word' id='word_1_226' title='bbox 823 2359 869 2389; x_wconf 91' lang='lat' dir='ltr'>ut</span> <span class='ocrx_word' id='word_1_227' title='bbox 907 2350 1100 2390; x_wconf 88' lang='lat' dir='ltr'>meminit</span> <span class='ocrx_word' id='word_1_228' title='bbox 1133 2350 1284 2390; x_wconf 88' lang='lat' dir='ltr'>Canon</span> <span class='ocrx_word' id='word_1_229' title='bbox 1326 2351 1460 2390; x_wconf 83' lang='lat' dir='ltr'>XXIIa</span> <span class='ocrx_word' id='word_1_230' title='bbox 1493 2351 1531 2390; x_wconf 89' lang='lat' dir='ltr'>d.</span> <span class='ocrx_word' id='word_1_231' title='bbox 1577 2350 1748 2390; x_wconf 78' lang='lat' dir='ltr'>Omnes.</span> <span class='ocrx_word' id='word_1_232' title='bbox 1813 2351 1865 2390; x_wconf 86' lang='lat' dir='ltr'>Et</span> <span class='ocrx_word' id='word_1_233' title='bbox 1881 2360 1923 2392; x_wconf 75' lang='lat'>30</span> 
     </span>
     <span class='ocr_line' id='line_1_32' title="bbox 547 2418 1863 2473; baseline 0.002 -16"><span class='ocrx_word' id='word_1_234' title='bbox 547 2418 603 2458; x_wconf 89' lang='lat' dir='ltr'>ita</span> <span class='ocrx_word' id='word_1_235' title='bbox 646 2420 834 2459; x_wconf 93' lang='lat' dir='ltr'>concedo</span> <span class='ocrx_word' id='word_1_236' title='bbox 879 2421 995 2473; x_wconf 87' lang='lat' dir='ltr'>quod</span> <span class='ocrx_word' id='word_1_237' title='bbox 1047 2421 1214 2460; x_wconf 84' lang='lat' dir='ltr'>dotacio</span> <span class='ocrx_word' id='word_1_238' title='bbox 1267 2420 1435 2460; x_wconf 93' lang='lat' dir='ltr'>ecclesie</span> <span class='ocrx_word' id='word_1_239' title='bbox 1489 2420 1566 2460; x_wconf 84' lang='lat' dir='ltr'>fuit</span> <span class='ocrx_word' id='word_1_240' title='bbox 1617 2420 1863 2460; x_wconf 89' lang='lat' dir='ltr'>altrinsecus</span> 
     </span>
    </p>
   </div>
   <div class='ocr_carea' id='block_1_5' title="bbox 548 2488 1864 2544">
    <p class='ocr_par' dir='ltr' id='par_1_11' title="bbox 548 2488 1864 2544">
     <span class='ocr_line' id='line_1_33' title="bbox 548 2488 1864 2544; baseline 0.002 -17"><span class='ocrx_word' id='word_1_241' title='bbox 548 2488 774 2541; x_wconf 83' lang='lat' dir='ltr'>meritoria,</span> <span class='ocrx_word' id='word_1_242' title='bbox 807 2490 879 2528; x_wconf 92' lang='lat' dir='ltr'>sed</span> <span class='ocrx_word' id='word_1_243' title='bbox 913 2490 1082 2529; x_wconf 91' lang='lat' dir='ltr'>dotacio</span> <span class='ocrx_word' id='word_1_244' title='bbox 1106 2503 1152 2529; x_wconf 91' lang='lat' dir='ltr'>ac</span> <span class='ocrx_word' id='word_1_245' title='bbox 1178 2498 1309 2529; x_wconf 87' lang='lat' dir='ltr'>status</span> <span class='ocrx_word' id='word_1_246' title='bbox 1333 2490 1376 2529; x_wconf 87' lang='lat' dir='ltr'>in</span> <span class='ocrx_word' id='word_1_247' title='bbox 1398 2504 1484 2544; x_wconf 90' lang='lat' dir='ltr'>quo</span> <span class='ocrx_word' id='word_1_248' title='bbox 1509 2489 1699 2530; x_wconf 88' lang='lat' dir='ltr'>Christus</span> <span class='ocrx_word' id='word_1_249' title='bbox 1728 2490 1864 2543; x_wconf 88' lang='lat' dir='ltr'>ipsam</span> 
     </span>
    </p>
   </div>
   <div class='ocr_carea' id='block_1_6' title="bbox 547 2634 1863 2762">
    <p class='ocr_par' dir='ltr' id='par_1_12' title="bbox 547 2634 1863 2762">
     <span class='ocr_line' id='line_1_34' title="bbox 602 2634 1863 2672; baseline 0.003 -12"><span class='ocrx_word' id='word_1_250' title='bbox 602 2642 627 2669; x_wconf 91' lang='lat'>7.</span> <span class='ocrx_word' id='word_1_251' title='bbox 649 2635 678 2661; x_wconf 91' lang='lat' dir='ltr'>A</span> <span class='ocrx_word' id='word_1_252' title='bbox 704 2634 734 2661; x_wconf 88' lang='lat' dir='ltr'>in</span> <span class='ocrx_word' id='word_1_253' title='bbox 761 2642 877 2669; x_wconf 53' lang='lat' dir='ltr'>marg:</span> <span class='ocrx_word' id='word_1_254' title='bbox 909 2634 1088 2663; x_wconf 89' lang='lat' dir='ltr'>Conclusio.</span> <span class='ocrx_word' id='word_1_255' title='bbox 1232 2645 1274 2664; x_wconf 87' lang='grc' dir='ltr'>ιο.</span> <span class='ocrx_word' id='word_1_256' title='bbox 1305 2637 1344 2664; x_wconf 87' lang='lat' dir='ltr'>B:</span> <span class='ocrx_word' id='word_1_257' title='bbox 1374 2637 1480 2672; x_wconf 83' lang='lat' dir='ltr'>purior</span> <span class='ocrx_word' id='word_1_258' title='bbox 1506 2636 1741 2672; x_wconf 81' lang='lat' dir='ltr'>quantumlibet.</span> <span class='ocrx_word' id='word_1_259' title='bbox 1780 2636 1809 2664; x_wconf 88' lang='lat' dir='ltr'><strong>A</strong></span> <span class='ocrx_word' id='word_1_260' title='bbox 1835 2637 1863 2664; x_wconf 90' lang='lat' dir='ltr'>in</span> 
     </span>
     <span class='ocr_line' id='line_1_35' title="bbox 547 2679 1862 2718; baseline 0.003 -12"><span class='ocrx_word' id='word_1_261' title='bbox 547 2687 661 2714; x_wconf 48' lang='lat' dir='ltr'>marga</span> <span class='ocrx_word' id='word_1_262' title='bbox 688 2679 779 2708; x_wconf 82' lang='lat' dir='ltr'>Nota.</span> <span class='ocrx_word' id='word_1_263' title='bbox 925 2683 966 2710; x_wconf 83' lang='lat'>16.</span> <span class='ocrx_word' id='word_1_264' title='bbox 988 2683 1027 2709; x_wconf 75' lang='lat' dir='ltr'>ss:</span> <span class='ocrx_word' id='word_1_265' title='bbox 1059 2683 1205 2717; x_wconf 85' lang='lat' dir='ltr'>prevalet.</span> <span class='ocrx_word' id='word_1_266' title='bbox 1348 2691 1394 2710; x_wconf 81' lang='lat'>20.</span> <span class='ocrx_word' id='word_1_267' title='bbox 1422 2684 1450 2711; x_wconf 88' lang='grc' dir='ltr'>Λ</span> <span class='ocrx_word' id='word_1_268' title='bbox 1477 2683 1507 2710; x_wconf 89' lang='lat' dir='ltr'>in</span> <span class='ocrx_word' id='word_1_269' title='bbox 1534 2691 1648 2718; x_wconf 47' lang='lat' dir='ltr'>marga</span> <span class='ocrx_word' id='word_1_270' title='bbox 1680 2682 1862 2710; x_wconf 77' lang='lat' dir='ltr'>Conclusio.</span> 
     </span>
     <span class='ocr_line' id='line_1_36' title="bbox 547 2726 1396 2762; baseline 0.006 -10"><span class='ocrx_word' id='word_1_271' title='bbox 547 2726 591 2752; x_wconf 77' lang='lat'>30.</span> <span class='ocrx_word' id='word_1_272' title='bbox 613 2726 634 2752; x_wconf 79' lang='lat' dir='ltr'>B</span> <span class='ocrx_word' id='word_1_273' title='bbox 656 2726 685 2753; x_wconf 89' lang='lat' dir='ltr'>in</span> <span class='ocrx_word' id='word_1_274' title='bbox 708 2734 825 2762; x_wconf 48' lang='lat' dir='ltr'>marga</span> <span class='ocrx_word' id='word_1_275' title='bbox 844 2727 983 2755; x_wconf 85' lang='lat' dir='ltr'>Ecclesie</span> <span class='ocrx_word' id='word_1_276' title='bbox 1004 2729 1129 2756; x_wconf 80' lang='lat' dir='ltr'>dotacio</span> <span class='ocrx_word' id='word_1_277' title='bbox 1149 2729 1206 2757; x_wconf 82' lang='lat' dir='ltr'>snit</span> <span class='ocrx_word' id='word_1_278' title='bbox 1225 2730 1396 2757; x_wconf 80' lang='lat' dir='ltr'>meritoria.</span> 
     </span>
    </p>
   </div>
   <div class='ocr_carea' id='block_1_7' title="bbox 606 2832 1240 2876">
    <p class='ocr_par' dir='ltr' id='par_1_13' title="bbox 606 2832 1240 2876">
     <span class='ocr_line' id='line_1_37' title="bbox 606 2832 1240 2876; baseline 0.005 -13"><span class='ocrx_word' id='word_1_279' title='bbox 606 2832 658 2863; x_wconf 67' lang='lat'>30.</span> <span class='ocrx_word' id='word_1_280' title='bbox 689 2833 785 2865; x_wconf 68' lang='lat' dir='ltr'>Decr.</span> <span class='ocrx_word' id='word_1_281' title='bbox 815 2834 826 2864; x_wconf 84' lang='grc' dir='ltr'>Ι</span> <span class='ocrx_word' id='word_1_282' title='bbox 853 2844 944 2876; x_wconf 79' lang='lat' dir='ltr'>pars,</span> <span class='ocrx_word' id='word_1_283' title='bbox 972 2835 1004 2866; x_wconf 90' lang='lat' dir='ltr'>d.</span> <span class='ocrx_word' id='word_1_284' title='bbox 1030 2835 1136 2875; x_wconf 82' lang='lat' dir='ltr'>XXII,</span> <span class='ocrx_word' id='word_1_285' title='bbox 1163 2846 1190 2868; x_wconf 89' lang='lat' dir='ltr'>c.</span> <span class='ocrx_word' id='word_1_286' title='bbox 1219 2836 1240 2867; x_wconf 89' lang='grc' dir='ltr'>Ι.</span> 
     </span>
    </p>
   </div>
  </div>
 </body>
</html>
