2051 3273
249 238 337 266 CAP.
361 228 458 287 Χνι]
747 242 804 273 DE
832 242 1067 274 ECCLEsm.
1768 238 1844 278 365

95 354 230 399 E179d
248 360 344 385 rum
387 346 597 385 nobilium
641 346 907 386 subditorum
951 360 1136 400 quorum
1180 349 1369 389 custodia
1414 359 1474 388 est
1517 350 1559 388 in

249 429 399 455 manus
432 415 705 455 dominorum
728 415 970 468 capitalium
1002 417 1214 468 devoluta,
1247 419 1318 458 sed
1340 417 1446 458 sicut
1474 432 1559 458 non
1600 431 1651 463 yet
1670 429 1744 456 such
1767 436 1830 458 acts

249 485 398 524 vivunt
441 485 547 524 hanc
590 485 719 525 vitam
761 486 847 525 sine
891 496 1075 538 peccatO,
1132 487 1189 526 sic
1232 501 1319 527 non
1370 464 1804 536 exercentdamfflipyteb‘in
1832 509 1848 528 a

251 563 369 594 actus
401 555 503 593 tales
537 555 676 594 civiles
710 555 796 594 sine
828 556 993 607 veniali,
1026 556 1129 595 illud
1151 565 1293 596 tamen
1315 559 1432 610 quod
1454 558 1560 597 foret
1656 538 1764 566 pnest.

213 626 289 664 5in
340 625 514 665 domino
561 624 733 664 seculari
772 625 933 664 licitum
978 634 1017 664 et
1060 625 1320 666 meritorium
1366 626 1472 667 foret
1516 627 1557 666 in

247 696 459 735 sacerdote
492 694 643 735 Christi
678 694 955 747 dampnabile.

303 766 425 805 Unde
458 765 596 804 minus
625 774 840 804 remotum
874 774 933 804 est
957 779 979 804 a
1002 765 1241 804 sacerdocio
1267 765 1418 806 Christi
1452 766 1551 805 reci·
1578 775 1657 802 Civil
1678 776 1840 806 dominion

244 849 339 887 pere
373 849 395 873 a
420 834 603 873 dominis
625 833 926 886 temporalibus
949 835 1201 874 alternatum
1224 848 1350 874 usum
1373 849 1549 875 uxorum
1577 818 1837 874 ¹⁵⁵?332r1ssssx‘20131n'

246 918 416 943 suarum
432 904 666 943 secundum
689 904 886 956 copulam
909 904 1116 943 carnalem
1136 905 1267 957 (quod
1291 904 1462 944 credidit
1479 905 1550 944 Ni—
1569 882 1849 945 pirgefsgffigsstiffgn

192 989 230 1009 10
248 974 388 1013 colaus
412 974 626 1027 dyaconus
650 973 774 1012 fuisse
797 971 991 1027 licitum),
1023 987 1152 1026 quam
1175 974 1290 1026 quod
1312 974 1510 1027 recipiant
1533 989 1556 1014 a

247 1042 419 1082 seculari
442 1042 616 1082 domino
634 1043 973 1082 dominacionem
997 1042 1178 1094 civilem3
1201 1052 1429 1095 utrumque
1444 1044 1557 1082 enim

245 1112 424 1151 istorum
456 1111 560 1151 foret
582 1111 791 1162 horribile,
825 1113 897 1151 sed
920 1113 1151 1152 secundum
1174 1112 1427 1164 horribilius,
1460 1127 1556 1153 cum

247 1181 419 1221 carnalis
450 1182 690 1234 procreacio
736 1191 816 1221 stat
860 1195 956 1221 cum
1001 1183 1252 1233 sacerdocio,
1297 1197 1382 1222 non
1415 1192 1557 1222 autem

246 1251 374 1290 civilis
408 1251 660 1291 dominacio.
713 1251 811 1291 Ideo
843 1251 963 1290 inniti
996 1252 1046 1290 ad
1080 1251 1348 1291 dotacionem
1392 1252 1557 1292 civilem

192 1320 339 1360 15cleri
374 1320 528 1360 Christi
560 1335 646 1360 non
680 1321 786 1361 foret
818 1320 881 1361 sui
913 1321 977 1360 vel
1010 1321 1276 1361 sacerdotum
1309 1322 1395 1361 eius
1420 1322 1555 1361 hono-

244 1389 368 1441 racio,
403 1391 475 1429 sed
508 1391 749 1430 detestanda
771 1391 977 1443 turpacio,
1012 1391 1109 1445 quia
1131 1392 1181 1430 de
1204 1392 1312 1431 clero
1337 1392 1410 1445 qui
1441 1392 1554 1444 prius

244 1459 323 1498 fuit
354 1461 465 1499 nude
498 1461 548 1499 de
578 1470 688 1499 sorte
711 1460 887 1511 domini,
921 1460 1072 1501 faceret
1093 1470 1330 1514 apostatam
1362 1462 1412 1500 de
1445 1471 1554 1501 sorte

245 1529 388 1570 seculi.
421 1530 517 1569 Ideo
550 1530 711 1569 domini
744 1531 995 1583 temporales
1028 1532 1129 1570 dant
1161 1532 1270 1570 clero
1312 1531 1436 1571 titulo
1470 1531 1551 1571 ele-

243 1598 406 1637 mosine
436 1598 639 1652 quidquid
674 1608 712 1638 et
745 1609 1122 1653 quantumcunque
1155 1600 1363 1640 voluerint
1395 1610 1434 1640 et
1465 1615 1552 1641 non

185 1682 227 1703 20
243 1669 467 1721 deturpant
500 1682 569 1708 eos
604 1669 897 1709 dominacione
929 1670 1051 1710 civili.

144 1740 175 1773 F
201 1742 226 1773 3
302 1738 454 1777 Tercio
490 1739 725 1778 notandum
759 1739 874 1792 quod
906 1739 1019 1779 Deus
1052 1739 1165 1779 dedit
1205 1740 1324 1779 beato
1356 1741 1478 1780 Petro
1513 1753 1552 1781 et
1568 1752 1638 1780 God
1659 1760 1734 1787 gave
1757 1753 1846 1781 Peter

1520 1811 1527 1817 .
1584 1796 1621 1814 an
1645 1789 1832 1822 evangelica!

240 1808 316 1847 toti
332 1808 471 1861 generi
490 1822 566 1848 suo
582 1810 815 1848 secundum
831 1809 1088 1861 spiritualem
1109 1809 1397 1849 imitacionem
1413 1811 1549 1849 domi-
1576 1822 1746 1891 ‘iii'ffiisshogss
1761 1831 1837 1884 <metr

241 1877 465 1916 nacionem
514 1878 795 1931 evangelicam
835 1888 872 1917 et
919 1878 1183 1918 usufructum
1236 1893 1360 1931 super
1410 1880 1553 1920 omnia
1577 1899 1617 1918 no
1638 1891 1831 1931 civiidomi-

241 1947 351 1986 bona
365 1948 527 1998 mundi,
539 1961 626 1987 non
643 1957 783 1988 autem
800 1948 1140 1988 dominacionem
1154 1949 1219 1987 vel
1234 1963 1358 1988 usum
1374 1949 1551 2001 civilem,
1667 1934 1752 1955 mon.

184 2017 222 2049 25
241 2016 338 2069 quia
359 2017 428 2056 illa
450 2017 616 2070 proprie
639 2027 957 2057 consummatur
977 2018 1026 2056 ab
1050 2018 1236 2069 homine,
1255 2019 1389 2071 prima
1411 2028 1554 2058 autem

241 2086 418 2125 donacio
451 2101 537 2126 non
571 2096 891 2127 consummatur
912 2088 962 2126 ab
995 2088 1135 2140 aliquo
1158 2097 1294 2140 preter
1316 2088 1552 2140 dominum,

240 2168 336 2194 cum
369 2155 500 2194 solius
533 2156 607 2195 Dei
647 2156 698 2196 sit
728 2157 797 2195 illa
829 2157 1067 2209 generacio,
1092 2157 1283 2210 quamvis
1314 2157 1426 2197 enim
1449 2172 1552 2211 apo-

238 2224 371 2264 stolus
404 2234 444 2265 et
475 2226 542 2264 alii
575 2227 720 2266 sancti.
744 2226 1021 2279 predicatores
1065 2236 1301 2280 genuerunt
1338 2227 1444 2267 filios
1477 2229 1552 2267 Dei

239 2307 287 2332 ex
319 2294 475 2334 semine
509 2296 620 2335 verbi
655 2296 730 2347 sui,
764 2306 905 2335 tamen
938 2296 1220 2349 primogenito
1265 2297 1348 2337 iam
1382 2307 1551 2338 mortuo

181 2362 455 2403 30tribuenda
505 2374 564 2404 est
606 2365 824 2418 generacio
870 2365 987 2405 cuius
1032 2380 1174 2405 semen
1218 2367 1388 2407 suscitat
1431 2367 1553 2407 frater

237 2431 390 2484 iunior,
425 2434 474 2473 de
507 2444 666 2486 quanto
711 2434 996 2487 participative
1035 2435 1191 2475 dicitur
1226 2436 1314 2489 ipse
1347 2436 1550 2478 Christus.

238 2501 318 2540 Sed
351 2502 455 2543 circa
500 2504 626 2543 talem
670 2504 907 2556 genituram
950 2503 1120 2544 filialem
1158 2507 1223 2545 vel
1267 2506 1550 2546 sucessionem

289 2681 315 2707 7.
337 2672 365 2699 A
384 2672 414 2699 in
435 2680 549 2707 marg.:
578 2672 693 2700 Contra
720 2674 971 2702 dominacionem
993 2675 1065 2703 cleri
1087 2675 1209 2709 (Above
1230 2676 1298 2712 179d
1315 2676 1444 2704 without
1463 2678 1550 2705 mark

238 2717 273 2744 of
290 2718 467 2752 reference).
612 2728 645 2746 ιι.
666 2720 694 2747 Α
714 2721 771 2754 A,:
794 2726 958 2757 utrumque
978 2722 1114 2757 inquam.
1260 2731 1302 2757 ¹4·
1323 2724 1351 2750 A
1371 2724 1428 2758 Al:
1450 2723 1550 2750 civilis

237 2763 360 2791 ditacio.
505 2773 543 2792 21.
565 2766 594 2792 A
614 2766 642 2792 in
666 2775 782 2801 marg:
807 2766 889 2794 Nota
909 2768 1008 2794 clerus
1036 2769 1128 2796 habet
1148 2769 1397 2797 dominacionem
1417 2778 1549 2804 evange-

236 2809 326 2838 licam
362 2819 379 2837 a
414 2810 537 2838 Christo
567 2820 661 2846 super
687 2813 832 2840 omnibus
859 2813 951 2840 rebus
983 2814 1101 2842 mundi.
1244 2816 1286 2844 23.
1309 2815 1407 2844 Codd.
1440 2824 1549 2843 usum-

233 2857 378 2884 fructum.
520 2857 564 2885 28.
587 2858 626 2884 B:
656 2859 723 2886 aliis
750 2859 859 2887 sancti.
