2051 3273
249 225 338 253 CAP.
353 213 481 272 xvm]
752 227 809 258 DE
837 226 1070 258 ECCLESIA.
1760 215 1840 265 423

96 343 127 375 F
155 343 230 388 1g7b
247 332 323 370 nisi
376 332 445 371 ubi
494 340 553 370 est
596 330 744 383 aliquis
784 330 1044 380 christianus⁷
1078 343 1175 382 ergo
1228 344 1300 382 per
1351 330 1555 369 maiorem

245 411 406 454 partem
440 401 550 439 orbis
582 409 786 438 terrarum
818 412 904 437 non
937 407 997 438 est
1029 398 1212 439 ecclesia.

195 485 232 518 G
304 471 357 509 Et
400 470 431 509 si
477 469 624 508 dicitur
669 469 785 521 quod
832 477 893 507 est
935 468 987 506 ibi
1023 469 1256 508 secundum
1288 477 1553 521 potestatem,

245 540 300 578 sic
343 553 482 578 revera
520 538 703 591 quelibet
734 551 912 590 persona
945 547 1084 577 sancte
1117 538 1258 577 matris
1293 538 1460 578 ecclesie
1495 548 1555 578 est

211 608 414 661 5ubique‚
447 617 486 647 et
518 608 572 647 sic
607 608 852 646 concederet
884 621 981 646 cum
1014 608 1134 646 beato
1167 607 1406 660 Augustino
1440 609 1555 660 quod
1589 617 1672 654 Why
1692 618 1766 645 does
1787 618 1824 644 he

1572 658 1625 680 not
1647 652 1743 680 admit
1770 652 1840 679 witti

244 687 330 717 tam
362 677 531 716 ecclesia
563 676 746 715 militans
777 690 905 729 quam
927 676 1192 728 triumphans
1216 686 1276 716 est
1298 691 1392 729 pars
1421 677 1555 716 tocius
1577 687 1835 749 Affiffigigiteatrtssat

245 747 426 786 ecclesie.
473 747 566 784 Hoc
615 745 727 784 enim
776 759 946 797 persepe
992 745 1136 785 dicunt
1178 746 1306 785 sancti
1347 747 1843 811 doctores‚triump11anta13d

243 816 336 855 licet
382 815 700 854 mendacissime
745 815 905 854 dicatur
948 816 1064 868 quod
1098 815 1243 855 nullibi
1276 815 1374 855 dicit
1406 816 1555 869 aliquis
1595 799 1655 818 one
1677 790 1815 818 Church.

244 886 389 924 doctor
433 898 561 924 unam
608 897 693 923 esse
741 884 958 924 ecclesiam
990 898 1037 923 ex
1069 884 1172 924 istis.
1205 886 1315 924 Nam
1350 884 1414 939 (ut
1458 899 1555 937 sepe

192 952 431 1007 10allegavi)
475 953 748 1006 AugustinUS‚
781 953 1062 992 Encheridion
1096 954 1248 994 LXIVO
1294 968 1381 1006 cap.
1435 954 1555 1006 ponit

243 1023 345 1062 illud
375 1032 414 1062 et
447 1023 487 1061 in
517 1023 577 1062 De
605 1022 909 1071 Questionibus
941 1023 1089 1062 veteris
1123 1032 1162 1062 et
1193 1037 1300 1062 nove
1332 1023 1432 1076 legis
1465 1037 1553 1076 cap.

242 1093 413 1131 XLV110
458 1092 513 1131 sic
557 1092 712 1131 scribit:
760 1092 854 1130 Non
898 1093 1038 1131 solum
1083 1099 1223 1132 autem
1270 1106 1344 1132 nos
1393 1092 1468 1132 sed
1517 1100 1556 1132 et

240 1162 416 1214 superni
433 1162 538 1200 cives
556 1162 727 1201 ecclesie
743 1161 932 1200 membra
947 1169 1058 1201 sunt.
1076 1162 1206 1201 Aliter
1228 1161 1340 1201 enim
1355 1162 1441 1214 ipsa
1464 1176 1551 1202 non

242 1240 347 1271 esset
392 1245 544 1283 corpus
588 1231 652 1270 vel
697 1244 849 1283 sponsa
890 1231 1045 1271 Christi
1079 1240 1117 1271 et
1157 1245 1336 1284 persona
1378 1245 1553 1271 manens

188 1300 438 1346 15continue
483 1314 565 1339 uua
609 1314 630 1339 a
675 1300 881 1353 principio
915 1301 1063 1340 mundi
1103 1301 1309 1354 usquein
1350 1310 1551 1341 eternum.

242 1372 337 1410 Non
385 1370 497 1408 enim
541 1378 601 1408 est
644 1371 754 1408 racio
808 1384 935 1423 quare
984 1384 1029 1409 ex
1075 1371 1273 1410 omnibus
1323 1370 1553 1410 christianis

242 1448 619 1492 quantumcunque
647 1439 832 1478 localiter
853 1439 1100 1479 distantibus
1125 1441 1396 1493 componitur
1417 1454 1553 1480 unum

242 1522 408 1561 coerS,
455 1508 558 1561 quin
602 1522 676 1560 per
718 1508 830 1547 idem
877 1522 924 1547 ex
970 1509 1098 1548 beatis
1133 1518 1171 1549 et
1202 1510 1431 1561 viantibus;
1476 1524 1551 1549 nec

241 1587 380 1631 potest
418 1577 594 1616 colorari
637 1577 761 1628 racio,
808 1579 1026 1630 quomodo
1072 1592 1119 1617 ex
1162 1588 1250 1618 tota
1283 1579 1551 1619 multitudine

184 1672 224 1694 20
241 1647 337 1686 fidei
381 1646 716 1698 christianorum,
760 1646 855 1686 licet
900 1646 978 1686 fuit
1020 1648 1139 1687 valde
1172 1647 1346 1700 disparis
1386 1649 1551 1701 speciei,

241 1716 412 1756 resultat
455 1729 538 1755 una
581 1715 683 1755 fides
727 1729 808 1769 que
855 1725 914 1755 est
948 1716 1122 1756 formale
1155 1731 1241 1770 quo
1283 1718 1552 1758 constituitur

242 1786 426 1837 ecclesia,
461 1785 562 1839 quin
594 1800 617 1824 a
649 1785 736 1838 pari
769 1799 816 1824 ex
850 1786 1048 1826 omnibus
1083 1788 1373 1839 predestinatis
1396 1788 1447 1827 sit
1469 1802 1552 1828 una

242 1869 395 1908 sponsa
428 1855 595 1895 Christi.
630 1855 696 1894 Sic
729 1855 843 1894 enim
876 1869 923 1894 ex
956 1856 1085 1895 beatis
1109 1856 1317 1897 viantibus
1341 1866 1380 1897 et
1402 1859 1549 1911 damp-

240 1925 345 1964 natis
391 1924 436 1964 fit
482 1938 618 1964 unum
660 1938 791 1977 genus
822 1924 1073 1977 humanum,
1108 1927 1218 1966 unde
1251 1928 1366 1980 quod
1404 1927 1553 1967 dicitur
1593 1947 1660 1975 The
1681 1948 1812 1976 mimam

184 2010 221 2041 25
240 1994 453 2033 ecclesiam
486 1993 737 2033 militantem
769 2007 855 2033 non
887 2008 973 2033 esse
1006 1994 1357 2048 circumscriptive
1386 1997 1550 2049 alicubi,
1582 1982 1825 2046 εῑξξξζξξήξω

240 2064 393 2104 falsum
445 2073 517 2115 est,
571 2077 669 2103 cum
721 2064 772 2102 sit
823 2077 974 2116 corpus
1026 2064 1182 2103 habens
1230 2079 1364 2104 unum
1406 2066 1551 2106 locum
1602 2061 1633 2080 ³⁵
1654 2057 1685 2080 ¹⁰
1707 2055 1802 2088 place.

241 2134 664 2185 circumscribentem,
699 2134 804 2173 sicut
835 2134 960 2174 habet
993 2147 1123 2174 unam
1155 2134 1295 2186 fidem,
1330 2144 1369 2175 et
1401 2135 1458 2175 sic
1491 2144 1551 2175 est

243 2217 394 2256 corpus
433 2203 668 2243 animatum
699 2203 918 2254 racionale,
952 2217 1050 2242 nam
1084 2212 1143 2243 est
1175 2217 1325 2257 corpus
1358 2204 1550 2244 sensibile

242 2286 433 2313 exercens
477 2281 592 2312 actus
634 2272 791 2323 vitales,
831 2273 937 2312 sicut
969 2273 1250 2312 multitudinis
1285 2274 1548 2313 credencium

185 2358 226 2389 30
243 2352 327 2382 erat
359 2357 429 2382 cor
460 2355 594 2382 unum
617 2351 655 2381 et
687 2342 826 2381 anima
847 2355 941 2393 una,
982 2351 1027 2382 ut
1060 2342 1208 2383 dicitur
1229 2346 1321 2383 Act.
1355 2343 1446 2394 IV0‚
1482 2344 1546 2382 32.

242 2413 338 2452 Ideo
386 2413 506 2452 valde
549 2420 708 2450 remota
756 2420 816 2450 est
860 2411 1153 2452 dissimilitudo
1192 2414 1243 2452 ad
1281 2413 1549 2466 probandum

242 2482 358 2535 quod
381 2494 465 2520 non
490 2489 549 2520 est
572 2480 766 2533 animata,
799 2480 894 2520 licet
925 2480 1048 2533 vivat,
1072 2481 1179 2521 sicut
1201 2482 1367 2535 spiritus
1389 2482 1548 2534 vivunt,

243 2560 282 2590 et
313 2564 399 2590 non
432 2559 528 2590 sunt
559 2549 743 2589 animati.
768 2549 809 2589 Si
842 2549 953 2589 enim
986 2550 1154 2603 spiritus
1186 2550 1321 2591 forent
1350 2552 1547 2605 organici,

295 2717 340 2743 27.
360 2709 381 2736 B
404 2709 434 2736 in
457 2716 575 2744 marg:
596 2708 733 2737 Ecclesia
753 2714 799 2737 est
819 2717 935 2744 corpus
958 2708 1130 2736 animatum
1153 2710 1317 2737 racionale.

306 2837 354 2858 12.
383 2829 461 2869 Aug
501 2828 591 2870 Opp.
619 2834 702 2859 tom.
730 2828 783 2868 III,
810 2828 966 2870 Append.
993 2839 1069 2871 pag.
1096 2827 1150 2860 60.
