2051 3273
202 247 276 300 178

229 369 343 404 Christ,
363 369 434 395 who

193 405 278 439 gives
291 409 428 439 poverty,
444 404 469 430 is

192 440 239 467 far
260 443 379 474 greater
396 440 467 465 than

223 473 349 509 Caesar,
370 474 439 500 who

222 509 305 543 gives
329 509 438 536 riches.

210 2463 258 2490 All
286 2464 451 2498 privileges

237 2507 326 2524 conte
349 2499 428 2525 froin

207 2532 309 2559 Cin-ist
331 2534 459 2569 directly

218 2576 253 2594 01·
274 2568 442 2604 indirectly.

908 253 1131 286 JOHANNIS
1157 254 1349 285 wvciiir.
1588 239 1694 297 [CAP.
1713 250 1794 277 vm.

544 361 647 399 Item
703 358 1077 411 proporcionaliter
1124 366 1169 397 ut
1219 358 1416 397 dominus
1461 367 1521 397 est
1566 358 1884 410 potencior,es

653 392 662 410 7

484 428 735 482 prudencior
768 436 806 467 et
838 428 931 480 plus
965 427 1134 467 affectus
1178 441 1250 467 sue
1289 427 1472 478 ecclesie,
1505 428 1702 467 tribueret
1742 425 1896 466 eis153b

484 497 698 551 privilegia
730 497 913 550 pociora,
947 498 1019 537 sed
1061 498 1136 537 iste
1183 497 1450 537 condiciones
1485 498 1797 537 antonomatice

484 577 643 620 reperte
677 577 775 607 sunt
807 567 849 606 in
883 567 1050 607 Christo
1084 567 1125 606 in
1160 567 1481 620 comparacione
1515 568 1564 606 ad
1589 567 1797 615 Cesarem,

484 652 582 691 ergo
627 646 665 676 et
710 636 992 689 privilegiacio
1037 636 1416 689 proporcionaliter
1455 637 1831 689 correspondens.5

484 708 620 746 Nemo
654 720 752 759 ergo
787 706 894 745 dicet
927 707 1042 759 quod
1076 706 1203 745 Cesar
1235 707 1328 758 plus
1363 706 1637 758 privilegiavit
1669 706 1797 745 eccle-

483 777 587 815 siam
621 790 749 829 quam
782 776 980 814 dominus
1024 776 1139 814 Jesus
1173 775 1378 825 Christus,
1407 789 1481 814 nec
1513 775 1608 815 licet
1645 774 1799 827 ‘ringere

483 847 585 899 quin
619 845 810 886 Christus
852 845 929 884 fuit
968 845 1187 898 potencior
1231 846 1282 884 ad
1321 846 1567 884 donandum
1603 845 1659 885 eis
1691 854 1797 884 tem-

482 917 653 969 poralia,
689 917 794 956 sicut
827 924 866 955 et
897 915 1076 968 apostoli
1113 923 1341 968 potuerunt
1375 928 1420 953 ea
1444 915 1656 967 copiosius
1688 929 1797 955 rece-

482 987 605 1039 pisse,
640 995 685 1026 ut
718 995 832 1039 patet
863 985 902 1024 in
937 985 1032 1024 vitis
1071 998 1230 1023 eorum.
1282 985 1401 1024 Unde
1441 985 1601 1037 Symon
1650 999 1798 1037 magus
1820 1006 1857 1026 10

481 1056 614 1095 voluit
648 1056 809 1095 dedisse
841 1055 965 1093 Petro
999 1055 1177 1093 multam
1210 1054 1435 1106 pecuniam
1468 1068 1544 1106 pro
1579 1054 1797 1107 privilegio

481 1126 713 1179 apostolico
744 1123 808 1179 (ut
831 1133 942 1177 patet
957 1126 1047 1164 Act.
1073 1122 1220 1177 Vim),
1249 1133 1288 1163 et
1311 1123 1481 1162 indubie
1512 1123 1617 1163 soret
1646 1124 1797 1162 melius

483 1210 611 1248 qnam
664 1194 921 1247 quantalibet
984 1193 1160 1245 pecunia
1220 1194 1283 1231 vel
1345 1194 1487 1232 omnia
1552 1193 1798 1246 temporalia

480 1266 605 1304 huius
641 1264 798 1303 mundi.
833 1265 921 1302 Nos
954 1277 1052 1316 ergo
1088 1277 1172 1301 non
1206 1263 1362 1302 erimus
1403 1263 1534 1315 magis
1569 1264 1798 1315 degeneres

481 1335 592 1374 dicto
625 1335 826 1388 Symone,
867 1333 960 1385 plus
999 1333 1286 1384 appreciantes
1328 1333 1592 1384 privilegium
1638 1331 1855 1374 Cesaris15

482 1419 609 1457 quam
643 1403 906 1456 privilegium
943 1402 1104 1440 domini
1137 1404 1230 1440 Jesu
1266 1402 1431 1441 Christi.

540 1476 624 1513 Nec
657 1474 765 1512 valet
798 1473 932 1511 dicere
965 1473 1080 1525 quod
1105 1472 1180 1511 ista
1204 1472 1417 1525 privilegia
1452 1472 1649 1510 dicuntur
1681 1472 1829 1524 equi-1

481 1558 582 1583 voce
616 1553 654 1582 et
687 1544 780 1582 ideo
828 1557 910 1582 non
959 1552 1055 1582 sunt
1095 1543 1405 1595 comparabilia,
1448 1557 1543 1581 nan]
1579 1543 1691 1581 Deus
1739 1551 1799 1580 est

483 1614 630 1652 melior
652 1614 835 1663 diabolo,
862 1614 972 1653 bona
995 1612 1128 1666 gracie
1158 1622 1255 1652 sunt
1278 1612 1450 1651 meliora
1476 1613 1596 1651 bonis
1618 1612 1797 1660 fortune,

482 1694 520 1723 et
552 1684 664 1723 iuxta
700 1692 866 1722 sanctos
900 1684 1049 1722 melius
1095 1692 1155 1722 est
1188 1683 1425 1721 seculariter
1465 1696 1598 1721 carere
1632 1691 1796 1733 tempo·
1817 1703 1857 1723 20

482 1755 636 1793 salibus
669 1767 798 1806 quam
831 1754 993 1794 habere.
1057 1753 1095 1792 Si
1132 1766 1229 1805 ergo
1263 1752 1339 1791 ista
1373 1761 1456 1790 tam
1491 1752 1670 1804 disparia
1703 1761 1800 1791 sunt

483 1824 763 1876 comparabilia
796 1823 834 1861 in
861 1824 972 1861 bono
1006 1823 1199 1875 analogo,
1241 1837 1261 1860 a
1293 1822 1378 1874 pari
1412 1823 1471 1861 vel
1509 1823 1652 1860 maiori
1690 1823 1799 1861 bona

483 1894 622 1933 minus
655 1894 846 1945 disparia.

541 1965 593 2002 Et
626 1973 761 2016 preter
793 1963 871 2002 hoc
907 1963 1044 2015 aliqua
1080 1961 1329 2014 temporalia
1362 1961 1534 2000 donavit
1568 1962 1680 2000 Deus
1714 1961 1839 2003 suisfz

482 2047 564 2086 que
598 2034 737 2086 quoad
773 2032 1049 2085 quantitatem
1085 2041 1123 2070 et
1146 2032 1325 2070 modum
1349 2031 1526 2068 habendi
1552 2040 1649 2069 sunt
1682 2044 1798 2069 com-
1820 2041 1857 2073 25

482 2103 679 2155 parabilia
714 2104 827 2141 dono
862 2101 1024 2141 Cesaris
1065 2101 1127 2138 vel
1167 2101 1334 2139 alterius
1380 2100 1539 2138 domini
1587 2100 1801 2146 secularis}

484 2174 522 2211 in
559 2174 637 2212 hoc
672 2187 770 2225 ergo
804 2174 917 2224 quod
954 2171 1060 2209 dicta
1095 2170 1307 2222 privilegia
1342 2170 1537 2208 dicuntur
1568 2179 1653 2208 tam
1686 2170 1802 2221 equi-

483 2257 598 2293 voce,
623 2250 790 2295 oportet
822 2242 1048 2281 concedere
1083 2241 1196 2292 quod
1232 2254 1362 2278 unum
1400 2239 1610 2278 infinitum
1645 2238 1802 2277 excedit

485 2313 695 2365 reliquum
719 2312 757 2350 in
783 2311 1058 2364 perfeccione,
1094 2311 1202 2349 sicut
1235 2310 1404 2362 spiritus
1429 2310 1589 2348 excedit
1613 2319 1803 2347 naturam

486 2396 744 2433 corpoream.
760 2381 785 2408 ²³³
1828 2388 1902 2421 153ο

545 2453 661 2501 Item,
686 2452 798 2490 iuxta
821 2451 887 2489 bic
911 2451 1020 2489 dicta
1044 2449 1082 2488 in
1110 2449 1336 2488 correlariis
1360 2447 1656 2501 descripcionis
1680 2447 1802 2499 privi-
1822 2459 1846 2490 3

486 2523 594 2576 legii,
620 2536 745 2561 nemo
780 2530 916 2573 potest
939 2521 1033 2559 dare
1058 2520 1334 2572 privilegium,
1368 2519 1444 2557 nisi
1471 2518 1661 2557 Christus
1692 2517 1803 2569 prin-

486 2592 673 2645 cipaliter
709 2592 808 2630 illud
849 2590 1022 2641 dederit,
1069 2599 1107 2630 et
1152 2604 1249 2628 cum
1295 2603 1378 2628 non
1429 2590 1545 2628 decer
1578 2587 1801 2626 dominum

486 2663 580 2700 dare
620 2675 692 2714 per
737 2675 900 2700 servum
948 2661 1111 2699 donum
1157 2659 1384 2712 perfeccius
1428 2672 1553 2711 quam
1602 2657 1689 2708 ipse
1735 2657 1803 2694 dat

532 2844 560 2870 3.
584 2844 623 2869 12:
654 2843 910 2870 autonomastice.
1057 2851 1095 2875 ¹7·
1125 2844 1151 2869 A
1181 2842 1208 2868 in
1236 2849 1351 2875 marga
1373 2839 1556 2875 Responsio.
1699 2837 1741 2865 23.
1764 2845 1804 2864 sc.

486 2896 554 2916 sunt
575 2891 804 2924 comparabilia.
951 2888 986 2915 ἰὴ.
1010 2891 1033 2915 Α
1059 2898 1085 2915 in
1109 2897 1223 2922 marg:
1259 2888 1337 2914 Num
1360 2888 1415 2913 lior:
1437 2892 1663 2919 argumentum.
