2051 3273
209 224 297 252 CAP.
313 213 394 271 ΧΗ]
719 226 777 256 DE
804 224 1039 256 ECCLESIA.
1722 213 1794 251 261

59 344 96 378 G
117 340 409 383 165csanctum,
443 330 541 383 quia
573 331 721 369 decret.
752 328 916 379 XX11121,
951 343 988 381 q.
1014 328 1080 368 IV.
1115 327 1514 368 Nabuchodonosor

207 415 253 440 ex
286 400 528 440 testimonio
561 399 787 451 Augustini
820 407 984 449 reputat
1017 410 1114 436 eum
1147 405 1351 436 sanctum.

156 482 193 514 Η
265 471 325 508 Ex
370 469 457 508 istis
510 468 718 520 colligitur
769 469 884 520 quod
936 466 1149 506 concessio
1196 465 1511 518 privilegiorum
1528 474 1596 500 'she
1617 473 1802 501 coucession

205 539 442 591 principum
487 551 572 576 non
614 537 753 576 minus
799 537 1005 588 dependet
1036 549 1058 574 a
1090 535 1401 588 privilegianciis
1440 535 1511 589 qui
1558 508 1772 577 Odeiigiilcilseffiesb

174 608 304 660 §ipsis
336 606 585 660 participent
617 620 744 659 quam
776 606 825 644 ab
859 605 957 657 ipsis
989 604 1258 658 principibus.
1308 606 1424 644 Patet
1465 618 1512 643 ex
1539 578 1790 673 g¹ssssfflffsseiss¹s¹ffie

203 677 283 717 hoc
327 676 442 730 quod
489 689 576 715 non
621 675 728 714 foret
757 674 836 713 illis
870 674 1148 726 privilegium,
1182 674 1258 712 nisi
1294 674 1513 727 supposita
1600 654 1672 681 bran
1691 654 1732 674 er.

207 746 431 799 capacitate
477 759 523 784 ex
567 745 651 784 vita
693 743 904 783 meritoria
935 743 1152 796 participio
1185 743 1276 782 talis
1308 743 1511 795 privilegii

205 815 340 855 forent
390 814 522 867 digni;
576 828 673 853 cum
726 827 824 866 ergo
876 813 967 852 talis
1012 812 1189 866 dignitas
1237 813 1513 852 essencialiter

205 884 410 936 dependet
454 884 504 922 ab
549 883 628 922 illis
660 882 968 935 privilegiandis
1001 892 1039 922 et
1071 896 1155 921 non
1190 883 1241 921 ab
1274 882 1352 920 illis
1385 882 1511 935 privi-

152 953 468 1006 101egiantibUS,
505 962 618 1005 patet
639 952 866 992 conclusio.
904 952 1062 991 Ymmo
1096 966 1193 991 cum
1226 952 1510 1004 privilegiacio

203 1023 365 1075 passiva
387 1031 525 1075 potest
547 1021 686 1061 inferri
719 1022 769 1059 ab
802 1021 890 1060 aliis
913 1035 1041 1074 quam
1064 1036 1086 1060 a
1109 1022 1213 1061 datis
1237 1021 1511 1073 principibus,

205 1091 308 1143 (non
333 1101 474 1131 autem
496 1100 634 1144 potest
659 1091 793 1130 inesse
827 1090 904 1129 nisi
936 1091 1035 1130 insit
1067 1105 1114 1130 ex
1147 1090 1348 1143 dignitate
1382 1104 1512 1143 quam

204 1161 484 1214 privilegiatus
528 1160 687 1213 perficit
730 1160 771 1198 in
814 1174 855 1198 se
899 1159 1026 1213 ipso),
1072 1160 1235 1199 videtur
1267 1161 1382 1212 quod
1421 1160 1511 1199 talis

203 1230 365 1283 passiva
397 1230 607 1270 concessio
639 1230 705 1268 vel
737 1229 1020 1282 privilegiacio
1043 1229 1156 1281 prius
1180 1238 1326 1269 natura
1355 1231 1508 1282 depen—

151 1310 187 1342 15
203 1301 272 1339 det
302 1314 325 1339 a
356 1299 663 1353 privilegiandis
711 1313 839 1352 quam
883 1300 933 1338 ab
977 1299 1064 1338 istis
1098 1299 1455 1352 privilegiantibus
1489 1314 1511 1338 a

204 1368 355 1422 quibus
400 1370 539 1408 solum
582 1378 774 1408 causatur
806 1382 879 1421 per
911 1369 1114 1407 accidens.
1150 1368 1380 1408 Concessio
1412 1383 1509 1409 vero

203 1438 333 1476 eciam
376 1438 507 1477 activa
558 1438 845 1489 dominorum,
885 1438 1119 1477 secundum
1162 1438 1376 1477 racionem
1427 1452 1510 1491 qua

203 1507 308 1546 foret
352 1507 417 1546 isti
461 1508 608 1547 clerico
652 1507 935 1560 privilegium,
981 1495 1189 1560 dependet
1233 1508 1510 1547 essencialiter

202 1577 252 1615 ab
285 1577 435 1616 eodem
466 1577 627 1628 clerico,
660 1578 757 1630 quia
780 1577 811 1615 si
834 1590 919 1615 non
945 1576 1154 1627 meruerit,
1180 1586 1279 1616 tunc
1309 1577 1508 1616 dominus

147 1666 188 1686 20
203 1646 244 1684 in
277 1646 544 1685 concessione
575 1646 758 1699 generali
781 1660 865 1685 non
890 1647 1093 1686 concessit
1114 1647 1380 1700 privilegium
1406 1646 1509 1685 illud

203 1715 292 1766 sibi,
325 1715 419 1754 ideo
454 1715 577 1769 (sicut
610 1715 692 1753 dixi
723 1715 765 1753 in
798 1715 1016 1755 solucione
1048 1715 1230 1768 proximi
1253 1714 1507 1767 argumenti)

201 1785 412 1837 optimum
455 1784 643 1823 medium
690 1785 962 1824 conservandi
996 1785 1209 1838 privilegia
1242 1794 1302 1824 est
1347 1793 1392 1824 ut
1424 1784 1506 1837 pri-

201 1854 458 1906 vilegiandus
506 1854 741 1894 conformet
786 1868 827 1893 se
873 1868 984 1894 sacre
1028 1855 1242 1907 scripture,
1293 1854 1390 1907 quia
1442 1853 1509 1907 (ut

201 1923 350 1963 dicitur
372 1924 543 1963 Matthei
567 1921 643 1977 VO)
669 1937 718 1962 eo
741 1924 832 1975 ipso
866 1937 951 1976 quo
986 1923 1123 1976 ipsam
1144 1924 1335 1963 habuerit
1363 1925 1505 1962 adver-

145 2002 183 2033 25
202 1992 356 2032 sarium
399 1993 532 2045 perdit
576 1992 851 2045 privilegium,
885 1992 982 2045 quia
1021 1993 1150 2032 vitam
1196 1993 1425 2045 propriam,
1465 1993 1506 2031 in

200 2076 281 2114 qua
323 2061 527 2101 vivificata
571 2076 642 2114 per
684 2062 900 2101 Christum
946 2062 1211 2115 privilegium
1250 2062 1504 2102 fundaretur.

201 2130 456 2170 Conceditur
503 2145 599 2183 ergo
643 2132 759 2184 quod
803 2131 869 2183 pie
903 2140 942 2170 et
973 2131 1295 2170 misericorditer
1339 2131 1504 2170 racione
1533 2143 1591 2172 We
1618 2145 1774 2183 must-be-

198 2200 397 2253 privilegii
431 2200 669 2252 principum
691 2201 902 2252 agendum
925 2209 984 2239 est
1007 2214 1101 2239 cum
1126 2200 1277 2240 talibus
1307 2201 1504 2253 fugitivis,
1542 2179 1771 2250 warlsslgfcytalse

199 2270 269 2308 sed
292 2268 355 2323 (ut
378 2269 459 2308 dixi
482 2269 673 2321 proximo
698 2269 900 2321 capitulo)
932 2270 1114 2308 cavenda
1148 2279 1207 2309 est
1240 2269 1340 2309 falsa
1371 2270 1503 2322 pietas

144 2348 185 2380 30
201 2347 240 2377 et
261 2338 542 2377 misericordia
565 2337 727 2377 iniusta.
758 2339 891 2390 Ipsam
915 2347 1057 2377 autem
1080 2338 1259 2378 declarat
1291 2340 1505 2378 decretum

200 2408 276 2446 sub
308 2407 550 2446 auctoritate
572 2407 679 2446 beati
702 2407 915 2446 Ambrosii
936 2407 978 2446 in
1001 2408 1107 2446 libro
1140 2421 1216 2446 suo
1241 2408 1300 2446 De
1324 2407 1502 2457 Officiis,

249 2573 269 2591 1.
291 2563 312 2590 B
333 2563 363 2591 in
383 2572 495 2599 marg:
524 2563 796 2597 Nabugodonosor
815 2570 860 2592 est
880 2566 996 2594 beatus.
1105 2566 1129 2594 3.
1151 2566 1179 2593 A
1199 2565 1229 2593 in
1251 2573 1367 2600 marg:
1391 2565 1502 2593 Corre-

196 2610 316 2638 larium.
438 2617 479 2637 22.
497 2610 535 2637 13:
557 2610 755 2637 observandi.
880 2610 925 2638 30.
946 2613 974 2639 A
995 2612 1025 2639 in
1040 2620 1153 2647 marga
1174 2611 1254 2639 Nota
1270 2617 1375 2639 contra
1392 2612 1501 2640 falsam

198 2656 341 2692 pietatem
371 2660 399 2683 et
424 2655 568 2683 iniustam
607 2655 854 2683 misericordiam
891 2656 1005 2691 (Below
1027 2658 1089 2686 1650
1118 2658 1247 2685 without
1282 2658 1369 2685 mark
1397 2658 1431 2685 of
1461 2666 1504 2685 re-

196 2703 338 2737 ference).

261 2830 286 2851 1.
313 2820 410 2852 Decr.
436 2831 504 2852 sec.
531 2830 620 2863 pars,
648 2829 750 2851 causa
775 2820 892 2860 XXIII,
924 2831 956 2863 q.
984 2820 1040 2863 1V,
1067 2831 1092 2853 c.
1119 2822 1223 2853 XXII.
