2051 3273
276 224 364 254 CAP.
384 215 482 274 xxi]
763 230 824 263 DE
849 230 1085 264 ECCLESIA.
1790 224 1872 277 493

123 342 157 374 B
183 341 258 385 196⁰
277 334 342 372 vel
357 334 436 373 alia
455 342 660 387 creatura3
685 343 723 374 et
746 348 884 375 revera
906 335 1061 388 fingere
1083 336 1211 375 talem
1233 335 1583 389 significacionem

274 402 577 443 infundabilem
624 405 675 443 ad
715 406 946 444 cecandum
978 418 1117 457 regem
1163 414 1202 444 et
1246 418 1423 459 regnum
1467 407 1586 459 quod

273 485 359 511 non
392 482 573 526 possunt
603 474 833 527 quicquam
861 473 1019 514 auferre
1052 488 1073 513 a
1101 475 1290 526 subditis,
1324 475 1431 515 foret
1460 476 1584 515 nimis

272 541 421 594 supina
444 542 638 593 stulticia,
660 557 758 583 narn
781 543 1025 595 ignorancia
1056 553 1115 583 est
1138 553 1347 598 percepta.
1383 545 1448 585 Sic
1472 546 1583 584 enim
1598 555 1705 584 Rulers
1721 565 1791 594 may
1805 559 1873 585 take

238 611 454 652 5dicerent
501 612 664 652 domini
709 614 826 666 quod
870 626 958 652 non
996 613 1191 654 auferunt
1236 614 1478 667 simpliciter
1510 616 1582 654 sed
1635 600 1832 676 “sessssigum

271 682 505 721 secundum
551 682 665 736 quid,
713 682 1097 735 proporcionaliter
1147 692 1194 723 ut
1237 684 1454 735 dederunt,
1507 698 1582 723 nec
1622 662 1854 737 qgcigakffxsreilsse

270 750 379 791 foret
411 751 560 791 alicubi
606 752 855 805 periculum,
901 752 998 806 quia
1042 753 1111 791 illa
1151 753 1263 792 bona
1294 767 1382 792 non
1415 753 1583 793 fuerunt
1680 740 1788 767 given3

269 833 343 859 sua
380 822 452 860 sed
502 821 644 861 solum
681 822 913 862 secundum
957 821 1070 876 quid.
1112 822 1261 862 Melius
1301 837 1399 876 ergo
1439 823 1583 863 fuisset

270 890 532 943 descripsisse
566 891 783 931 veritatem
818 891 1069 931 catholicam
1102 901 1141 931 et
1164 892 1457 932 defensionem
1488 907 1580 946 per-

214 958 464 1011 iotinacem‚
497 969 544 1000 ut
576 961 807 1001 declaretur
840 961 872 1000 si
904 961 1059 1014 poterit
1082 963 1198 1015 quod
1231 976 1316 1002 non
1349 961 1583 1002 verificatur

268 1030 318 1068 de
351 1043 444 1083 rege
486 1040 526 1070 et
558 1044 687 1084 regno
727 1031 959 1083 descripcio
1001 1032 1185 1084 predicta
1221 1033 1271 1071 de
1310 1032 1458 1084 heresi,
1510 1033 1581 1072 sed

265 1100 318 1139 ad
349 1099 512 1139 tedium
543 1100 655 1140 scole
689 1100 845 1154 fugitur
877 1114 950 1154 per
989 1102 1197 1154 ambages.
1247 1102 1399 1141 Melius
1439 1111 1579 1142 tamen

266 1168 371 1209 foret
409 1170 574 1210 studere
613 1169 796 1222 logicam
834 1179 872 1209 et
919 1171 1051 1210 dicere
1095 1172 1317 1225 quomodo
1356 1172 1478 1211 debet
1516 1172 1577 1210 in—

264 1238 392 1291 telligi
425 1239 501 1279 iste
533 1239 731 1279 articulus
768 1239 863 1280 fidei
893 1240 1096 1280 catholice
1135 1241 1352 1281 ecclesiam
1384 1248 1577 1281 sanctam

211 1309 528 1357 15catholz'cam,
576 1318 676 1349 tunc
719 1309 833 1349 enim
870 1323 958 1349 non
997 1310 1231 1350 dicerentur
1270 1320 1334 1350 tot
1367 1311 1577 1351 sentencie

263 1378 440 1419 heretice
473 1388 512 1418 et
544 1378 620 1418 sibi
653 1379 751 1432 ipsis
783 1380 1001 1431 contrarie,
1033 1389 1080 1420 ut
1111 1389 1225 1433 puta,
1258 1381 1374 1434 quod
1408 1381 1578 1421 ecclesia

263 1462 344 1501 que
383 1458 477 1489 ante
516 1457 700 1489 mortem
738 1448 891 1489 Christi
937 1449 1015 1489 fuit
1060 1464 1275 1504 synagoga
1324 1450 1433 1503 cepit
1481 1460 1578 1503 post

263 1528 447 1559 mortem
471 1518 636 1560 Christi.
671 1519 750 1558 Ista
782 1518 895 1558 enim
918 1533 1006 1558 non
1039 1529 1099 1560 est
1121 1520 1255 1573 logica
1277 1520 1403 1560 huius
1427 1521 1576 1561 mundi

263 1590 381 1642 quod
412 1598 507 1629 ante
540 1582 723 1628 mortem
746 1588 899 1628 Christi
932 1602 1020 1628 non
1054 1588 1131 1628 fuit
1163 1589 1335 1629 ecclesia
1366 1599 1405 1629 et
1437 1590 1493 1630 sic
1527 1590 1575 1629 de
1591 1610 1703 1638 indeed
1723 1619 1769 1638 we
1796 1620 1867 1648 may

206 1673 248 1695 πο
264 1658 407 1698 multis
431 1658 519 1698 aliis
543 1659 763 1698 erroribus.
798 1657 836 1697 O
861 1672 991 1712 quam
1013 1659 1199 1711 gloriosa
1223 1658 1330 1699 foret
1354 1660 1573 1699 conclusio
1621 1646 1830 1716 cosssgitgalthe

263 1729 380 1782 quod
424 1742 551 1768 nemo
596 1737 738 1782 potest
781 1728 1011 1782 quicquam
1054 1728 1213 1768 auferre
1251 1743 1273 1768 a
1313 1729 1462 1769 clerico
1497 1730 1574 1769 nisi
1601 1718 1851 1785 thssssnaefflutsgfiingg

262 1797 381 1849 iuste,
404 1811 532 1838 nemo
559 1798 672 1838 enirn
690 1807 828 1851 potest
849 1798 1077 1852 quicquam
1099 1798 1258 1838 auferre
1280 1813 1303 1838 a
1324 1799 1473 1839 clerico
1495 1799 1574 1838 nisi
1589 1784 1865 1856 fronistiii‘iffl‘iiirgy

260 1867 418 1907 auferat
449 1868 553 1908 illud
585 1868 839 1921 simpliciter,
889 1869 961 1907 sed
998 1882 1126 1908 nemo
1165 1877 1309 1921 potest
1340 1869 1574 1923 quidquam

261 1936 419 1977 auferre
436 1938 677 1991 simpliciter
691 1938 770 1977 nisi
785 1938 904 1990 iuste,
922 1951 1019 1988 ergo
1039 1938 1267 1979 conclusio.
1285 1939 1325 1978 Si
1345 1939 1457 1978 enim
1481 1939 1572 1993 quis

205 2010 242 2043 25
260 2008 393 2047 aufert
430 2007 586 2062 aliquid
622 2008 869 2048 auctoritate
907 2008 1090 2061 propria,
1131 2022 1229 2048 cum
1267 2022 1394 2047 nemo
1434 2018 1574 2061 potest

259 2076 408 2116 habere
430 2077 722 2117 auctoritatem
739 2079 790 2117 ad
805 2079 1080 2131 peccandum,
1097 2078 1285 2132 sequitur
1308 2079 1422 2132 quod
1445 2092 1572 2118 nemo

259 2155 399 2199 potest
421 2146 580 2187 auferre
612 2147 845 2201 quidquam
878 2147 1125 2188 auctoritate
1156 2147 1327 2201 propria
1350 2147 1426 2187 nisi
1449 2148 1569 2188 iuste.

215 2219 245 2252 0
318 2216 398 2255 Sed
442 2217 614 2257 ulterius
659 2217 983 2270 multiplicando
1031 2217 1378 2257 inconveniencia
1421 2217 1572 2257 dicitur
1604 2236 1655 2273 My
1683 2242 1846 2272 opponent

260 2287 378 2339 quod
410 2287 580 2326 clericus
613 2286 744 2326 sciens
768 2295 998 2340 patronum
1030 2301 1155 2326 suum
1178 2300 1269 2326 esse
1292 2288 1571 2340 dampnatum
1628 2273 1819 2344 {aggssshssslta}

201 2357 244 2389 30
259 2356 380 2395 debet
401 2370 517 2396 orare
544 2370 621 2409 pro
651 2370 714 2407 eo,
739 2365 785 2396 ut
813 2356 975 2409 mitiget
998 2356 1086 2396 eius
1118 2370 1284 2409 penam,
1318 2365 1358 2396 et
1389 2357 1570 2410 allegan-
1605 2349 1716 2410 pfflffiss
1729 2341 1842 2404 fssffim

258 2434 325 2465 tur
356 2427 407 2465 ad
433 2426 515 2466 hoc
543 2426 651 2466 dicta
676 2427 903 2466 doctorum
931 2425 1195 2479 Prepositivi,
1222 2411 1861 2479 Altissidorensis,¹¹e¹21¹2}{³,0V1⁹1{0}‘³be

309 2547 330 2566 1.
351 2538 391 2565 B:
418 2539 642 2574 signacionem.
784 2546 832 2572 24.
859 2539 888 2566 A
907 2539 961 2573 AI:
991 2539 1060 2574 quis
1087 2539 1182 2567 deest.
1327 2539 1368 2568 31,
1401 2540 1432 2566 In
1458 2540 1572 2567 codd.:

258 2586 437 2620 prepositivi
459 2586 729 2613 Altisiodorensis.

316 2669 368 2701 31.
388 2668 661 2712 Praepoestivus,
677 2669 819 2700 natione
834 2668 1070 2708 Lombardus,
1086 2668 1314 2701 cancellarius
1330 2669 1568 2700 universitatis

257 2727 460 2759 Parisiensis
479 2738 570 2760 anno
594 2738 691 2770 1207.
712 2727 752 2759 cf.
772 2727 920 2758 Fabricii
940 2726 1107 2760 Biblioth.
1126 2728 1217 2759 med.
1237 2734 1271 2760 et
1289 2727 1348 2759 inf.
1367 2726 1486 2759 aetatis
1514 2727 1569 2767 Vl,

258 2784 334 2817 315.
375 2785 672 2824 Alfissidorensis,
713 2795 913 2826 cognomen
947 2785 1203 2816 nonnullorum
1238 2785 1499 2817 decretistarum
1536 2791 1569 2815 et

258 2842 518 2885 theologorum.
547 2843 590 2874 cf.
618 2842 782 2874 Franklin
810 2843 1045 2874 Dictionnaire
1072 2844 1092 2874 1.
1121 2853 1148 2874 c.
1175 2854 1209 2886 p.
1237 2843 1291 2876 51.
