<?xml version="1.0" encoding="UTF-8"?>
<!DOCTYPE html PUBLIC "-//W3C//DTD XHTML 1.0 Transitional//EN"
    "http://www.w3.org/TR/xhtml1/DTD/xhtml1-transitional.dtd">
<html xmlns="http://www.w3.org/1999/xhtml" xml:lang="en" lang="en">
 <head>
  <title>
</title>
<meta http-equiv="Content-Type" content="text/html;charset=utf-8" />
  <meta name='ocr-system' content='tesseract 3.04.00' />
  <meta name='ocr-capabilities' content='ocr_page ocr_carea ocr_par ocr_line ocrx_word'/>
</head>
<body>
  <div class='ocr_page' id='page_1' title='image "./tractatusdeeccle00wycl_0575.png"; bbox 0 0 2051 3273; ppageno 0'>
   <div class='ocr_carea' id='block_1_1' title="bbox 92 346 225 389">
    <p class='ocr_par' dir='ltr' id='par_1_1' title="bbox 92 346 225 389">
     <span class='ocr_line' id='line_1_1' title="bbox 92 346 225 389; baseline 0 -8"><span class='ocrx_word' id='word_1_1' title='bbox 92 349 126 389; x_wconf 79' lang='lat' dir='ltr'>Q,</span> <span class='ocrx_word' id='word_1_2' title='bbox 145 346 225 381; x_wconf 69' lang='lat' dir='ltr'><strong>202b</strong></span> 
     </span>
    </p>
   </div>
   <div class='ocr_carea' id='block_1_2' title="bbox 242 219 1054 276">
    <p class='ocr_par' dir='ltr' id='par_1_2' title="bbox 242 219 1054 276">
     <span class='ocr_line' id='line_1_2' title="bbox 242 219 1054 276; baseline 0.002 -17"><span class='ocrx_word' id='word_1_3' title='bbox 242 231 330 258; x_wconf 81' lang='lat' dir='ltr'>CAP.</span> <span class='ocrx_word' id='word_1_4' title='bbox 352 219 462 276; x_wconf 68' lang='lat' dir='ltr'>xm]</span> <span class='ocrx_word' id='word_1_5' title='bbox 735 233 794 263; x_wconf 86' lang='lat' dir='ltr'>DE</span> <span class='ocrx_word' id='word_1_6' title='bbox 822 231 1054 263; x_wconf 71' lang='lat' dir='ltr'>EchEsm.</span> 
     </span>
    </p>
   </div>
   <div class='ocr_carea' id='block_1_3' title="bbox 234 333 1552 598">
    <p class='ocr_par' dir='ltr' id='par_1_3' title="bbox 234 333 1552 598">
     <span class='ocr_line' id='line_1_3' title="bbox 241 333 1551 390; baseline -0.004 -14"><span class='ocrx_word' id='word_1_7' title='bbox 241 351 326 390; x_wconf 88' lang='lat' dir='ltr'>quo</span> <span class='ocrx_word' id='word_1_8' title='bbox 358 337 555 376; x_wconf 89' lang='lat' dir='ltr'>laudatur</span> <span class='ocrx_word' id='word_1_9' title='bbox 579 337 737 375; x_wconf 86' lang='lat' dir='ltr'>Tobias</span> <span class='ocrx_word' id='word_1_10' title='bbox 778 336 929 375; x_wconf 85' lang='lat' dir='ltr'>Tobie.</span> <span class='ocrx_word' id='word_1_11' title='bbox 993 334 1115 375; x_wconf 84' lang='lat' dir='ltr'><strong>Unde</strong></span> <span class='ocrx_word' id='word_1_12' title='bbox 1149 334 1364 372; x_wconf 86' lang='lat' dir='ltr'>decretum</span> <span class='ocrx_word' id='word_1_13' title='bbox 1407 333 1551 371; x_wconf 81' lang='lat' dir='ltr'>recitat</span> 
     </span>
     <span class='ocr_line' id='line_1_4' title="bbox 241 402 1551 459; baseline -0.004 -14"><span class='ocrx_word' id='word_1_14' title='bbox 241 407 506 459; x_wconf 85' lang='lat' dir='ltr'>Augustinus</span> <span class='ocrx_word' id='word_1_15' title='bbox 555 407 616 444; x_wconf 90' lang='lat' dir='ltr'>De</span> <span class='ocrx_word' id='word_1_16' title='bbox 652 405 765 445; x_wconf 87' lang='lat' dir='ltr'>Cura</span> <span class='ocrx_word' id='word_1_17' title='bbox 812 405 972 456; x_wconf 85' lang='lat' dir='ltr'>agenda</span> <span class='ocrx_word' id='word_1_18' title='bbox 1020 417 1096 455; x_wconf 92' lang='lat' dir='ltr'>pro</span> <span class='ocrx_word' id='word_1_19' title='bbox 1137 403 1314 442; x_wconf 85' lang='lat' dir='ltr'>mortuis</span> <span class='ocrx_word' id='word_1_20' title='bbox 1355 403 1432 441; x_wconf 89' lang='lat' dir='ltr'>sub</span> <span class='ocrx_word' id='word_1_21' title='bbox 1474 402 1551 441; x_wconf 86' lang='lat' dir='ltr'>hiis</span> 
     </span>
     <span class='ocr_line' id='line_1_5' title="bbox 242 472 1552 527; baseline -0.003 -13"><span class='ocrx_word' id='word_1_22' title='bbox 242 476 396 516; x_wconf 83' lang='lat' dir='ltr'>verbis:</span> <span class='ocrx_word' id='word_1_23' title='bbox 435 476 638 524; x_wconf 77' lang='lat' dir='ltr'>Quamvis</span> <span class='ocrx_word' id='word_1_24' title='bbox 672 489 769 514; x_wconf 86' lang='lat' dir='ltr'>cure</span> <span class='ocrx_word' id='word_1_25' title='bbox 803 488 878 527; x_wconf 93' lang='lat' dir='ltr'>pro</span> <span class='ocrx_word' id='word_1_26' title='bbox 913 473 1090 512; x_wconf 84' lang='lat' dir='ltr'>mortuis</span> <span class='ocrx_word' id='word_1_27' title='bbox 1124 486 1205 512; x_wconf 89' lang='lat' dir='ltr'>non</span> <span class='ocrx_word' id='word_1_28' title='bbox 1239 486 1316 525; x_wconf 85' lang='lat' dir='ltr'>pro</span> <span class='ocrx_word' id='word_1_29' title='bbox 1361 472 1552 511; x_wconf 81' lang='lat' dir='ltr'>omnibus</span> 
     </span>
     <span class='ocr_line' id='line_1_6' title="bbox 234 542 1552 598; baseline -0.005 -13"><span class='ocrx_word' id='word_1_30' title='bbox 234 558 319 598; x_wconf 77' lang='lat' dir='ltr'>pro</span> <span class='ocrx_word' id='word_1_31' title='bbox 351 547 502 598; x_wconf 78' lang='lat' dir='ltr'>quibus</span> <span class='ocrx_word' id='word_1_32' title='bbox 518 546 640 598; x_wconf 86' lang='lat' dir='ltr'>fiunt</span> <span class='ocrx_word' id='word_1_33' title='bbox 664 545 847 597; x_wconf 74' lang='lat' dir='ltr'>prosint,</span> <span class='ocrx_word' id='word_1_34' title='bbox 877 543 955 583; x_wconf 85' lang='lat' dir='ltr'>sed</span> <span class='ocrx_word' id='word_1_35' title='bbox 986 543 1063 582; x_wconf 85' lang='lat' dir='ltr'>lziis</span> <span class='ocrx_word' id='word_1_36' title='bbox 1094 548 1258 582; x_wconf 85' lang='lat' dir='ltr'>tantum</span> <span class='ocrx_word' id='word_1_37' title='bbox 1284 555 1368 594; x_wconf 74' lang='lat' dir='ltr'>pro</span> <span class='ocrx_word' id='word_1_38' title='bbox 1401 542 1552 594; x_wconf 79' lang='lat' dir='ltr'>quibus</span> 
     </span>
    </p>
   </div>
   <div class='ocr_carea' id='block_1_4' title="bbox 210 611 1551 667">
    <p class='ocr_par' dir='ltr' id='par_1_4' title="bbox 210 611 1551 667">
     <span class='ocr_line' id='line_1_7' title="bbox 210 611 1551 667; baseline -0.003 -13"><span class='ocrx_word' id='word_1_39' title='bbox 210 615 343 659; x_wconf 82' lang='lat' dir='ltr'>5dum</span> <span class='ocrx_word' id='word_1_40' title='bbox 391 617 579 656; x_wconf 80' lang='lat' dir='ltr'>viverent</span> <span class='ocrx_word' id='word_1_41' title='bbox 623 622 667 653; x_wconf 86' lang='lat' dir='ltr'>ut</span> <span class='ocrx_word' id='word_1_42' title='bbox 705 614 876 667; x_wconf 74' lang='lat' dir='ltr'>prosint</span> <span class='ocrx_word' id='word_1_43' title='bbox 924 619 1194 662; x_wconf 75' lang='lat' dir='ltr'>meruerant;</span> <span class='ocrx_word' id='word_1_44' title='bbox 1225 611 1299 652; x_wconf 84' lang='lat' dir='ltr'>sed</span> <span class='ocrx_word' id='word_1_45' title='bbox 1328 612 1429 664; x_wconf 80' lang='lat' dir='ltr'>quia</span> <span class='ocrx_word' id='word_1_46' title='bbox 1470 624 1551 650; x_wconf 86' lang='lat' dir='ltr'>non</span> 
     </span>
    </p>
   </div>
   <div class='ocr_carea' id='block_1_5' title="bbox 242 682 1554 946">
    <p class='ocr_par' dir='ltr' id='par_1_5' title="bbox 242 682 1554 946">
     <span class='ocr_line' id='line_1_8' title="bbox 242 682 1553 738; baseline -0.004 -13"><span class='ocrx_word' id='word_1_47' title='bbox 242 686 523 725; x_wconf 76' lang='lat' dir='ltr'>discernimus</span> <span class='ocrx_word' id='word_1_48' title='bbox 551 686 623 738; x_wconf 79' lang='lat' dir='ltr'>qui</span> <span class='ocrx_word' id='word_1_49' title='bbox 649 685 733 724; x_wconf 83' lang='lat' dir='ltr'>sint</span> <span class='ocrx_word' id='word_1_50' title='bbox 761 684 837 733; x_wconf 85' lang='lat' dir='ltr'>illi,</span> <span class='ocrx_word' id='word_1_51' title='bbox 873 690 1034 736; x_wconf 75' lang='lat' dir='ltr'><em>oportet</em></span> <span class='ocrx_word' id='word_1_52' title='bbox 1069 684 1142 722; x_wconf 89' lang='lat' dir='ltr'>illa</span> <span class='ocrx_word' id='word_1_53' title='bbox 1169 695 1253 735; x_wconf 79' lang='lat' dir='ltr'>pro</span> <span class='ocrx_word' id='word_1_54' title='bbox 1283 682 1553 735; x_wconf 72' lang='lat' dir='ltr'>regeneratis</span> 
     </span>
     <span class='ocr_line' id='line_1_9' title="bbox 243 752 1551 808; baseline -0.003 -14"><span class='ocrx_word' id='word_1_55' title='bbox 243 755 435 795; x_wconf 83' lang='lat' dir='ltr'>omnibus</span> <span class='ocrx_word' id='word_1_56' title='bbox 467 755 641 808; x_wconf 81' lang='lat' dir='ltr'>facere.</span> <span class='ocrx_word' id='word_1_57' title='bbox 683 755 736 794; x_wconf 84' lang='lat' dir='ltr'>Et</span> <span class='ocrx_word' id='word_1_58' title='bbox 775 754 961 805; x_wconf 77' lang='lat' dir='ltr'>assignat</span> <span class='ocrx_word' id='word_1_59' title='bbox 995 766 1163 792; x_wconf 90' lang='lat' dir='ltr'>causam</span> <span class='ocrx_word' id='word_1_60' title='bbox 1199 753 1287 791; x_wconf 87' lang='lat' dir='ltr'>eius</span> <span class='ocrx_word' id='word_1_61' title='bbox 1322 752 1551 804; x_wconf 79' lang='lat' dir='ltr'>triplicem:</span> 
     </span>
     <span class='ocr_line' id='line_1_10' title="bbox 244 821 1554 877; baseline -0.004 -13"><span class='ocrx_word' id='word_1_62' title='bbox 244 826 384 864; x_wconf 85' lang='lat' dir='ltr'>Prima</span> <span class='ocrx_word' id='word_1_63' title='bbox 429 834 490 864; x_wconf 88' lang='lat' dir='ltr'>est</span> <span class='ocrx_word' id='word_1_64' title='bbox 535 824 752 877; x_wconf 87' lang='lat' dir='ltr'>profectus</span> <span class='ocrx_word' id='word_1_65' title='bbox 799 832 1069 862; x_wconf 89' lang='lat' dir='ltr'>mortuorum</span> <span class='ocrx_word' id='word_1_66' title='bbox 1104 822 1336 875; x_wconf 81' lang='lat' dir='ltr'>capacium,</span> <span class='ocrx_word' id='word_1_67' title='bbox 1370 821 1554 860; x_wconf 89' lang='lat' dir='ltr'>secunda</span> 
     </span>
     <span class='ocr_line' id='line_1_11' title="bbox 244 892 1554 946; baseline -0.003 -12"><span class='ocrx_word' id='word_1_68' title='bbox 244 904 305 934; x_wconf 88' lang='lat' dir='ltr'>est</span> <span class='ocrx_word' id='word_1_69' title='bbox 339 894 540 934; x_wconf 88' lang='lat' dir='ltr'>excitacio</span> <span class='ocrx_word' id='word_1_70' title='bbox 574 894 747 933; x_wconf 82' lang='lat' dir='ltr'>affectus</span> <span class='ocrx_word' id='word_1_71' title='bbox 782 893 1074 946; x_wconf 82' lang='lat' dir='ltr'>superstitum,</span> <span class='ocrx_word' id='word_1_72' title='bbox 1108 902 1147 932; x_wconf 88' lang='lat' dir='ltr'>et</span> <span class='ocrx_word' id='word_1_73' title='bbox 1181 892 1309 932; x_wconf 86' lang='lat' dir='ltr'>tercia</span> <span class='ocrx_word' id='word_1_74' title='bbox 1341 900 1402 931; x_wconf 86' lang='lat' dir='ltr'>est</span> <span class='ocrx_word' id='word_1_75' title='bbox 1436 899 1554 930; x_wconf 90' lang='lat' dir='ltr'>natu-</span> 
     </span>
    </p>
   </div>
   <div class='ocr_carea' id='block_1_6' title="bbox 190 961 1555 1014">
    <p class='ocr_par' dir='ltr' id='par_1_6' title="bbox 190 961 1555 1014">
     <span class='ocr_line' id='line_1_12' title="bbox 190 961 1555 1014; baseline -0.004 -8"><span class='ocrx_word' id='word_1_76' title='bbox 190 964 339 1006; x_wconf 89' lang='lat' dir='ltr'>10ralis</span> <span class='ocrx_word' id='word_1_77' title='bbox 384 965 609 1004; x_wconf 88' lang='lat' dir='ltr'>instinctus</span> <span class='ocrx_word' id='word_1_78' title='bbox 655 973 695 1003; x_wconf 86' lang='lat' dir='ltr'>et</span> <span class='ocrx_word' id='word_1_79' title='bbox 742 963 996 1014; x_wconf 81' lang='lat' dir='ltr'>meritorius,</span> <span class='ocrx_word' id='word_1_80' title='bbox 1050 962 1150 1001; x_wconf 93' lang='lat' dir='ltr'>dum</span> <span class='ocrx_word' id='word_1_81' title='bbox 1206 961 1331 1002; x_wconf 89' lang='lat' dir='ltr'>fuerit</span> <span class='ocrx_word' id='word_1_82' title='bbox 1384 961 1555 1001; x_wconf 88' lang='lat' dir='ltr'>caritate</span> 
     </span>
    </p>
   </div>
   <div class='ocr_carea' id='block_1_7' title="bbox 245 1031 1558 1296">
    <p class='ocr_par' dir='ltr' id='par_1_7' title="bbox 245 1031 1558 1296">
     <span class='ocr_line' id='line_1_13' title="bbox 247 1031 1555 1085; baseline -0.003 -12"><span class='ocrx_word' id='word_1_83' title='bbox 247 1034 453 1074; x_wconf 89' lang='lat' dir='ltr'>formatus</span> <span class='ocrx_word' id='word_1_84' title='bbox 489 1047 634 1073; x_wconf 83' lang='lat' dir='ltr'>curam</span> <span class='ocrx_word' id='word_1_85' title='bbox 670 1034 795 1073; x_wconf 86' lang='lat' dir='ltr'>talem</span> <span class='ocrx_word' id='word_1_86' title='bbox 829 1032 1066 1085; x_wconf 80' lang='lat' dir='ltr'>agencium.</span> <span class='ocrx_word' id='word_1_87' title='bbox 1102 1033 1184 1071; x_wconf 88' lang='lat' dir='ltr'>Pro</span> <span class='ocrx_word' id='word_1_88' title='bbox 1218 1033 1353 1085; x_wconf 89' lang='lat' dir='ltr'>prima</span> <span class='ocrx_word' id='word_1_89' title='bbox 1379 1031 1435 1070; x_wconf 91' lang='lat' dir='ltr'>sic</span> <span class='ocrx_word' id='word_1_90' title='bbox 1459 1031 1555 1069; x_wconf 87' lang='lat' dir='ltr'>scri-</span> 
     </span>
     <span class='ocr_line' id='line_1_14' title="bbox 246 1101 1558 1155; baseline -0.002 -11"><span class='ocrx_word' id='word_1_91' title='bbox 246 1105 322 1144; x_wconf 87' lang='lat' dir='ltr'>bit:</span> <span class='ocrx_word' id='word_1_92' title='bbox 343 1104 501 1143; x_wconf 72' lang='lat' dir='ltr'>Melius</span> <span class='ocrx_word' id='word_1_93' title='bbox 523 1104 631 1143; x_wconf 87' lang='lat' dir='ltr'>enim</span> <span class='ocrx_word' id='word_1_94' title='bbox 653 1109 914 1155; x_wconf 77' lang='lat' dir='ltr'>supererunt</span> <span class='ocrx_word' id='word_1_95' title='bbox 934 1102 1012 1140; x_wconf 85' lang='lat' dir='ltr'>ista</span> <span class='ocrx_word' id='word_1_96' title='bbox 1035 1101 1112 1141; x_wconf 82' lang='lat' dir='ltr'>hiis</span> <span class='ocrx_word' id='word_1_97' title='bbox 1136 1102 1288 1154; x_wconf 78' lang='lat' dir='ltr'>quibus</span> <span class='ocrx_word' id='word_1_98' title='bbox 1311 1115 1385 1141; x_wconf 82' lang='lat' dir='ltr'>nec</span> <span class='ocrx_word' id='word_1_99' title='bbox 1406 1102 1558 1141; x_wconf 81' lang='lat' dir='ltr'>obsunt</span> 
     </span>
     <span class='ocr_line' id='line_1_15' title="bbox 245 1171 1556 1226; baseline -0.002 -13"><span class='ocrx_word' id='word_1_100' title='bbox 245 1187 320 1213; x_wconf 85' lang='lat' dir='ltr'>nec</span> <span class='ocrx_word' id='word_1_101' title='bbox 344 1179 543 1226; x_wconf 74' lang='lat' dir='ltr'>prosunt,</span> <span class='ocrx_word' id='word_1_102' title='bbox 577 1186 703 1226; x_wconf 83' lang='lat' dir='ltr'>quam</span> <span class='ocrx_word' id='word_1_103' title='bbox 738 1173 796 1212; x_wconf 86' lang='lat' dir='ltr'>eis</span> <span class='ocrx_word' id='word_1_104' title='bbox 829 1171 1006 1210; x_wconf 84' lang='lat' dir='ltr'>deerunt</span> <span class='ocrx_word' id='word_1_105' title='bbox 1037 1171 1188 1223; x_wconf 75' lang='lat' dir='ltr'>quibus</span> <span class='ocrx_word' id='word_1_106' title='bbox 1213 1179 1413 1224; x_wconf 77' lang='lat' dir='ltr'>prosunt.</span> <span class='ocrx_word' id='word_1_107' title='bbox 1457 1172 1556 1211; x_wconf 82' lang='lat' dir='ltr'>Vult</span> 
     </span>
     <span class='ocr_line' id='line_1_16' title="bbox 246 1242 1557 1296; baseline -0.002 -14"><span class='ocrx_word' id='word_1_108' title='bbox 246 1244 383 1282; x_wconf 85' lang='lat' dir='ltr'>dicere</span> <span class='ocrx_word' id='word_1_109' title='bbox 428 1242 541 1293; x_wconf 85' lang='lat' dir='ltr'>quod</span> <span class='ocrx_word' id='word_1_110' title='bbox 582 1252 751 1296; x_wconf 88' lang='lat' dir='ltr'>oportet</span> <span class='ocrx_word' id='word_1_111' title='bbox 787 1242 1003 1280; x_wconf 86' lang='lat' dir='ltr'>intendere</span> <span class='ocrx_word' id='word_1_112' title='bbox 1037 1254 1156 1280; x_wconf 82' lang='lat' dir='ltr'>orare</span> <span class='ocrx_word' id='word_1_113' title='bbox 1189 1242 1441 1294; x_wconf 84' lang='lat' dir='ltr'>generaliter</span> <span class='ocrx_word' id='word_1_114' title='bbox 1480 1255 1557 1293; x_wconf 90' lang='lat' dir='ltr'>pro</span> 
     </span>
    </p>
   </div>
   <div class='ocr_carea' id='block_1_8' title="bbox 192 1311 1557 1363">
    <p class='ocr_par' dir='ltr' id='par_1_8' title="bbox 192 1311 1557 1363">
     <span class='ocr_line' id='line_1_17' title="bbox 192 1311 1557 1363; baseline -0.003 -11"><span class='ocrx_word' id='word_1_115' title='bbox 192 1313 406 1355; x_wconf 87' lang='lat' dir='ltr'>15cunctis</span> <span class='ocrx_word' id='word_1_116' title='bbox 453 1312 662 1363; x_wconf 84' lang='lat' dir='ltr'>fidelibus,</span> <span class='ocrx_word' id='word_1_117' title='bbox 716 1311 1071 1363; x_wconf 87' lang='lat' dir='ltr'>subintelligendo</span> <span class='ocrx_word' id='word_1_118' title='bbox 1115 1320 1154 1350; x_wconf 84' lang='lat' dir='ltr'>et</span> <span class='ocrx_word' id='word_1_119' title='bbox 1209 1311 1298 1350; x_wconf 87' lang='lat' dir='ltr'>Deo</span> <span class='ocrx_word' id='word_1_120' title='bbox 1350 1311 1557 1351; x_wconf 87' lang='lat' dir='ltr'>limitante</span> 
     </span>
    </p>
   </div>
   <div class='ocr_carea' id='block_1_9' title="bbox 151 1681 215 1703">
    <p class='ocr_par' dir='ltr' id='par_1_9' title="bbox 151 1681 215 1703">
     <span class='ocr_line' id='line_1_18' title="bbox 151 1681 215 1703; baseline -0.031 0"><span class='ocrx_word' id='word_1_121' title='bbox 151 1681 215 1703; x_wconf 83' lang='lat'>202</span> 
     </span>
    </p>
   </div>
   <div class='ocr_carea' id='block_1_10' title="bbox 245 1380 1558 1644">
    <p class='ocr_par' dir='ltr' id='par_1_10' title="bbox 245 1380 1558 1644">
     <span class='ocr_line' id='line_1_19' title="bbox 245 1380 1556 1434; baseline -0.002 -14"><span class='ocrx_word' id='word_1_122' title='bbox 245 1380 491 1433; x_wconf 84' lang='lat' dir='ltr'>suffragium</span> <span class='ocrx_word' id='word_1_123' title='bbox 526 1381 764 1434; x_wconf 83' lang='lat' dir='ltr'>capacibus.</span> <span class='ocrx_word' id='word_1_124' title='bbox 800 1382 882 1420; x_wconf 88' lang='lat' dir='ltr'>Pro</span> <span class='ocrx_word' id='word_1_125' title='bbox 916 1381 1101 1420; x_wconf 90' lang='lat' dir='ltr'>secunda</span> <span class='ocrx_word' id='word_1_126' title='bbox 1135 1394 1259 1419; x_wconf 90' lang='lat' dir='ltr'>causa</span> <span class='ocrx_word' id='word_1_127' title='bbox 1295 1389 1409 1433; x_wconf 86' lang='lat' dir='ltr'>patet</span> <span class='ocrx_word' id='word_1_128' title='bbox 1442 1380 1556 1432; x_wconf 90' lang='lat' dir='ltr'>quod</span> 
     </span>
     <span class='ocr_line' id='line_1_20' title="bbox 245 1451 1558 1503; baseline -0.002 -13"><span class='ocrx_word' id='word_1_129' title='bbox 245 1465 293 1490; x_wconf 82' lang='lat' dir='ltr'>ex</span> <span class='ocrx_word' id='word_1_130' title='bbox 326 1452 405 1490; x_wconf 88' lang='lat' dir='ltr'>hoc</span> <span class='ocrx_word' id='word_1_131' title='bbox 446 1452 651 1491; x_wconf 83' lang='lat' dir='ltr'>excitatur</span> <span class='ocrx_word' id='word_1_132' title='bbox 690 1452 869 1490; x_wconf 89' lang='lat' dir='ltr'>devocio</span> <span class='ocrx_word' id='word_1_133' title='bbox 915 1451 1194 1503; x_wconf 88' lang='lat' dir='ltr'>superstitum</span> <span class='ocrx_word' id='word_1_134' title='bbox 1229 1460 1268 1489; x_wconf 90' lang='lat' dir='ltr'>et</span> <span class='ocrx_word' id='word_1_135' title='bbox 1302 1458 1558 1502; x_wconf 89' lang='lat' dir='ltr'>provocatur</span> 
     </span>
     <span class='ocr_line' id='line_1_21' title="bbox 245 1519 1555 1573; baseline -0.002 -13"><span class='ocrx_word' id='word_1_136' title='bbox 245 1522 475 1573; x_wconf 90' lang='lat' dir='ltr'>occupacio</span> <span class='ocrx_word' id='word_1_137' title='bbox 510 1522 617 1560; x_wconf 86' lang='lat' dir='ltr'>circa</span> <span class='ocrx_word' id='word_1_138' title='bbox 651 1531 793 1560; x_wconf 88' lang='lat' dir='ltr'>actum</span> <span class='ocrx_word' id='word_1_139' title='bbox 814 1521 1096 1561; x_wconf 87' lang='lat' dir='ltr'>meritorium.</span> <span class='ocrx_word' id='word_1_140' title='bbox 1126 1520 1247 1559; x_wconf 88' lang='lat' dir='ltr'>Unde</span> <span class='ocrx_word' id='word_1_141' title='bbox 1273 1519 1555 1571; x_wconf 83' lang='lat' dir='ltr'>Augustinus:</span> 
     </span>
     <span class='ocr_line' id='line_1_22' title="bbox 246 1589 1558 1644; baseline -0.002 -14"><span class='ocrx_word' id='word_1_142' title='bbox 246 1592 514 1644; x_wconf 81' lang='lat' dir='ltr'>Diligencins</span> <span class='ocrx_word' id='word_1_143' title='bbox 532 1591 651 1644; x_wconf 83' lang='lat' dir='ltr'>facit</span> <span class='ocrx_word' id='word_1_144' title='bbox 681 1591 759 1629; x_wconf 83' lang='lat' dir='ltr'>hoc</span> <span class='ocrx_word' id='word_1_145' title='bbox 781 1591 960 1643; x_wconf 78' lang='lat' dir='ltr'>quisque</span> <span class='ocrx_word' id='word_1_146' title='bbox 983 1603 1067 1642; x_wconf 75' lang='lat' dir='ltr'>pro</span> <span class='ocrx_word' id='word_1_147' title='bbox 1090 1590 1239 1630; x_wconf 82' lang='lat' dir='ltr'>amicis</span> <span class='ocrx_word' id='word_1_148' title='bbox 1266 1589 1371 1641; x_wconf 70' lang='lat' dir='ltr'>suis,</span> <span class='ocrx_word' id='word_1_149' title='bbox 1405 1596 1449 1628; x_wconf 84' lang='lat' dir='ltr'>ut</span> <span class='ocrx_word' id='word_1_150' title='bbox 1474 1601 1558 1641; x_wconf 80' lang='lat' dir='ltr'>pro</span> 
     </span>
    </p>
   </div>
   <div class='ocr_carea' id='block_1_11' title="bbox 221 1660 1556 1715">
    <p class='ocr_par' dir='ltr' id='par_1_11' title="bbox 221 1660 1556 1715">
     <span class='ocr_line' id='line_1_23' title="bbox 221 1660 1556 1715; baseline -0.003 -14"><span class='ocrx_word' id='word_1_151' title='bbox 221 1662 317 1701; x_wconf 84' lang='lat' dir='ltr'>eillo</span> <span class='ocrx_word' id='word_1_152' title='bbox 345 1662 433 1715; x_wconf 85' lang='lat' dir='ltr'>fiat</span> <span class='ocrx_word' id='word_1_153' title='bbox 455 1661 476 1685; x_wconf 62' lang='lat'>³⁶</span> <span class='ocrx_word' id='word_1_154' title='bbox 497 1661 705 1701; x_wconf 85' lang='lat' dir='ltr'>similiter.</span> <span class='ocrx_word' id='word_1_155' title='bbox 749 1661 800 1699; x_wconf 87' lang='lat' dir='ltr'>Et</span> <span class='ocrx_word' id='word_1_156' title='bbox 834 1660 974 1713; x_wconf 87' lang='lat' dir='ltr'>quoad</span> <span class='ocrx_word' id='word_1_157' title='bbox 1007 1661 1181 1699; x_wconf 88' lang='lat' dir='ltr'>terciam</span> <span class='ocrx_word' id='word_1_158' title='bbox 1217 1673 1386 1699; x_wconf 87' lang='lat' dir='ltr'>causam</span> <span class='ocrx_word' id='word_1_159' title='bbox 1426 1668 1556 1711; x_wconf 86' lang='lat' dir='ltr'>patet,</span> 
     </span>
    </p>
   </div>
   <div class='ocr_carea' id='block_1_12' title="bbox 248 1729 1558 1781">
    <p class='ocr_par' dir='ltr' id='par_1_12' title="bbox 248 1729 1558 1781">
     <span class='ocr_line' id='line_1_24' title="bbox 248 1729 1558 1781; baseline -0.002 -11"><span class='ocrx_word' id='word_1_160' title='bbox 248 1745 343 1770; x_wconf 91' lang='lat' dir='ltr'>cum</span> <span class='ocrx_word' id='word_1_161' title='bbox 378 1745 546 1770; x_wconf 90' lang='lat' dir='ltr'>necesse</span> <span class='ocrx_word' id='word_1_162' title='bbox 579 1731 632 1770; x_wconf 86' lang='lat' dir='ltr'>sit</span> <span class='ocrx_word' id='word_1_163' title='bbox 666 1743 870 1768; x_wconf 87' lang='lat' dir='ltr'>evacuare</span> <span class='ocrx_word' id='word_1_164' title='bbox 904 1730 1107 1769; x_wconf 87' lang='lat' dir='ltr'>cadavera</span> <span class='ocrx_word' id='word_1_165' title='bbox 1142 1730 1387 1781; x_wconf 83' lang='lat' dir='ltr'>bestiarum,</span> <span class='ocrx_word' id='word_1_166' title='bbox 1424 1729 1558 1768; x_wconf 89' lang='lat' dir='ltr'>multo</span> 
     </span>
    </p>
   </div>
   <div class='ocr_carea' id='block_1_13' title="bbox 247 1799 1558 1910">
    <p class='ocr_par' dir='ltr' id='par_1_13' title="bbox 247 1799 1558 1910">
     <span class='ocr_line' id='line_1_25' title="bbox 249 1799 1558 1853; baseline -0.002 -13"><span class='ocrx_word' id='word_1_167' title='bbox 249 1801 381 1853; x_wconf 89' lang='lat' dir='ltr'>magis</span> <span class='ocrx_word' id='word_1_168' title='bbox 415 1801 619 1840; x_wconf 88' lang='lat' dir='ltr'>cadavera</span> <span class='ocrx_word' id='word_1_169' title='bbox 651 1800 889 1852; x_wconf 78' lang='lat' dir='ltr'>hominum,</span> <span class='ocrx_word' id='word_1_170' title='bbox 923 1801 1056 1852; x_wconf 84' lang='lat' dir='ltr'>magis</span> <span class='ocrx_word' id='word_1_171' title='bbox 1091 1812 1283 1839; x_wconf 89' lang='lat' dir='ltr'>carorum</span> <span class='ocrx_word' id='word_1_172' title='bbox 1310 1809 1349 1839; x_wconf 91' lang='lat' dir='ltr'>et</span> <span class='ocrx_word' id='word_1_173' title='bbox 1373 1799 1464 1851; x_wconf 90' lang='lat' dir='ltr'>plus</span> <span class='ocrx_word' id='word_1_174' title='bbox 1498 1799 1558 1837; x_wconf 93' lang='lat' dir='ltr'>in-</span> 
     </span>
     <span class='ocr_line' id='line_1_26' title="bbox 247 1870 503 1910; baseline -0.004 0"><span class='ocrx_word' id='word_1_175' title='bbox 247 1870 503 1910; x_wconf 86' lang='lat' dir='ltr'>ficiencium.</span> 
     </span>
    </p>
   </div>
   <div class='ocr_carea' id='block_1_14' title="bbox 192 1939 1562 2066">
    <p class='ocr_par' dir='ltr' id='par_1_14' title="bbox 192 1939 1562 2066">
     <span class='ocr_line' id='line_1_27' title="bbox 196 1939 1562 1993; baseline -0.002 -13"><span class='ocrx_word' id='word_1_176' title='bbox 196 1948 234 1981; x_wconf 84' lang='lat' dir='ltr'>R</span> <span class='ocrx_word' id='word_1_177' title='bbox 307 1940 431 1981; x_wconf 91' lang='lat' dir='ltr'>Unde</span> <span class='ocrx_word' id='word_1_178' title='bbox 482 1940 769 1993; x_wconf 87' lang='lat' dir='ltr'>Augustinus:</span> <span class='ocrx_word' id='word_1_179' title='bbox 804 1939 1116 1988; x_wconf 81' lang='lat' dir='ltr'>Humanitatis,</span> <span class='ocrx_word' id='word_1_180' title='bbox 1169 1940 1322 1992; x_wconf 86' lang='lat' dir='ltr'>inquit,</span> <span class='ocrx_word' id='word_1_181' title='bbox 1369 1939 1444 1978; x_wconf 81' lang='lat' dir='ltr'>lzoc</span> <span class='ocrx_word' id='word_1_182' title='bbox 1501 1945 1562 1978; x_wconf 85' lang='lat' dir='ltr'>est</span> 
     </span>
     <span class='ocr_line' id='line_1_28' title="bbox 192 2008 1559 2066; baseline -0.002 -16"><span class='ocrx_word' id='word_1_183' title='bbox 192 2009 439 2066; x_wconf 84' lang='lat' dir='ltr'>25officium</span> <span class='ocrx_word' id='word_1_184' title='bbox 493 2009 726 2049; x_wconf 82' lang='lat' dir='ltr'>secundum</span> <span class='ocrx_word' id='word_1_185' title='bbox 786 2008 985 2061; x_wconf 83' lang='lat' dir='ltr'>affectum</span> <span class='ocrx_word' id='word_1_186' title='bbox 1046 2022 1126 2062; x_wconf 75' lang='lat' dir='ltr'>quo</span> <span class='ocrx_word' id='word_1_187' title='bbox 1192 2022 1313 2048; x_wconf 87' lang='lat' dir='ltr'>nemo</span> <span class='ocrx_word' id='word_1_188' title='bbox 1372 2022 1559 2061; x_wconf 79' lang='lat' dir='ltr'>unquam</span> 
     </span>
    </p>
   </div>
   <div class='ocr_carea' id='block_1_15' title="bbox 241 2078 1564 2341">
    <p class='ocr_par' dir='ltr' id='par_1_15' title="bbox 241 2078 1564 2341">
     <span class='ocr_line' id='line_1_29' title="bbox 249 2078 1559 2131; baseline -0.002 -13"><span class='ocrx_word' id='word_1_189' title='bbox 249 2092 421 2118; x_wconf 84' lang='lat' dir='ltr'>carnem</span> <span class='ocrx_word' id='word_1_190' title='bbox 465 2092 586 2119; x_wconf 83' lang='lat' dir='ltr'>suam</span> <span class='ocrx_word' id='word_1_191' title='bbox 632 2079 725 2118; x_wconf 87' lang='lat' dir='ltr'>odio</span> <span class='ocrx_word' id='word_1_192' title='bbox 769 2078 901 2118; x_wconf 80' lang='lat' dir='ltr'>habet.</span> <span class='ocrx_word' id='word_1_193' title='bbox 960 2078 1080 2117; x_wconf 83' lang='lat' dir='ltr'>Unde</span> <span class='ocrx_word' id='word_1_194' title='bbox 1130 2085 1293 2131; x_wconf 78' lang='lat' dir='ltr'>oportet</span> <span class='ocrx_word' id='word_1_195' title='bbox 1338 2085 1382 2118; x_wconf 84' lang='lat' dir='ltr'>ut</span> <span class='ocrx_word' id='word_1_196' title='bbox 1434 2091 1559 2131; x_wconf 78' lang='lat' dir='ltr'>quam</span> 
     </span>
     <span class='ocr_line' id='line_1_30' title="bbox 241 2148 1562 2202; baseline -0.002 -14"><span class='ocrx_word' id='word_1_197' title='bbox 241 2155 383 2201; x_wconf 79' lang='lat' dir='ltr'>potest</span> <span class='ocrx_word' id='word_1_198' title='bbox 406 2162 489 2202; x_wconf 78' lang='lat' dir='ltr'>pro</span> <span class='ocrx_word' id='word_1_199' title='bbox 522 2162 652 2188; x_wconf 86' lang='lat' dir='ltr'>carne</span> <span class='ocrx_word' id='word_1_200' title='bbox 676 2149 873 2201; x_wconf 77' lang='lat' dir='ltr'>proximi</span> <span class='ocrx_word' id='word_1_201' title='bbox 904 2161 1053 2188; x_wconf 85' lang='lat' dir='ltr'>curam</span> <span class='ocrx_word' id='word_1_202' title='bbox 1087 2154 1229 2201; x_wconf 80' lang='lat' dir='ltr'>gerat,</span> <span class='ocrx_word' id='word_1_203' title='bbox 1259 2161 1353 2187; x_wconf 83' lang='lat' dir='ltr'>cum</span> <span class='ocrx_word' id='word_1_204' title='bbox 1387 2148 1562 2200; x_wconf 73' lang='lat' dir='ltr'>spiritus</span> 
     </span>
     <span class='ocr_line' id='line_1_31' title="bbox 250 2217 1564 2272; baseline 0 -16"><span class='ocrx_word' id='word_1_205' title='bbox 250 2218 344 2258; x_wconf 85' lang='lat' dir='ltr'>inde</span> <span class='ocrx_word' id='word_1_206' title='bbox 387 2219 609 2258; x_wconf 78' lang='lat' dir='ltr'>recesserit</span> <span class='ocrx_word' id='word_1_207' title='bbox 652 2219 725 2272; x_wconf 78' lang='lat' dir='ltr'>qui</span> <span class='ocrx_word' id='word_1_208' title='bbox 767 2219 842 2258; x_wconf 81' lang='lat' dir='ltr'>hoc</span> <span class='ocrx_word' id='word_1_209' title='bbox 886 2219 1071 2272; x_wconf 77' lang='lat' dir='ltr'>gerebat.</span> <span class='ocrx_word' id='word_1_210' title='bbox 1124 2217 1177 2257; x_wconf 84' lang='lat' dir='ltr'>Et</span> <span class='ocrx_word' id='word_1_211' title='bbox 1208 2218 1245 2258; x_wconf 84' lang='lat' dir='ltr'>si</span> <span class='ocrx_word' id='word_1_212' title='bbox 1275 2219 1353 2257; x_wconf 84' lang='lat' dir='ltr'>lzoc</span> <span class='ocrx_word' id='word_1_213' title='bbox 1381 2217 1564 2270; x_wconf 83' lang='lat' dir='ltr'>faciunt</span> 
     </span>
     <span class='ocr_line' id='line_1_32' title="bbox 249 2287 1563 2341; baseline -0.001 -15"><span class='ocrx_word' id='word_1_214' title='bbox 249 2288 322 2340; x_wconf 78' lang='lat' dir='ltr'>qui</span> <span class='ocrx_word' id='word_1_215' title='bbox 344 2289 488 2327; x_wconf 86' lang='lat' dir='ltr'>carnis</span> <span class='ocrx_word' id='word_1_216' title='bbox 512 2289 877 2328; x_wconf 81' lang='lat' dir='ltr'>resurreccionem</span> <span class='ocrx_word' id='word_1_217' title='bbox 902 2301 984 2328; x_wconf 87' lang='lat' dir='ltr'>non</span> <span class='ocrx_word' id='word_1_218' title='bbox 1007 2287 1198 2338; x_wconf 78' lang='lat' dir='ltr'>credunt,</span> <span class='ocrx_word' id='word_1_219' title='bbox 1233 2294 1391 2341; x_wconf 78' lang='lat' dir='ltr'>quanto</span> <span class='ocrx_word' id='word_1_220' title='bbox 1424 2287 1563 2340; x_wconf 81' lang='lat' dir='ltr'>magis</span> 
     </span>
    </p>
   </div>
   <div class='ocr_carea' id='block_1_16' title="bbox 250 2434 1563 2564">
    <p class='ocr_par' dir='ltr' id='par_1_16' title="bbox 250 2434 1563 2564">
     <span class='ocr_line' id='line_1_33' title="bbox 302 2434 1561 2470; baseline -0.002 -8"><span class='ocrx_word' id='word_1_221' title='bbox 302 2443 324 2462; x_wconf 91' lang='lat'>1.</span> <span class='ocrx_word' id='word_1_222' title='bbox 345 2434 439 2462; x_wconf 90' lang='lat' dir='ltr'>Num.</span> <span class='ocrx_word' id='word_1_223' title='bbox 461 2443 529 2470; x_wconf 88' lang='lat' dir='ltr'>cap.</span> <span class='ocrx_word' id='word_1_224' title='bbox 551 2435 636 2462; x_wconf 88' lang='lat' dir='ltr'>deest</span> <span class='ocrx_word' id='word_1_225' title='bbox 655 2435 686 2462; x_wconf 86' lang='lat' dir='ltr'>in</span> <span class='ocrx_word' id='word_1_226' title='bbox 708 2435 799 2462; x_wconf 87' lang='lat' dir='ltr'>codd.</span> <span class='ocrx_word' id='word_1_227' title='bbox 926 2435 950 2463; x_wconf 87' lang='lat'>3.</span> <span class='ocrx_word' id='word_1_228' title='bbox 973 2437 1018 2463; x_wconf 87' lang='lat' dir='ltr'>A:</span> <span class='ocrx_word' id='word_1_229' title='bbox 1042 2435 1181 2470; x_wconf 86' lang='lat' dir='ltr'>quamvis</span> <span class='ocrx_word' id='word_1_230' title='bbox 1204 2442 1277 2462; x_wconf 87' lang='lat' dir='ltr'>cura</span> <span class='ocrx_word' id='word_1_231' title='bbox 1301 2455 1307 2460; x_wconf 96' lang='lat'>.</span> <span class='ocrx_word' id='word_1_232' title='bbox 1330 2455 1336 2462; x_wconf 93' lang='lat'>.</span> <span class='ocrx_word' id='word_1_233' title='bbox 1361 2455 1365 2460; x_wconf 97' lang='lat'>.</span> <span class='ocrx_word' id='word_1_234' title='bbox 1389 2454 1396 2461; x_wconf 92' lang='lat'>.</span> <span class='ocrx_word' id='word_1_235' title='bbox 1419 2438 1561 2469; x_wconf 85' lang='lat' dir='ltr'>prosunt.</span> 
     </span>
     <span class='ocr_line' id='line_1_34' title="bbox 250 2481 1562 2518; baseline -0.002 -9"><span class='ocrx_word' id='word_1_236' title='bbox 250 2490 279 2515; x_wconf 76' lang='grc'>4.</span> <span class='ocrx_word' id='word_1_237' title='bbox 302 2482 334 2509; x_wconf 91' lang='lat' dir='ltr'>In</span> <span class='ocrx_word' id='word_1_238' title='bbox 355 2483 487 2509; x_wconf 86' lang='lat' dir='ltr'>decret.:</span> <span class='ocrx_word' id='word_1_239' title='bbox 505 2482 628 2517; x_wconf 88' lang='lat' dir='ltr'>Quibus</span> <span class='ocrx_word' id='word_1_240' title='bbox 649 2483 722 2510; x_wconf 87' lang='lat' dir='ltr'>dum</span> <span class='ocrx_word' id='word_1_241' title='bbox 743 2482 849 2510; x_wconf 89' lang='lat' dir='ltr'>vivunt</span> <span class='ocrx_word' id='word_1_242' title='bbox 876 2487 1084 2518; x_wconf 83' lang='lat' dir='ltr'>cooperantur</span> <span class='ocrx_word' id='word_1_243' title='bbox 1104 2486 1137 2509; x_wconf 86' lang='lat' dir='ltr'>ut</span> <span class='ocrx_word' id='word_1_244' title='bbox 1167 2481 1300 2516; x_wconf 88' lang='lat' dir='ltr'>prosint.</span> <span class='ocrx_word' id='word_1_245' title='bbox 1408 2481 1437 2508; x_wconf 83' lang='lat'>6.</span> <span class='ocrx_word' id='word_1_246' title='bbox 1459 2482 1486 2508; x_wconf 87' lang='lat' dir='ltr'>A</span> <span class='ocrx_word' id='word_1_247' title='bbox 1505 2481 1562 2515; x_wconf 59' lang='lat' dir='ltr'>Al:</span> 
     </span>
     <span class='ocr_line' id='line_1_35' title="bbox 252 2526 1563 2564; baseline -0.002 -9"><span class='ocrx_word' id='word_1_248' title='bbox 252 2528 465 2562; x_wconf 82' lang='lat' dir='ltr'>decernimus3</span> <span class='ocrx_word' id='word_1_249' title='bbox 496 2528 535 2555; x_wconf 86' lang='lat' dir='ltr'>B:</span> <span class='ocrx_word' id='word_1_250' title='bbox 557 2528 767 2563; x_wconf 86' lang='lat' dir='ltr'>decrevimus;</span> <span class='ocrx_word' id='word_1_251' title='bbox 783 2529 812 2555; x_wconf 92' lang='lat' dir='ltr'>in</span> <span class='ocrx_word' id='word_1_252' title='bbox 840 2529 948 2556; x_wconf 64' lang='lat' dir='ltr'>codd:</span> <span class='ocrx_word' id='word_1_253' title='bbox 970 2528 1023 2564; x_wconf 86' lang='lat' dir='ltr'>qui</span> <span class='ocrx_word' id='word_1_254' title='bbox 1048 2532 1131 2555; x_wconf 87' lang='lat' dir='ltr'>sunt.</span> <span class='ocrx_word' id='word_1_255' title='bbox 1274 2526 1315 2555; x_wconf 84' lang='lat'>18.</span> <span class='ocrx_word' id='word_1_256' title='bbox 1336 2528 1364 2554; x_wconf 91' lang='lat' dir='ltr'>A</span> <span class='ocrx_word' id='word_1_257' title='bbox 1391 2527 1421 2554; x_wconf 88' lang='lat' dir='ltr'>in</span> <span class='ocrx_word' id='word_1_258' title='bbox 1448 2534 1563 2561; x_wconf 63' lang='lat' dir='ltr'>marg:</span> 
     </span>
    </p>
   </div>
   <div class='ocr_carea' id='block_1_17' title="bbox 253 2573 1565 2657">
    <p class='ocr_par' dir='ltr' id='par_1_17' title="bbox 253 2573 1565 2657">
     <span class='ocr_line' id='line_1_36' title="bbox 254 2573 1565 2611; baseline -0.002 -9"><span class='ocrx_word' id='word_1_259' title='bbox 254 2574 462 2609; x_wconf 81' lang='lat' dir='ltr'>Augustinus.</span> <span class='ocrx_word' id='word_1_260' title='bbox 606 2582 652 2608; x_wconf 83' lang='lat'>24.</span> <span class='ocrx_word' id='word_1_261' title='bbox 681 2575 710 2602; x_wconf 89' lang='lat' dir='ltr'>A</span> <span class='ocrx_word' id='word_1_262' title='bbox 733 2575 764 2602; x_wconf 90' lang='lat' dir='ltr'>in</span> <span class='ocrx_word' id='word_1_263' title='bbox 795 2583 911 2610; x_wconf 67' lang='lat' dir='ltr'>marg:</span> <span class='ocrx_word' id='word_1_264' title='bbox 944 2575 1025 2603; x_wconf 85' lang='lat' dir='ltr'>Nota</span> <span class='ocrx_word' id='word_1_265' title='bbox 1059 2583 1115 2610; x_wconf 90' lang='lat' dir='ltr'>pro</span> <span class='ocrx_word' id='word_1_266' title='bbox 1146 2575 1306 2611; x_wconf 84' lang='lat' dir='ltr'>sepultura</span> <span class='ocrx_word' id='word_1_267' title='bbox 1335 2573 1469 2610; x_wconf 83' lang='lat' dir='ltr'>proximi</span> <span class='ocrx_word' id='word_1_268' title='bbox 1491 2573 1516 2601; x_wconf 87' lang='lat' dir='ltr'>si</span> <span class='ocrx_word' id='word_1_269' title='bbox 1537 2577 1565 2600; x_wconf 85' lang='lat' dir='ltr'>et</span> 
     </span>
     <span class='ocr_line' id='line_1_37' title="bbox 253 2620 619 2657; baseline 0.003 -9"><span class='ocrx_word' id='word_1_270' title='bbox 253 2620 412 2655; x_wconf 88' lang='lat' dir='ltr'>quomodo</span> <span class='ocrx_word' id='word_1_271' title='bbox 433 2621 619 2657; x_wconf 82' lang='lat' dir='ltr'>obligamur.</span> 
     </span>
    </p>
   </div>
   <div class='ocr_carea' id='block_1_18' title="bbox 253 2727 1564 2886">
    <p class='ocr_par' dir='ltr' id='par_1_18' title="bbox 253 2727 1564 2886">
     <span class='ocr_line' id='line_1_38' title="bbox 313 2727 1564 2771; baseline -0.001 -11"><span class='ocrx_word' id='word_1_272' title='bbox 313 2727 496 2760; x_wconf 81' lang='lat' dir='ltr'>3.Decreti</span> <span class='ocrx_word' id='word_1_273' title='bbox 526 2738 594 2760; x_wconf 89' lang='lat' dir='ltr'>sec.</span> <span class='ocrx_word' id='word_1_274' title='bbox 620 2738 709 2771; x_wconf 84' lang='lat' dir='ltr'>pars,</span> <span class='ocrx_word' id='word_1_275' title='bbox 736 2739 838 2760; x_wconf 85' lang='lat' dir='ltr'>causa</span> <span class='ocrx_word' id='word_1_276' title='bbox 877 2729 963 2769; x_wconf 83' lang='lat' dir='ltr'>XIII,</span> <span class='ocrx_word' id='word_1_277' title='bbox 1008 2739 1041 2771; x_wconf 90' lang='lat' dir='ltr'>q.</span> <span class='ocrx_word' id='word_1_278' title='bbox 1082 2729 1120 2768; x_wconf 86' lang='grc' dir='ltr'>ΙΙ,</span> <span class='ocrx_word' id='word_1_279' title='bbox 1165 2738 1236 2770; x_wconf 88' lang='lat' dir='ltr'>cap.</span> <span class='ocrx_word' id='word_1_280' title='bbox 1273 2728 1352 2760; x_wconf 93' lang='lat' dir='ltr'>XlX</span> <span class='ocrx_word' id='word_1_281' title='bbox 1393 2734 1426 2759; x_wconf 89' lang='lat' dir='ltr'>et</span> <span class='ocrx_word' id='word_1_282' title='bbox 1475 2728 1564 2770; x_wconf 87' lang='lat' dir='ltr'>Aug.</span> 
     </span>
     <span class='ocr_line' id='line_1_39' title="bbox 253 2785 1562 2828; baseline 0.001 -12"><span class='ocrx_word' id='word_1_283' title='bbox 253 2785 288 2816; x_wconf 90' lang='lat' dir='ltr'>in</span> <span class='ocrx_word' id='word_1_284' title='bbox 315 2785 401 2817; x_wconf 91' lang='lat' dir='ltr'>libro</span> <span class='ocrx_word' id='word_1_285' title='bbox 431 2787 479 2817; x_wconf 88' lang='lat' dir='ltr'>De</span> <span class='ocrx_word' id='word_1_286' title='bbox 505 2786 650 2828; x_wconf 84' lang='lat' dir='ltr'>Agenda</span> <span class='ocrx_word' id='word_1_287' title='bbox 669 2786 759 2817; x_wconf 83' lang='lat' dir='ltr'>Cura</span> <span class='ocrx_word' id='word_1_288' title='bbox 786 2796 846 2828; x_wconf 89' lang='lat' dir='ltr'>pro</span> <span class='ocrx_word' id='word_1_289' title='bbox 874 2785 1022 2817; x_wconf 83' lang='lat' dir='ltr'>mortuis</span> <span class='ocrx_word' id='word_1_290' title='bbox 1048 2796 1122 2828; x_wconf 84' lang='lat' dir='ltr'>cap.</span> <span class='ocrx_word' id='word_1_291' title='bbox 1145 2786 1264 2818; x_wconf 88' lang='lat' dir='ltr'>XVIII.</span> <span class='ocrx_word' id='word_1_292' title='bbox 1284 2786 1375 2828; x_wconf 89' lang='lat' dir='ltr'>Opp.</span> <span class='ocrx_word' id='word_1_293' title='bbox 1403 2793 1486 2817; x_wconf 89' lang='lat' dir='ltr'>tom.</span> <span class='ocrx_word' id='word_1_294' title='bbox 1504 2786 1562 2825; x_wconf 88' lang='lat' dir='ltr'>VI,</span> 
     </span>
     <span class='ocr_line' id='line_1_40' title="bbox 256 2843 440 2886; baseline 0.005 -12"><span class='ocrx_word' id='word_1_295' title='bbox 256 2854 335 2886; x_wconf 84' lang='lat' dir='ltr'>pag.</span> <span class='ocrx_word' id='word_1_296' title='bbox 364 2843 440 2876; x_wconf 82' lang='lat'>530.</span> 
     </span>
    </p>
   </div>
   <div class='ocr_carea' id='block_1_19' title="bbox 1572 1164 1846 1228">
    <p class='ocr_par' dir='ltr' id='par_1_19' title="bbox 1572 1164 1846 1228">
     <span class='ocr_line' id='line_1_41' title="bbox 1572 1164 1846 1200; baseline -0.011 -7"><span class='ocrx_word' id='word_1_297' title='bbox 1572 1166 1630 1193; x_wconf 85' lang='lat' dir='ltr'>and</span> <span class='ocrx_word' id='word_1_298' title='bbox 1652 1169 1681 1192; x_wconf 84' lang='lat' dir='ltr'>to</span> <span class='ocrx_word' id='word_1_299' title='bbox 1704 1172 1778 1200; x_wconf 74' lang='lat' dir='ltr'>pray</span> <span class='ocrx_word' id='word_1_300' title='bbox 1798 1164 1846 1191; x_wconf 87' lang='lat' dir='ltr'>for</span> 
     </span>
     <span class='ocr_line' id='line_1_42' title="bbox 1573 1198 1844 1228; baseline -0.007 0"><span class='ocrx_word' id='word_1_301' title='bbox 1573 1201 1611 1228; x_wconf 87' lang='lat' dir='ltr'>all</span> <span class='ocrx_word' id='word_1_302' title='bbox 1632 1201 1681 1227; x_wconf 81' lang='lat' dir='ltr'>the</span> <span class='ocrx_word' id='word_1_303' title='bbox 1715 1198 1844 1226; x_wconf 77' lang='lat' dir='ltr'>faithful.</span> 
     </span>
    </p>
   </div>
  </div>
 </body>
</html>
