2051 3273
263 243 351 272 CAP.
369 233 451 292 ΧΠ]
786 248 845 279 DE
870 247 1103 279 ECCLESIA.
1779 242 1860 294 267

98 363 130 395 L
156 360 233 394 166¹³
250 352 418 392 Christo
465 352 637 391 eiciente
670 352 898 391 vendentes
943 360 982 391 et
1023 361 1208 392 ementes
1242 353 1291 391 de
1325 355 1486 406 templo
1533 365 1572 395 et

249 420 409 460 dicente
427 421 599 460 Matthei
621 422 752 471 XXIO,
785 421 852 460 13:
876 421 1044 460 Domus
1068 434 1162 461 mea
1178 422 1327 461 domus
1356 425 1572 464 oracionis

247 492 482 542 vocabitur,
497 504 570 530 vos
586 491 907 543 autemfecz'stis
921 491 1040 530 illam
1057 492 1305 543 speluncam
1323 492 1537 533 latronum
1549 495 1572 533 i>

160 569 233 601 Ml
308 560 455 609 Qualis
506 574 603 613 ergo
666 560 809 613 religio
850 569 909 599 est
947 560 1054 600 intra
1092 561 1309 600 ecclesiam
1354 562 1573 603 defendere
1599 570 1695 609 What
1716 572 1847 609 religion

216 638 231 671 5
249 631 481 680 sceleratos,
503 629 634 669 eciam
648 629 742 669 licet
757 629 967 669 evidencia
982 630 1186 682 probabili
1202 631 1355 671 fuerint
1369 631 1573 673 indurati?
1633 606 1813 676 {cifigffing

209 703 335 740 2Aut
367 698 501 752 qualis
534 699 687 738 utilitas
731 708 791 738 est
832 699 1043 739 monacho
1083 714 1224 752 parare
1258 702 1438 741 domum
1471 716 1570 742 con-
1598 676 1795 772 ὃὶεῐῗῖἕῖἶὲῗξέ
1813 684 1849 737 ΞΓ

249 768 461 807 ductivam
489 768 622 808 eciam
650 768 852 808 induratis
887 769 1116 808 latronibus
1149 769 1345 823 fugitivis,
1379 772 1570 824 quamvis
1586 746 1792 817 hnethiliiigssf
1813 745 1861 773 for

248 838 290 877 in
322 837 404 877 fine
435 837 517 878 vite
551 852 698 878 eorum
729 838 922 877 abbathia
953 838 1144 879 habuerit
1178 840 1322 879 omnia
1354 841 1570 881 latrocinia

209 915 330 961 3que
375 905 626 960 apportant?
678 911 766 947 Aut
811 908 945 960 qualis
993 908 1140 961 religio
1186 919 1247 949 est
1290 911 1418 950 tercio
1464 911 1567 950 tueri
1616 928 1651 947 or
1672 920 1702 947 in
1723 920 1831 968 saviijg

195 995 233 1016 10
249 977 470 1016 sceleratos
512 978 587 1016 sub
627 977 755 1030 pallio
789 977 888 1016 false
921 977 1085 1029 pietatis
1130 979 1181 1017 ad
1214 979 1569 1032 dampnacionem
1583 955 1860 1041 ῗὲἓῗὲιῗιῖῗὲῗιῖἶιῗὲἷ

249 1046 386 1085 anime
428 1060 576 1086 eorum
615 1056 654 1086 et
691 1046 971 1085 infeccionem
1004 1047 1172 1087 ecclesie
1204 1049 1451 1101 Anglicane,
1497 1050 1568 1089 ubi
1606 1025 1832 1096 ariiieziidniiffiti,

250 1124 361 1154 extra
406 1116 522 1155 illam
567 1116 813 1169 speluncam
858 1116 982 1168 positi
1016 1118 1203 1169 parendo
1237 1118 1314 1157 iuri
1348 1119 1567 1158 communi

250 1184 384 1224 forent
416 1185 692 1225 verisimiliter
724 1185 939 1225 salubriter
972 1184 1182 1238 castigati?
1238 1187 1313 1227 Vel
1346 1189 1568 1240 quomodo

209 1260 374 1294 4staret
406 1263 556 1307 quarto
592 1268 688 1294 cum
711 1255 946 1294 iuramento
974 1255 1078 1308 regis
1108 1256 1150 1294 in
1180 1256 1420 1309 recipiendo
1453 1258 1620 1310 segnior
1643 1276 1698 1307 qan
1719 1269 1768 1307 thcf.
1788 1269 1860 1304 king

196 1330 232 1363 15
249 1325 543 1377 gubernacula,
571 1325 688 1377 quod
721 1333 800 1363 stat
822 1334 869 1364 ut
890 1333 1005 1377 patet
1037 1338 1085 1363 ex
1120 1325 1357 1365 iuramento
1390 1326 1495 1379 regis
1527 1327 1568 1365 in
1624 1308 1818 1373 {¹535ssssssss

161 1399 235 1432 166⁶
251 1394 546 1433 observacione
576 1394 736 1433 iusticie
769 1394 1019 1447 cuicunque,
1043 1394 1068 1422 *⁴⁸⁴
1090 1403 1136 1434 ut
1167 1409 1332 1434 veneno
1365 1396 1570 1449 privilegii

249 1464 386 1503 foveat
430 1463 563 1503 eciam
606 1464 794 1502 membra
842 1464 996 1502 diaboli
1043 1465 1094 1502 ad
1137 1464 1489 1505 intoxicacionem
1532 1475 1571 1506 et

248 1534 442 1572 iniuriam
474 1533 587 1585 regni
611 1530 697 1572 sui?
720 1534 872 1572 Nonne
896 1534 1172 1573 Ecclesiastici
1195 1535 1268 1585 XO,
1294 1535 1332 1586 8,
1355 1535 1567 1575 scribitur:

248 1604 447 1656 Regnum
494 1603 544 1642 de
587 1609 714 1655 gente
753 1604 794 1642 in
846 1609 1017 1656 gentem
1069 1603 1342 1657 transfertur
1384 1612 1569 1657 propter

193 1688 234 1709 20
250 1673 488 1713 injusticias
521 1679 648 1725 atque
670 1672 890 1711 iniurias?
922 1672 1037 1712 Sicut
1070 1673 1182 1712 enim
1205 1673 1332 1712 nichil
1355 1675 1449 1727 plus
1472 1674 1568 1714 facit

250 1743 300 1781 ad
344 1742 673 1781 stabilimentum
717 1742 832 1795 regni
884 1755 1013 1795 quam
1061 1743 1279 1782 observare
1331 1744 1567 1797 cuicunque

248 1811 455 1851 iusticiam
487 1821 526 1851 et
558 1825 630 1864 per
668 1811 941 1863 punicionem
973 1812 1328 1864 prevaricatorum
1368 1827 1566 1866 severam,

249 1882 305 1920 sic
337 1881 465 1921 nichil
497 1882 591 1934 plus
613 1881 799 1920 minatur
820 1881 986 1920 ruinam
1008 1895 1138 1933 regno
1173 1896 1303 1935 quam
1326 1892 1565 1923 constanter

250 1951 388 1990 fovere
420 1951 601 1990 iniurias.

194 2022 232 2054 25
308 2021 359 2059 Et
403 2020 435 2059 si
482 2020 660 2059 obicitur
705 2021 819 2073 quod
866 2020 979 2060 iuxta
1023 2021 1147 2060 istam
1195 2021 1453 2061 sentenciam
1496 2035 1675 2062 rexlftixe
1704 2036 1853 2069 kinghad

249 2090 416 2143 puniret
461 2090 689 2129 homicidia
728 2090 829 2128 inibi
868 2099 1114 2142 perpetrata,
1150 2090 1292 2139 fateor,
1327 2092 1397 2130 sed
1430 2102 1565 2132 rectus
1580 2071 1856 2141 tiiilguiiiiiiiaffiizlilyn

250 2161 352 2198 ordo
377 2159 514 2212 exigit,
530 2168 575 2198 ut
596 2159 759 2212 gravior
780 2159 989 2199 iniusticia
1013 2160 1138 2199 cicius
1162 2162 1411 2212 corrigatur:
1436 2162 1566 2200 modo
1581 2140 1857 2202 tliiigbieiysosslkimbec

249 2243 347 2268 vero
396 2243 443 2268 ex
490 2229 797 2268 inhabitacione
830 2230 1129 2269 sceleratorum
1160 2230 1203 2268 in
1235 2230 1485 2281 sanctuario,
1520 2244 1567 2269 ex
1674 2210 1769 2237 mem

250 2297 459 2337 occisione
492 2297 671 2350 religiosi
706 2298 812 2338 intra
846 2299 1077 2350 ecclesiam,
1111 2313 1159 2338 ex
1182 2299 1389 2339 fraccione
1423 2300 1567 2353 capitis

193 2369 234 2400 30
251 2367 430 2420 religiosi
464 2367 596 2406 eciam
628 2368 816 2419 graduati
855 2368 962 2407 intra
995 2369 1213 2407 ecclesiam
1245 2382 1318 2421 per
1349 2382 1485 2408 unum
1518 2370 1567 2408 de

250 2436 333 2475 suis
367 2436 656 2484 confratribus,
681 2451 779 2476 cum
801 2438 1007 2477 similibus
1041 2453 1121 2492 que
1145 2448 1298 2478 sonant
1321 2452 1419 2478 cum
1451 2438 1565 2478 habi-

250 2506 432 2545 tantibus
480 2505 699 2545 ecclesiam
741 2507 910 2546 maioris
954 2509 1110 2560 peccati
1157 2508 1439 2561 gravedinem,
1473 2508 1568 2560 plus

251 2575 447 2627 polluunt
477 2576 622 2614 locun]
669 2590 797 2628 quam
842 2577 988 2617 effusio
1029 2578 1242 2631 sanguinis
1286 2579 1351 2617 vel
1399 2578 1567 2617 seminis

252 2644 292 2682 in
325 2657 408 2696 qua
442 2658 527 2682 non
560 2653 673 2683 tanta
706 2646 886 2696 gravedo
920 2646 1104 2686 criminis
1137 2658 1198 2687 est
1230 2648 1414 2687 fundata.

302 2775 326 2793 ε.
356 2769 384 2794 Α
411 2767 440 2795 in
462 2776 575 2802 marg.:
596 2768 686 2796 Nota.
829 2770 858 2796 6.
880 2778 907 2804 7.
935 2771 963 2797 A
990 2771 1046 2805 Ast
1074 2772 1313 2800 conducticiam.
1458 2772 1498 2800 16.
1520 2774 1565 2799 A:

252 2813 419 2848 pravilegii.
562 2814 605 2842 25.
626 2816 654 2842 A
669 2814 699 2842 in
715 2823 830 2850 marg:
853 2816 1012 2843 Obieecio.
1157 2825 1204 2852 29.
1227 2818 1264 2845 B:
1280 2819 1359 2846 intra
1385 2836 1418 2839 -—
1439 2818 1565 2846 maioris

252 2860 346 2887 deest.
