2051 3343
240 267 327 295 CAP.
351 256 404 314 ν]
755 270 815 302 DE
841 269 1074 302 EcciAEsm.
1766 276 1841 316 107

87 387 124 420 Ν
147 376 341 428 143⁸illud
386 375 503 429 quod
535 374 654 414 nobis
686 374 890 427 preteriit3
923 374 1030 415 sicut
1062 375 1175 415 enim
1197 376 1260 415 sol
1291 390 1377 415 non
1410 386 1553 429 posset

239 458 358 499 agere
389 444 432 483 in
465 444 563 484 orbe
597 444 810 484 sublunari
843 444 1079 484 secundum
1102 458 1221 485 suam
1256 446 1452 498 speciem,
1477 447 1554 486 nisi

239 515 379 554 anima
422 514 571 554 mundi
615 514 680 553 vel
725 513 860 553 forma
911 513 998 553 eius
1050 528 1131 569 que
1177 524 1237 555 est
1283 516 1555 557 mundialitas

239 584 414 624 deferret
446 583 630 637 speciem
661 583 799 636 ipsam
836 592 1075 624 sustentans
1115 586 1350 625 secundum
1397 586 1556 640 aliquid

206 654 315 706 5sui,
349 653 405 693 sic
437 667 524 692 non
557 662 662 692 esset
692 652 892 706 possibile
925 667 1013 692 rem
1046 653 1179 694 facere
1201 655 1431 709 quicquam
1455 656 1555 695 boni

239 732 335 777 post
367 737 487 762 suam
521 723 857 776 corrupcionem,
890 722 969 761 nisi
1008 724 1120 762 Deus
1154 732 1320 764 eternus
1354 724 1556 765 instauret

239 794 387 846 ipsam,
422 793 634 832 causando
668 792 755 832 eius
795 793 1130 845 pretericionem,
1171 795 1383 834 causando
1424 795 1555 835 eciam

239 863 354 917 quod
376 876 439 902 res
462 863 689 902 succedens
722 877 764 902 se
787 863 911 902 habet
943 862 985 901 in
1007 863 1078 902 tali
1101 863 1259 904 ordine.
1285 865 1339 904 Et
1362 874 1557 905 movetur

146 939 222 984 143¹³
238 932 336 987 quia
366 946 429 971 res
462 946 545 985 que
566 931 592 959 ἧς
613 932 796 985 preteriit
827 946 904 985 pro
938 946 1016 972 suo
1055 941 1247 986 tempore
1290 933 1347 973 ita
1392 944 1555 986 causat3

183 1021 221 1042 10
238 1003 344 1043 sicut
383 1002 495 1042 enim
546 1002 751 1056 sequitur:
800 1003 880 1042 Ista
919 1011 1105 1042 creatura
1148 1003 1214 1043 hic
1255 1013 1407 1056 causat,
1457 1018 1554 1058 ergo

235 1073 302 1112 hic
335 1081 408 1124 est,
446 1072 502 1111 ita
534 1072 746 1126 sequitur:
780 1086 892 1113 nunc
926 1081 1081 1123 causat,
1116 1086 1214 1125 ergo
1248 1086 1361 1113 nunc
1394 1083 1465 1113 est.

294 1143 355 1181 Ex
387 1141 473 1181 istis
505 1141 668 1182 videtur
700 1143 817 1196 quod
868 1143 1035 1182 omnia
1088 1142 1257 1183 futura
1290 1144 1345 1183 de
1384 1158 1553 1184 neces·
1569 1152 1847 1187 Allfutui-ethings

238 1212 390 1252 sitate
435 1211 669 1252 evenient
712 1221 752 1252 et
802 1212 918 1266 quod
962 1212 1087 1251 nichil
1140 1213 1355 1253 anichilari
1402 1188 1847 1267 ροῑεεῖ.Ἢιεοιςὶὲῑιῗξῖῗ[εἴηἓῗί

237 1283 348 1321 Nam
391 1281 503 1321 Deus
551 1281 620 1334 qui
662 1295 750 1321 non
788 1291 928 1335 potest
966 1282 1158 1335 impediri
1204 1282 1369 1323 ordinat
1408 1258 1849 1324 cunctanoggffissfflgdbe

185 1358 221 1391 15
238 1365 326 1392 esse
357 1360 570 1404 perpetua.
605 1351 703 1390 Ideo
736 1351 835 1391 dicit
851 1352 1120 1391 Ecclesiastes
1145 1350 1236 1407 (ubi
1257 1351 1423 1407 supra):
1460 1354 1555 1394 Non

229 1435 465 1474 possumus
497 1422 559 1461 eis
590 1422 817 1474 quicquam
852 1421 1011 1461 addere
1046 1435 1123 1461 nec
1145 1422 1328 1475 auferre
1352 1424 1560 1478 quefecit

237 1492 375 1541 Deus,
411 1498 456 1531 ut
488 1491 703 1532 timeatur.
738 1492 780 1531 Si
814 1492 927 1531 enim
958 1491 1176 1545 pretericio
1209 1492 1266 1531 rei
1299 1507 1383 1532 non
1419 1503 1559 1547 potest

238 1561 407 1614 destrui,
439 1562 576 1602 multo
611 1561 751 1601 minus
785 1561 872 1601 eius
906 1576 994 1601 esse
1033 1562 1149 1616 quod
1173 1571 1233 1602 est
1254 1563 1395 1615 previe
1418 1564 1556 1617 requi—

239 1631 381 1683 situm,
414 1645 489 1671 nec
513 1632 630 1671 aliter
653 1641 758 1672 esset
780 1632 994 1672 timendus
1018 1641 1064 1671 ut
1085 1632 1198 1671 Deus
1221 1632 1299 1671 nisi
1323 1632 1379 1672 sic
1403 1632 1555 1673 fecerit.

179 1718 222 1739 20
240 1702 424 1751 Quando
457 1710 600 1741 autem
630 1701 784 1742 variavi
816 1702 866 1741 ab
899 1702 977 1742 ista
1009 1702 1233 1754 sentencia,
1267 1716 1354 1742 non
1377 1703 1557 1756 cognovi

239 1780 285 1811 ut
316 1772 462 1823 modo,
496 1772 718 1825 quomodo
741 1785 804 1811 res
827 1772 951 1812 habet
972 1771 1193 1825 multiplex
1211 1786 1311 1824 esse,
1336 1773 1408 1812 sed
1431 1786 1558 1812 omne

240 1855 326 1882 esse
359 1841 483 1894 posui
516 1841 783 1881 existenciam
815 1841 1078 1882 individuam
1110 1842 1166 1881 rei
1198 1842 1241 1881 in
1274 1855 1353 1882 suo
1394 1856 1556 1896 genere.

191 1914 222 1948 Ο
297 1911 363 1951 Sic
394 1911 609 1951 redeundo
642 1912 695 1951 ad
726 1911 1007 1964 propositum,
1041 1921 1154 1965 patet
1187 1913 1303 1966 quod
1335 1912 1472 1964 gracia
1520 1921 1559 1952 et
1574 1919 1654 1982 31}ss
1669 1919 1850 1982 {rfaccehrssptd

240 1980 385 2020 caritas
415 1981 511 2020 Jesu
545 1980 699 2021 Christi
731 1994 813 2035 que
845 1981 1007 2021 realiter
1039 1991 1099 2022 est
1140 1982 1319 2035 ipsemet
1352 1981 1556 2031 Christus,
1570 1990 1851 2058 issrriioeufficiiriffgii

183 2054 222 2086 25
239 2059 298 2091 est
329 2051 532 2091 terminus
566 2051 806 2091 communis
850 2052 1052 2105 copulans
1093 2053 1380 2106 quodcunque
1420 2065 1555 2091 mem-
1584 2059 1830 2122 ‹iliethffeffliiierssffi

238 2121 362 2160 brum
395 2120 563 2160 ecclesie
598 2120 766 2160 cuilibet
797 2120 925 2161 alteri.
960 2121 1040 2161 Ista
1063 2130 1205 2161 autem
1239 2122 1460 2175 copulacio
1484 2135 1559 2175 per

239 2190 430 2230 medium
462 2190 693 2230 terminum
726 2204 1003 2231 communem
1025 2199 1113 2230 tam
1137 2191 1326 2231 nobilem
1349 2201 1409 2231 est
1431 2192 1558 2244 longe

239 2260 496 2314 prestancior
546 2274 677 2314 quam
729 2261 949 2314 copulacio
996 2275 1070 2314 per
1119 2261 1350 2301 terminum
1394 2262 1558 2301 mathe-

239 2331 455 2370 maticum.
509 2331 563 2370 Et
606 2330 702 2370 hinc
739 2344 834 2370 reor
877 2330 1094 2371 Christum
1133 2331 1205 2384 qui
1243 2340 1410 2370 tantum
1448 2341 1561 2371 amat

183 2402 225 2434 30
241 2400 485 2440 communia
517 2409 605 2440 tam
638 2400 783 2440 crebro
816 2401 1008 2454 posuisse
1031 2415 1072 2440 se
1096 2400 1303 2442 medium.
1338 2402 1449 2441 Nam
1470 2402 1561 2454 ipse

240 2479 300 2510 est
332 2470 408 2509 Dei
440 2470 571 2510 virtus
604 2484 685 2524 que
719 2470 907 2511 consistit
939 2471 980 2509 in
1013 2471 1156 2511 medio
1188 2471 1295 2511 inter
1326 2480 1489 2524 patrem
1522 2481 1561 2512 et

208 2539 386 2580 1filium.
420 2540 543 2581 Unde
573 2540 709 2580 voluit
741 2541 905 2594 concipi
928 2541 971 2580 in
994 2541 1243 2595 equinoccio
1266 2541 1421 2581 vernali
1444 2542 1562 2595 quod

292 2637 312 2656 1.
333 2630 363 2657 A
382 2631 438 2665 A1:
460 2629 543 2657 idem
563 2630 659 2666 quod.
749 2639 782 2658 11.
802 2631 841 2658 B:
863 2631 914 2659 illa
935 2631 1085 2667 sequitur.
1185 2638 1226 2660 12.
1246 2632 1275 2658 A
1295 2632 1326 2659 in
1347 2640 1460 2667 marg.:
1485 2632 1559 2661 Cor-

238 2675 396 2704 relarium.
434 2675 612 2704 Necessitas
652 2677 806 2705 absoluta.
950 2686 991 2711 14.
1033 2677 1150 2707 Codd.:
1193 2678 1356 2713 impedire.
1395 2679 1435 2705 B:
1457 2685 1560 2707 cunta.

239 2732 278 2758 17.
300 2723 327 2750 A
347 2724 404 2757 Ast
427 2722 460 2751 Si
479 2723 652 2759 pretericio.
796 2731 841 2751 20.
865 2722 982 2752 Codd:
1007 2724 1136 2752 variam.
1279 2725 1322 2753 23.
1343 2725 1373 2752 A
1392 2726 1423 2754 in
1445 2734 1560 2762 marg:

240 2769 352 2797 Gracia
372 2775 400 2797 et
428 2770 538 2797 caritas
557 2770 629 2797 Jesu
660 2769 777 2798 Christi
807 2775 854 2798 est
889 2770 1041 2798 terminus
1079 2772 1257 2799 communis
1277 2773 1429 2807 copulans
1462 2773 1560 2808 quod-

238 2823 360 2851 cunque
382 2816 556 2843 membrum
579 2816 708 2844 ecclesie
729 2817 855 2844 cuilibet
891 2816 987 2844 alteri.
1164 2817 1209 2845 30.
1235 2819 1255 2845 Β
1276 2818 1306 2845 in
1335 2827 1431 2852 marg.
1473 2827 1554 2846 man.

239 2869 312 2888 rec:
351 2861 488 2889 Medium
526 2863 556 2889 in
597 2863 744 2890 omnibus
773 2863 871 2890 tenuit
901 2862 1057 2890 Christus.
1097 2864 1125 2891 A
1162 2864 1191 2891 in
1232 2872 1346 2900 marg:
1388 2866 1556 2901 Quomodo

240 2908 379 2935 Christus
400 2909 509 2936 crebro
532 2918 564 2936 s:
585 2909 689 2945 posuit
710 2910 739 2937 in
760 2910 875 2938 medio.
966 2911 1004 2938 31.
1027 2911 1099 2938 Ain
1120 2919 1237 2946 marga
1254 2910 1335 2939 Nota
1356 2917 1426 2940 octo
1442 2912 1556 2940 media.
