2051 3273
208 214 298 243 CAP-
319 204 429 262 xxii]
717 217 777 249 DE
804 216 1036 248 ECCLEsm.

1733 201 1810 256 537

59 334 95 366 N
116 321 460 375 201⁶prof1cimus
495 323 689 376 quamvis
713 336 787 374 per
810 322 1002 360 accidens
1026 320 1203 359 facimus
1238 319 1317 357 sibi
1343 319 1524 367 bonurn,
1551 326 1723 354 Cliristians
1745 328 1803 355 wiri

1569 363 1606 389 be
1626 362 1779 397 punislied

213 405 287 431 nec
310 392 418 431 valet
453 392 610 442 fingere
643 392 757 444 quod
792 391 896 430 nulli
931 389 1147 429 christiani
1181 388 1367 428 sencient
1400 387 1523 426 istam
1558 405 1644 459 ntihoarg
1664 397 1805 459 ἷοῖῖιὶῑῑιέιγ

212 474 379 513 penam,
434 462 533 514 quia
581 459 646 515 (ut
693 460 776 499 dixi
824 460 1058 500 secundum
1106 457 1365 498 sentenciam
1412 458 1522 496 beati

214 529 427 583 Gregorii)
468 530 525 570 illi
570 539 668 570 sunt
703 530 885 582 pessimi.
934 530 1057 569 Unde
1091 528 1372 580 Augustinus,
1407 527 1524 566 XX10

179 602 275 644 §De
321 600 502 640 Civitate
552 600 644 651 Dei,
691 599 829 638 XXV0
883 613 972 652 cap.
1026 599 1126 637 dicit
1183 597 1297 650 quod
1351 610 1371 635 a
1425 610 1525 636 sana

214 670 405 709 doctrina
439 669 547 709 foret
588 669 711 708 nimis
763 669 1027 707 contrarium
1068 676 1114 706 ut
1147 667 1412 707 heresiarche
1455 666 1526 719 qui

213 748 463 792 receperunt
486 740 527 778 in
562 738 734 778 ecclesia
769 739 1044 791 baptismum,
1079 737 1346 776 eucaristiam
1377 746 1417 776 et
1449 736 1527 775 alia

214 809 450 860 carismata,
516 818 611 861 post
670 822 771 848 vero
824 809 986 860 ingrate
1045 808 1240 846 acucius'
1271 807 1527 860 impugnant

215 879 433 918 ecclesiam
480 891 608 931 quam
654 879 724 918 alii
757 876 963 929 infideles,
1012 877 1109 930 quia
1152 890 1235 916 non
1284 877 1388 916 adeo
1429 884 1528 915 sunt

161 948 380 1001 1oingrati.
407 948 543 997 Peior,
568 949 719 1001 inquit,
743 954 804 987 est
834 948 1027 987 desertor
1048 947 1161 1000 fidei
1179 953 1214 986 et
1239 959 1292 986 ex
1315 946 1528 985 desertore

214 1018 490 1071 obpugnator
517 1018 606 1057 eius
628 1017 819 1071 effectus,
853 1030 981 1070 quarn
1016 1018 1086 1056 ille
1119 1017 1192 1070 qui
1225 1029 1305 1055 non
1340 1015 1528 1056 deseruit

215 1101 341 1140 quani
377 1100 594 1140 nunquam
636 1087 778 1127 tenuit.
816 1088 876 1126 Ex
922 1088 1010 1126 istis
1057 1096 1195 1139 potest
1240 1086 1377 1138 colligi
1423 1086 1526 1124 alius

121 1156 407 1197 202⁸sensus⁷¹⁴
431 1158 643 1196 dictorum
679 1157 789 1196 beati
830 1157 1059 1209 Augustini
1097 1156 1371 1195 Enchiridion
1415 1155 1525 1207 CX0‚

215 1240 298 1280 que
321 1235 542 1279 ponuntur
566 1227 607 1266 in
632 1226 810 1266 decretis
833 1226 966 1277 xilla,
1000 1240 1037 1279 q.
1073 1226 1139 1267 Ila.
1181 1227 1375 1278 Tempus.
1403 1225 1526 1264 Ponit

162 1302 199 1335 15
216 1297 329 1336 enim
361 1296 498 1349 primo
533 1297 647 1349 quod
692 1296 733 1335 in
782 1297 862 1335 hoc
908 1296 1130 1335 meditulio
1173 1295 1375 1348 temporis
1419 1295 1527 1334 inter

216 1375 396 1405 mortem
450 1367 635 1406 hominis
679 1375 718 1406 et
762 1366 873 1405 diem
917 1365 1061 1405 iudicii
1108 1365 1314 1417 contingit
1375 1364 1526 1403 mereri

219 1436 281 1475 vel
314 1436 452 1475 iuvare
485 1436 659 1488 spiritus
694 1435 1010 1475 defunctorum.
1045 1435 1169 1475 Ponit
1192 1435 1379 1474 secundo
1413 1434 1528 1487 quod

214 1506 273 1545 eis
309 1513 498 1558 prosunt
526 1506 745 1560 suffragia
783 1506 866 1559 qui,
915 1519 1010 1545 cum
1049 1506 1235 1545 viverent
1272 1505 1345 1544 hec
1375 1504 1454 1544 sibi
1486 1511 1530 1543 ut

210 1582 361 1628 postea
378 1582 557 1628 possent
570 1575 778 1628 prodesse
800 1581 1061 1615 meruerunt.
1098 1575 1252 1613 Tercio
1287 1575 1387 1614 dicit
1412 1575 1527 1628 quod

162 1659 203 1681 20
219 1646 269 1684 de
302 1654 487 1698 quatuor
520 1646 745 1697 generibus
769 1654 1040 1685 mortuorum
1077 1645 1225 1684 merita
1250 1645 1527 1697 superstitum

218 1724 316 1755 sunt
340 1728 426 1767 pro
458 1715 580 1755 valde
623 1714 740 1755 bonis
777 1715 1029 1769 graciarum
1069 1716 1277 1763 acciones,
1322 1727 1405 1767 pro
1445 1728 1528 1754 me-

219 1784 420 1824 diocriter
452 1786 571 1825 bonis
606 1786 961 1839 propiciaciones,
999 1798 1084 1838 pro
1121 1784 1243 1825 valde
1276 1785 1401 1825 malis
1430 1791 1531 1824 sunt

217 1855 451 1894 vivencium
475 1856 806 1903 consolaciones,
831 1856 901 1894 sed
929 1855 1199 1895 mediocriter
1228 1855 1346 1894 malis
1370 1854 1529 1894 faciunt

220 1924 549 1977 dampnaciones
608 1924 951 1977 tollerabiliores,
1015 1925 1072 1964 sic
1125 1925 1241 1977 quod
1306 1925 1530 1977 utrobique

164 1997 202 2029 25
220 1994 361 2033 valent
396 1994 463 2046 pie
496 1994 716 2033 oraciones
750 1995 910 2033 intente
941 2008 1019 2047 pro
1042 1994 1237 2046 mortuis,
1271 1995 1368 2047 quia
1400 1994 1529 2034 beatis

220 2071 447 2102 vertuntur
486 2064 526 2102 in
561 2064 800 2115 graciarum
842 2065 1046 2116 acciones,
1092 2064 1323 2116 purgandis
1356 2064 1396 2104 in
1432 2077 1529 2116 pro-

220 2133 490 2185 piciaciones,
526 2133 765 2186 dampnatis
798 2147 897 2172 vero
923 2134 1016 2173 licet
1044 2147 1124 2173 non
1157 2134 1242 2174 sinz*
1268 2132 1529 2183 adiumenta,

220 2211 402 2255 prosunt
447 2211 589 2242 tamen
637 2203 809 2242 ecclesie
849 2204 1047 2243 militanti
1088 2213 1126 2243 et
1175 2204 1413 2256 dampnatis
1458 2204 1530 2257 qui

273 2348 302 2373 4.
324 2338 351 2365 A
372 2338 401 2365 in
423 2346 536 2373 marg:
560 2339 768 2375 Augustinus.
789 2339 823 2366 In
843 2340 933 2367 codd.
955 2348 1020 2376 cap.
1042 2340 1141 2369 XXIV
1162 2339 1300 2369 Correxi.
1437 2340 1464 2369 8.
1484 2343 1528 2370 A:

220 2385 425 2421 impungnant.
572 2385 609 2413 13.
641 2387 668 2413 A
688 2387 744 2421 AJ:
781 2394 890 2414 sensus
920 2387 1093 2415 doctorum.
1237 2388 1273 2416 13.
1304 2389 1331 2415 A
1360 2388 1390 2416 in
1418 2397 1530 2424 marg:

219 2432 427 2467 Augustinus.
576 2439 620 2459 22.
649 2432 707 2460 Hic
739 2434 825 2460 locus
855 2434 884 2460 in
916 2434 997 2461 decr.
1028 2435 1072 2461 sic
1101 2434 1243 2462 habetur:
1274 2434 1353 2462 Cum
1383 2436 1532 2464 sacrificia

220 2479 325 2506 altaris
340 2480 403 2507 sive
417 2486 677 2515 quarumcunque
688 2479 929 2507 elemosinarum
947 2488 1003 2515 pro
1018 2480 1177 2516 baptizatis
1194 2481 1339 2508 omnibus
1352 2481 1530 2518 offerunter,

220 2532 275 2560 pro
297 2525 386 2552 valde
405 2524 496 2552 bonis
517 2525 692 2559 graciarum
718 2526 861 2554 acciones
883 2531 964 2559 sunt,
996 2535 1051 2559 pro
1072 2535 1134 2554 non
1153 2528 1240 2554 valde
1269 2528 1357 2555 malis
1378 2529 1531 2564 propicia-

220 2571 324 2598 ciones
346 2576 428 2605 sunt,
459 2579 515 2606 pro
536 2572 624 2599 valde
645 2572 744 2606 malis,
775 2573 901 2600 eciamsi
923 2574 1006 2600 nulla
1027 2578 1098 2600 sunt
1125 2574 1301 2601 adiumenta
1322 2579 1529 2611 mortuorum,

222 2622 322 2644 tamen
344 2617 485 2645 vivorum
513 2619 748 2645 consolaciones
769 2623 849 2646 sunt.
888 2620 916 2646 A
937 2619 967 2646 in
990 2627 1077 2654 marg
1098 2628 1103 2644 τ
1131 2619 1210 2647 Nota
1235 2621 1395 2656 quomodo
1416 2626 1442 2648 et
1463 2622 1532 2658 qui-

221 2663 280 2691 bus
301 2665 433 2691 mortuis
454 2670 585 2699 prosunt
615 2664 761 2700 suffragia
794 2666 916 2700 (Above
936 2670 1005 2693 202a
1026 2667 1156 2694 wi1liout
1181 2668 1268 2696 mark
1295 2668 1330 2695 of
1351 2668 1531 2701 reference).

285 2779 333 2801 11.
375 2780 451 2812 pag.
491 2770 568 2812 646.
670 2782 717 2811 14.
759 2772 893 2803 Decreti
927 2782 994 2804 sec.
1032 2783 1122 2815 pars,
1161 2783 1261 2805 causa
1299 2774 1387 2815 XIII,
1425 2786 1458 2818 q.
1491 2776 1529 2815 11,

222 2837 248 2858 c.
273 2826 396 2860 XXIII.
