2051 3273
210 240 299 269 CAP.
321 230 432 288 xva]
710 242 769 273 DE
796 242 1029 274 ECCLESIA.

57 359 96 393 Η
119 357 196 400 184d
209 347 390 400 allegans
408 344 667 399 Apostolum
680 347 974 385 Romanorum
990 345 1068 385 XIa
1081 344 1289 384 dicentem
1303 345 1420 398 quod
1439 357 1522 383 non

208 430 352 456 omnes
383 417 455 469 qui
486 429 538 456 ex
559 416 701 456 Israel
721 423 820 456 sunt
838 423 939 456 sunt
960 415 1176 463 Israelite;
1201 415 1365 467 pocius,
1388 413 1525 466 inquit

207 485 486 539 Augustinus,
520 485 739 525 christiani
769 492 868 525 sunt
890 498 971 524 non
1004 484 1077 537 qui
1107 483 1344 523 secundum
1367 483 1526 524 Ismael

193 556 283 609 filii
317 562 417 595 sunt
460 555 615 603 carnis,
654 554 728 594 sed
763 554 996 595 secundum
1028 552 1155 594 Isaac
1171 553 1261 607 filii
1296 560 1397 593 sunt
1419 567 1523 606 pro-

175 625 418 669 5missi0nis
455 624 511 664 ad
547 625 771 678 spirituale
811 624 1092 664 ministerium
1123 623 1400 676 pertinentes.
1463 623 1525 662 Ex

207 693 287 734 isto
331 707 528 748 processu
575 693 800 746 Augustini
843 694 948 732 hene
992 701 1140 732 notato
1183 692 1371 746 sequitur
1408 693 1525 746 quod

207 772 343 816 patres
374 763 521 803 veteris
554 763 792 803 testamenti
827 762 990 802 fuerant
1023 762 1233 802 christiani
1266 771 1305 801 et
1336 762 1525 801 membra

207 832 395 884 ecclesie;
429 834 545 886 quod
567 841 755 884 negatur.
796 832 968 883 Omnes,
1002 832 1149 885 inquit,
1173 833 1354 872 viventes
1376 845 1524 872 secun-

206 902 305 941 dum
340 903 477 956 Iegem
502 902 659 942 Christi
687 909 789 942 sunt
804 902 895 956 filii
917 900 1093 941 Abrahe
1115 908 1154 941 et
1174 902 1263 941 veri
1289 902 1522 942 christiani.

153 993 191 1015 10
207 972 269 1010 Ex
310 985 394 1024 qua
439 971 713 1011 conclusione
756 980 871 1024 patet
917 972 1033 1024 quod
1065 985 1138 1024 per
1168 979 1337 1024 tempus
1375 970 1524 1010 veteris

205 1041 443 1080 testamenti
477 1040 641 1081 fuerant
672 1040 896 1091 christiani,
930 1041 995 1079 vel
1028 1041 1212 1080 secundo
1247 1041 1363 1093 quod
1395 1041 1523 1080 modo

206 1109 308 1149 nulli
353 1119 450 1150 sunt
495 1109 568 1149 filii
614 1109 794 1162 Abrahe,
837 1110 901 1149 vel
945 1110 1062 1163 quod
1105 1110 1148 1148 in
1193 1119 1337 1149 sancto
1381 1110 1521 1149 triduo

206 1179 326 1219 beata
356 1179 474 1233 virgo
507 1192 593 1219 non
626 1178 762 1219 fuerat
794 1179 1031 1230 christiana,
1065 1179 1163 1232 quia
1194 1188 1295 1219 tunc
1326 1192 1412 1218 non
1447 1178 1525 1218 fuit

206 1248 261 1288 ita
300 1249 415 1302 quod
452 1248 543 1301 ipsa
581 1248 773 1288 observat
805 1249 940 1301 legem
975 1248 1143 1300 Christi,
1177 1262 1274 1288 cum
1306 1257 1406 1288 tunc
1447 1248 1525 1288 fuit

154 1317 262 1363 15ita
313 1318 429 1371 quod
482 1331 568 1357 non
614 1327 673 1357 est
722 1317 924 1358 Christus,
972 1318 1094 1358 Unde
1138 1317 1316 1357 finaliter
1360 1318 1524 1358 videtur

207 1386 556 1441 inconsequenter
605 1387 766 1427 dictum
819 1388 936 1441 quod
984 1387 1062 1427 fuit
1105 1388 1275 1427 ecclesia
1320 1387 1524 1427 catholica

207 1456 323 1496 cuius
357 1457 475 1496 beata
508 1457 626 1509 virgo
660 1456 738 1497 fuit
770 1471 864 1510 pars
897 1471 973 1510 pro
1005 1457 1144 1497 triduo
1178 1458 1324 1496 mortis
1353 1457 1521 1508 Christi,

175 1525 344 1578 1primo
378 1526 488 1580 quia,
521 1527 661 1579 posito
694 1527 808 1580 quod
840 1527 1066 1580 loquamur
1098 1540 1174 1579 pro
1197 1527 1268 1566 illo
1290 1527 1444 1578 triduo,
1475 1541 1522 1567 ex

206 1595 280 1635 tibi
314 1596 443 1635 dubio
476 1597 565 1635 sola
598 1596 714 1650 virgo
747 1605 808 1636 est
840 1610 1019 1649 persona
1052 1595 1184 1635 fidelis
1217 1606 1438 1649 superstes,
1483 1606 1522 1637 et

147 1678 302 1707 20cum
344 1665 433 1718 ipsa
476 1679 561 1705 non
606 1666 658 1705 sit
702 1665 922 1705 christiana
969 1679 1016 1705 ex
1048 1665 1121 1705 tihi
1154 1666 1298 1717 dubio,
1331 1680 1416 1705 non
1462 1675 1523 1706 est

164 1735 434 1778 2multitudo
467 1735 663 1775 omnium
697 1735 1031 1775 christianorum.
1057 1735 1267 1784 Similiter,
1291 1750 1365 1788 per
1386 1745 1521 1775 totam

202 1804 329 1844 vitam
347 1804 500 1845 Christi
517 1818 762 1858 corpoream
776 1814 870 1844 ante
896 1814 1077 1844 mortem
1098 1818 1183 1844 non
1204 1804 1329 1844 fiebat
1352 1806 1521 1845 ecclesia

203 1872 267 1928 (ut
290 1872 471 1928 dicitur),
497 1874 595 1928 quia
627 1874 768 1914 solum
801 1888 876 1927 pro
910 1883 1100 1927 tempore
1138 1874 1276 1914 fluxus
1306 1875 1520 1928 sanguinis

203 1952 242 1983 et
271 1957 379 1997 aque
414 1944 464 1983 de
494 1958 571 1983 suo
601 1944 736 1993 latere,
768 1945 882 1997 quod
911 1944 988 1983 fuit
1015 1953 1111 1997 post
1139 1954 1321 1984 mortem
1354 1942 1519 1985 Christi.

150 2022 188 2055 Κ
259 2012 468 2065 Similiter,
512 2013 653 2066 posito
685 2015 801 2066 quod
832 2014 1058 2067 loquamur
1101 2028 1177 2067 pro
1225 2014 1337 2053 dicto
1378 2015 1517 2054 triduo

205 2090 243 2121 et
300 2096 525 2135 arguamus
577 2097 597 2121 a
651 2082 905 2122 diffinicione
958 2084 1010 2122 ad
1061 2083 1311 2123 diffinitum:
1365 2083 1517 2123 Omnis

204 2151 374 2192 ecclesia
417 2152 618 2192 catholica
661 2162 721 2192 est
763 2152 1008 2192 universalis
1054 2153 1281 2193 multitudo
1323 2154 1517 2194 omnium

203 2221 523 2261 christianorum
547 2221 800 2261 habencium
832 2237 879 2262 ex
912 2222 1075 2275 integro
1097 2231 1254 2262 rectam
1277 2231 1316 2262 et
1339 2224 1515 2263 eandem

201 2288 341 2342 fidem,
375 2305 448 2344 per
482 2291 699 2331 Christum
731 2301 771 2331 et
813 2305 912 2331 suos
956 2292 1171 2345 apostolos
1203 2292 1515 2345 promulgatam

146 2368 241 2403 30et
284 2369 427 2412 postea
471 2375 492 2399 a
537 2361 688 2400 sanctis
731 2361 918 2414 patribus
958 2361 999 2400 in
1039 2361 1223 2401 conciliis
1255 2362 1515 2414 generalibus

202 2429 466 2481 declaratam,
500 2431 572 2469 sed
604 2444 717 2470 nunc
741 2440 801 2470 est
825 2431 993 2471 ecclesia
1016 2430 1219 2470 catholica
1243 2431 1360 2470 cuius
1383 2441 1515 2472 mater

201 2498 364 2537 domini
398 2508 457 2538 est
489 2513 597 2552 pars,
631 2513 729 2553 ergo
762 2514 874 2540 nunc
908 2509 967 2540 est
999 2500 1244 2541 universalis
1283 2501 1512 2543 multitudo

199 2567 395 2607 omnium
429 2569 764 2620 christianorum,
797 2570 1051 2609 habenciurn
1084 2584 1131 2609 ex
1162 2570 1325 2622 integro
1356 2580 1513 2612 rectam

199 2645 238 2676 et
289 2638 465 2677 eandem
515 2637 643 2678 fidem
689 2652 761 2692 per
806 2638 1022 2679 Christum
1066 2648 1105 2679 et
1148 2653 1246 2679 suos
1296 2641 1511 2693 apostolos

249 2826 270 2846 1.
290 2819 324 2846 In
345 2819 435 2847 codd.
457 2819 544 2847 Rom.
564 2819 615 2847 lX.
714 2821 750 2849 15.
771 2821 800 2848 A
820 2820 851 2848 in
867 2829 981 2856 marg.:
1003 2820 1115 2849 Tereia
1131 2823 1304 2857 responsio.
1402 2823 1443 2852 25.
1464 2825 1509 2854 A:

197 2866 284 2894 litera
304 2866 315 2893 I
337 2865 432 2893 deest.
574 2867 611 2894 31.
634 2867 662 2894 A
683 2867 713 2894 in
735 2875 850 2902 marg:
872 2868 1016 2902 Quedam
1038 2869 1187 2897 diffinicio
1207 2870 1343 2898 ecclesie.

1337 2918 1401 2951 26⁹⁶

1729 230 1811 281 403

1559 976 1654 1003 Other
1679 976 1794 1005 absurd

1573 1011 1782 1039 conclusions.

1545 2019 1745 2055 Application
1768 2021 1804 2048 of

1550 2054 1597 2081 his
1619 2055 1782 2085 definition

1566 2094 1598 2116 to
1619 2090 1668 2117 the
1687 2092 1772 2120 three

1628 2126 1718 2161 days;
