2051 3273
234 230 322 259 CAI‘.
345 230 432 276 xxr
732 233 791 263 DE
820 231 1054 264 ECCLESIA.
1749 237 1827 275 491

757 370 879 412 CAP.
912 370 1022 411 XXI.

80 488 115 521 A
139 485 217 532 196¹³
290 477 477 516 Fortuna
509 489 597 514 non
629 484 796 514 tantum
827 474 978 514 arridet
1006 475 1107 514 mihi
1142 484 1187 515 ut
1220 475 1383 515 valeam
1415 476 1545 516 facere
1577 486 1629 523 My
1656 492 1819 522 opponent

232 547 406 598 aliquod
433 553 731 598 argumentum
756 545 871 597 quod
894 545 1032 583 visum
1057 554 1116 584 est
1138 545 1180 583 in
1204 545 1337 585 oculis
1361 547 1547 585 doctoris
1574 523 1826 591 arsggingriismfiiil

232 617 365 657 valere
398 617 439 655 in
473 614 644 655 materia
677 616 726 653 de
754 614 1059 654 rectificacione
1092 615 1321 654 elemosine
1345 624 1549 668 occupate
1574 593 1819 661 liinfiissttssinaiig

201 697 256 729 §a
295 688 406 726 clero
445 699 519 739 per
556 684 754 723 dominos
794 685 1061 737 temporales,
1096 686 1168 723 sed
1200 684 1377 724 breviter
1410 686 1547 738 quod·
1581 662 1820 724 willgfsstmrpeet

234 770 401 809 cunque
447 763 744 808 argumentum
782 755 900 806 quod
939 753 1118 793 feceram
1163 754 1262 794 dicit
1303 755 1549 807 generaliter

234 826 406 866 deficere
451 834 536 864 tam
574 824 616 862 in
655 823 827 863 materia
866 837 993 877 quam
1026 823 1067 862 in
1102 823 1249 865 forma.
1299 824 1380 863 Sed
1410 838 1550 863 revera

234 896 290 936 sic
323 895 457 934 dicere
489 908 577 933 non
611 903 671 934 est
693 894 869 942 solvere,
903 893 1001 946 quia
1024 893 1079 933 sic
1112 893 1204 946 pica
1226 903 1369 946 posset
1392 895 1550 933 solvere

234 965 416 1019 quelibet
442 973 697 1017 argumenta.
727 963 897 1012 Quesivi
922 972 1065 1003 autem
1095 963 1125 1002 si
1150 977 1219 1002 rex
1241 963 1392 1016 Anglie
1414 972 1552 1016 potest

182 1035 392 1077 xoauferre
440 1034 549 1074 licite
597 1043 722 1087 atque
760 1033 947 1086 legitime
984 1033 1234 1086 temporalia
1273 1047 1295 1072 a
1327 1034 1436 1072 clero
1470 1046 1549 1072 suo

234 1106 342 1158 legio
376 1105 659 1158 delinquente,
705 1113 744 1143 et
782 1104 952 1143 dimissa
992 1104 1127 1143 forma
1168 1104 1278 1143 illius
1317 1103 1551 1157 questionis

235 1174 465 1215 vecorditer
501 1175 698 1225 insoluta,
745 1174 947 1213 convertit
984 1188 1104 1213 more
1142 1183 1336 1213 matrone
1374 1187 1549 1226 respon-

236 1244 369 1284 dentis
417 1244 607 1297 querenti
643 1250 850 1296 quantum
892 1243 1020 1283 distat
1054 1243 1278 1283 Lincolnicl
1315 1245 1430 1297 quod
1462 1257 1549 1282 sac·
1594 1255 1648 1317 11ssl
1662 1263 1736 1317 Ἳδ
1753 1256 1817 1282 that

1653 1299 1680 1317 ie
1711 1298 1783 1324 mig

236 1314 380 1354 culum
402 1314 578 1367 plenum
600 1314 757 1366 prunis.
788 1314 877 1352 Rex
901 1312 1074 1368 (inquit)
1099 1328 1185 1353 non
1219 1323 1356 1367 potest
1392 1313 1552 1354 auferre
1568 1324 1844 1362 cannoff‘simply’⁷

182 1393 219 1425 15
236 1384 479 1437 simpliciter
512 1384 651 1437 aliqua
684 1384 934 1436 temporalia
966 1398 988 1422 a
1021 1385 1131 1423 clero
1165 1398 1243 1423 suo
1276 1384 1386 1437 legio
1419 1384 1550 1423 delin-
1586 1362 1688 1457 gigig
1707 1368 1827 1457 frigiiiga

1638 1438 1797 1466 elnquen'

236 1463 404 1507 quente,
449 1463 489 1493 et
532 1454 630 1507 quia
678 1467 823 1493 sensus
868 1468 993 1507 quem
1048 1454 1173 1494 habet
1211 1455 1261 1494 de
1308 1454 1427 1507 signo
1473 1454 1551 1493 isto
1568 1466 1689 1514 0¹5²)ng
1716 1465 1776 1515 aad
1806 1466 1845 1503 by

237 1523 480 1577 simpliciter
496 1533 556 1563 est
573 1525 718 1564 multis
734 1524 987 1577 incognitus,
1004 1524 1097 1563 ideo
1121 1524 1329 1577 specificat
1348 1525 1435 1564 eius
1458 1538 1551 1563 sen-
1622 1500 1817 1574 gffepggfflhff

238 1607 344 1632 sum.
379 1594 530 1634 Solum
563 1593 738 1648 (inquit)
773 1594 906 1634 aufert
934 1594 1176 1646 simpliciter
1206 1570 1846 1647 qui-auctoritatem1¹¹11⁰1i1²¹>3¹l¹¹ss3s¹¹y

238 1663 409 1716 propria
441 1664 593 1716 aufert;
627 1674 665 1703 et
699 1664 797 1717 quia
830 1673 998 1716 oportet
1030 1663 1165 1703 dicere
1189 1664 1308 1717 quod
1338 1678 1408 1704 rex
1429 1664 1555 1705 habet
1633 1641 1789 1676 originum·

180 1752 223 1774 20
239 1734 530 1774 auctoritatem
569 1734 782 1787 propriam
815 1735 867 1773 ad
899 1733 980 1773 hoc
1014 1734 1155 1773 datam
1187 1734 1263 1773 sibi
1303 1748 1326 1773 a
1358 1735 1554 1774 Romano

237 1802 438 1856 pontifice
471 1805 535 1843 vel
567 1818 589 1843 a
623 1805 725 1856 Deo,
771 1804 866 1843 ideo
900 1813 1067 1857 oportet
1099 1804 1240 1858 ipsum
1272 1804 1407 1844 dicere
1439 1805 1556 1857 quod

238 1873 378 1912 solum
428 1874 496 1913 ille
547 1874 794 1913 auctoritate
840 1874 1011 1926 propria
1055 1873 1152 1914 facit
1198 1874 1271 1927 qui
1314 1887 1401 1913 non
1446 1874 1556 1927 capit

237 1943 353 1982 illam
386 1944 436 1983 ab
469 1943 565 1984 alio.
600 1943 841 1983 Auctoritas
874 1943 986 1984 enim
1011 1958 1092 1997 que
1115 1943 1370 1984 subiectatur
1401 1957 1553 1997 appro-

239 2013 369 2066 priate
401 2013 444 2052 in
475 2027 572 2066 rege
605 2022 664 2053 est
696 2013 924 2053 auctoritas
956 2014 1140 2066 propria,
1175 2013 1274 2067 quia
1306 2013 1422 2053 aliter
1453 2013 1557 2053 nihil

183 2088 222 2121 25
239 2082 446 2123 sufficeret
484 2083 615 2123 facere
647 2083 891 2123 auctoritate
938 2083 1118 2136 propria.
1167 2083 1233 2123 Sic
1271 2081 1444 2138 (inquit)
1489 2084 1557 2123 ille
1598 2094 1822 2129 &thetaking

241 2152 374 2192 aufert
405 2153 648 2206 simpliciter
692 2153 804 2192 bona
850 2153 901 2192 ab
942 2153 1112 2192 ecclesia
1150 2153 1222 2206 qui
1262 2152 1397 2193 aufert
1428 2154 1478 2192 ab
1512 2167 1558 2193 ea
1620 2129 1786 2199 cffmussieiig'.

208 2222 387 2261 lomnia
410 2223 520 2262 bona
549 2236 635 2262 sua.
671 2223 794 2275 Rogo
816 2223 1033 2262 videamus
1066 2222 1203 2275 primo
1237 2237 1366 2276 quam
1397 2233 1558 2263 remote

243 2292 466 2332 dimittitur
498 2292 661 2345 questio
698 2292 884 2332 insoluta
917 2302 956 2332 et
977 2292 1194 2332 videamus
1217 2293 1404 2332 secundo
1428 2306 1558 2346 quam
1591 2304 1623 2337 α)
1644 2302 1826 2338 According

242 2361 555 2401 infundabiliter
588 2371 627 2402 et
661 2371 851 2401 extranee
883 2361 1055 2414 fingitur
1087 2361 1272 2414 signacio
1305 2361 1403 2401 huic
1436 2362 1556 2414 signo
1603 2338 1814 2399 oooilllc⁵arindg

188 2440 228 2471 30
244 2431 497 2484 simpliciter.
552 2433 661 2471 Nam
710 2431 825 2470 iuxta
868 2431 981 2470 hunc
1027 2445 1199 2471 sensum
1250 2431 1377 2470 nichil
1422 2440 1559 2484 potest
1638 2408 1785 2478 assiliiiiiyff

244 2501 375 2540 facere
422 2501 652 2554 quicquam
704 2500 949 2553 simpliciter
998 2500 1077 2539 nisi
1122 2500 1248 2553 Deus,
1301 2501 1373 2540 sed
1418 2502 1559 2540 solum

243 2571 477 2611 secundum
508 2570 622 2624 quid.
657 2570 738 2610 Sed
770 2583 868 2609 cum
900 2583 987 2609 non
1009 2570 1216 2622 sequitur:
1242 2569 1441 2610 Creatura
1463 2569 1560 2609 facit

242 2653 348 2693 opus
394 2640 537 2680 solum
583 2640 814 2679 secundum
868 2639 982 2692 quid,
1030 2652 1129 2691 ergo
1182 2639 1279 2679 facit
1322 2639 1438 2691 illud,
1488 2640 1560 2678 sed

296 2771 338 2797 ¹4-
360 2763 400 2790 B:
422 2764 548 2798 plenum
570 2764 684 2799 pravis.
792 2770 831 2789 21.
853 2762 926 2790 Ain
943 2770 1059 2796 marg.:
1081 2762 1126 2790 De
1144 2763 1305 2791 ablacione
1325 2763 1557 2799 temporalium.

243 2817 282 2837 21.
303 2809 342 2836 B:
371 2815 436 2837 tens
457 2814 589 2845 oportet.
713 2808 759 2836 26.
782 2810 810 2836 A
830 2810 885 2843 Al:
907 2809 962 2843 qui
984 2809 1128 2837 auferret.
1237 2809 1276 2837 31.
1299 2809 1340 2837 32.
1363 2811 1391 2837 A
1412 2810 1468 2844 Al:
1504 2809 1557 2836 sed

245 2856 362 2883 bonum
382 2856 566 2884 secundum.
