2051 3343
232 235 244 259 1
262 235 272 260 1
288 232 309 258 2
939 234 1161 267 JOHANNIS
1187 236 1380 269 WYCLIF.
1674 222 1826 282 [cAiw.

515 350 603 389 cap.
636 337 752 376 XIX0
783 346 822 376 et
853 338 1129 391 Augustinus,
1163 340 1338 393 epistola
1379 340 1572 380 XXXIIIa
1601 341 1651 379 ad
1695 341 1823 380 Boni·
1843 350 1978 394 143⁸R

517 404 684 458 facium,
718 409 937 460 quomodo
971 410 1141 451 ecclesia
1173 409 1361 450 fidelium
1393 418 1454 450 est
1476 410 1632 464 ubique
1664 409 1825 463 diffusa,

517 475 688 515 ecclesia
719 486 862 517 autem
892 477 1172 520 hereticorum
1206 489 1265 520 est
1296 479 1339 519 in
1370 493 1499 533 parvo
1522 480 1678 533 angulo
1711 493 1826 520 coar-

514 553 609 584 tata.
680 546 955 588 predestinati
1005 563 1157 602 nempe
1216 549 1389 590 dilatant
1438 563 1557 590 more
1609 549 1825 590 celestium

511 614 670 655 fructus
717 629 844 669 suos,
895 618 963 657 alii
1005 628 1148 659 autem
1190 619 1285 659 licet
1335 620 1417 660 sint
1459 620 1555 659 hinc
1599 619 1739 673 plures
1782 619 1859 662 in5

509 697 700 737 numero,
717 700 836 727 more
850 688 1107 729 terrestrium
1121 690 1476 744 constringuntur.
1494 689 1686 730 Christus
1710 688 1823 729 enim

511 764 636 807 caput
667 755 817 809 prioris
850 758 1020 798 ecclesie
1054 759 1119 799 cui
1153 769 1320 813 oportet
1352 769 1398 800 ut
1436 760 1618 800 secunda
1656 759 1820 799 subser-

508 824 603 876 viat,
638 834 697 865 est
729 827 949 879 potencior
979 838 1094 881 patre
1126 830 1335 869 mendacii
1359 844 1485 884 quem
1518 830 1575 870 sic
1606 829 1719 883 ligat,
1741 828 1822 869 hoc

511 903 584 946 est,
617 894 758 948 ipsum
789 896 831 935 in
865 898 1064 939 membris
1103 899 1188 940 suis
1227 900 1430 953 penaliter
1467 900 1525 940 sic
1563 898 1819 951 constringit.

226 968 407 996 Erroneous
427 970 475 996 de·
566 964 609 1002 ln
643 965 720 1005 ista
751 980 848 1006 vero
881 969 1055 1008 materia
1086 978 1147 1009 est
1186 969 1360 1023 quidam
1398 971 1546 1010 doctor
1584 968 1864 1011 describensS

240 1003 359 1030 finition
383 1004 417 1031 of
433 1004 483 1031 the

234 1037 409 1100 (riiffiiiissies
427 1040 481 1101 312⁶:
507 1034 724 1074 ecclesiam
756 1037 832 1075 sub
855 1040 879 1063 ÷÷
900 1038 976 1078 hac
1009 1038 1163 1079 forma:
1204 1040 1415 1091 Ecclesia,
1447 1039 1596 1093 inquit,
1630 1045 1690 1078 est
1721 1039 1817 1078 uni-
1838 1051 1918 1091 ¹44⁰

215 1106 492 1177 ffgssssssssffievfflss
506 1105 690 1144 versalis
722 1107 949 1146 multitudo
973 1110 1161 1149 omnium
1186 1110 1539 1159 christianorum,
1564 1108 1815 1149 habencium

265 1177 438 1206 truefaith.
508 1186 563 1213 ex
595 1175 765 1228 integro
799 1183 959 1216 rectam
1000 1184 1038 1217 et
1077 1178 1256 1219 eandem
1285 1179 1426 1232 fidem
1475 1192 1560 1233 per
1601 1178 1816 1218 Christum

506 1251 543 1283 et
581 1246 800 1297 apostolos
844 1247 1114 1300 divulgatam
1162 1255 1202 1288 et
1251 1262 1277 1288 a
1333 1250 1495 1289 sanctis
1532 1248 1735 1301 patribus
1783 1254 1822 1286 et

506 1315 695 1354 consiliis
708 1317 990 1369 generalibus
1004 1317 1287 1359 declaratam.
1308 1320 1361 1359 Et
1374 1328 1489 1373 patet
1503 1318 1618 1372 quod
1633 1316 1821 1371 loquitur
1840 1328 1875 1364 15

506 1385 556 1423 de
588 1398 672 1424 una
705 1396 847 1426 sancta
880 1388 1052 1428 ecclesia
1086 1389 1302 1441 catholica,
1335 1390 1434 1444 quia
1456 1389 1572 1429 aliter
1595 1402 1682 1428 non
1704 1391 1818 1426 assu-

506 1464 637 1494 meret
667 1469 744 1508 pro
790 1470 939 1509 genere
985 1460 1101 1511 quod
1147 1459 1237 1512 ipsa
1281 1460 1453 1499 ecclesia
1496 1459 1548 1500 sit
1590 1457 1819 1498 multitudo

503 1526 698 1566 omnium
732 1527 1066 1569 christianorum.
1101 1530 1255 1579 Primo,
1290 1531 1476 1584 inquam,
1510 1529 1673 1569 videtur
1705 1526 1849 1581 quodl

503 1596 606 1635 nulli
638 1607 775 1650 patres
806 1600 954 1640 veteris
987 1601 1223 1640 testamenti
1256 1600 1425 1640 fuerunt
1457 1601 1506 1639 de
1538 1599 1607 1638 illa
1631 1597 1817 1648 ecclesia,

224 1667 478 1730 Tgsszffigsniffssn
503 1666 600 1719 quia
631 1667 700 1707 illa
731 1682 816 1707 non
850 1669 927 1709 fuit
958 1656 1186 1725 antequam
1218 1671 1409 1711 Christus
1443 1684 1536 1710 eam
1567 1668 1711 1722 genuit
1742 1680 1816 1720 per
1835 1688 1876 1709 20

238 1738 275 1764 O·
299 1737 337 1765 T.
358 1737 461 1766 Saints
503 1736 705 1777 effluxum
738 1739 952 1791 sanguinis
986 1749 1025 1780 et
1056 1755 1163 1795 aque
1195 1742 1246 1781 de
1278 1755 1356 1781 suo
1400 1742 1525 1781 latere
1570 1736 1816 1778 dormientis

501 1806 543 1845 in
577 1821 697 1847 cruce
731 1807 795 1864 (ut
820 1809 970 1849 dicitur
1000 1811 1091 1850 Joh.
1125 1812 1244 1851 XIX0
1280 1810 1368 1866 34),
1404 1812 1477 1851 sed
1508 1810 1589 1850 hoc
1622 1821 1709 1848 non
1740 1806 1817 1846 fuit

502 1891 579 1929 pro
612 1887 803 1931 tempore
847 1889 1017 1933 patrum
1047 1881 1195 1921 veteris
1228 1881 1479 1933 testamenti,
1513 1894 1610 1933 ergo
1643 1890 1718 1917 nec
1740 1876 1809 1915 illa

503 1947 685 1988 ecclesia.
711 1949 772 1987 Ex
795 1963 880 2002 quo
904 1950 1091 2003 sequitur
1126 1952 1241 2005 quod
1265 1965 1361 1991 cum
1384 1957 1511 1991 extra
1535 1951 1653 1990 illam
1678 1947 1810 1988 eccle-

501 2018 609 2056 siam
644 2031 727 2057 non
760 2026 822 2058 est
851 2021 972 2059 salus
1018 2020 1083 2075 (ut
1113 2030 1227 2074 patet
1266 2022 1307 2060 in
1351 2029 1641 2074 extravagante
1685 2015 1814 2059 Boni·
1833 2028 1872 2061 25

503 2086 595 2125 facii
636 2085 753 2129 Villi.
815 2089 951 2128 Unam
985 2089 1214 2145 sanctam),
1247 2091 1388 2131 nullus
1439 2102 1611 2145 patrum
1663 2088 1812 2130 veteris

501 2157 738 2197 testamenti
763 2158 1000 2199 salvabitur.
1034 2161 1131 2200 Non
1156 2161 1268 2200 enim
1285 2160 1390 2201 foret
1412 2162 1622 2214 pertinens
1646 2162 1811 2201 decreto

502 2226 635 2265 dicere
669 2228 784 2280 quod
817 2239 928 2268 extra
961 2243 1090 2269 unam
1122 2240 1307 2270 sanctam
1338 2241 1376 2270 et
1409 2231 1658 2271 catholicam
1683 2231 1810 2270 eccle-

501 2295 605 2335 siam
637 2310 723 2335 non
757 2306 817 2336 est
849 2298 958 2337 salus
991 2299 1069 2338 nisi
1101 2299 1324 2340 intenderit
1356 2302 1472 2354 quod
1512 2315 1639 2341 nemo
1679 2300 1809 2339 salva-

501 2365 611 2404 bitur
643 2366 721 2406 nisi
753 2366 875 2406 fuerit
890 2369 940 2406 de
955 2368 1036 2408 illa.
1071 2370 1265 2409 Secundo
1284 2371 1471 2424 sequitur
1485 2371 1600 2424 quod
1618 2369 1848 2412 Christusa

256 2431 315 2457 and
338 2430 441 2459 Christ
500 2427 584 2473 non
619 2436 669 2475 sit
702 2437 751 2475 de
799 2436 869 2476 illa
915 2438 1099 2491 ecclesia,
1134 2440 1232 2493 quia
1276 2454 1361 2480 non
1405 2450 1465 2480 est
1497 2441 1547 2480 de
1589 2438 1811 2479 universali

282 2465 407 2493 himself

406 2488 414 2502 ⁷
500 2505 769 2546 multitudine
802 2507 996 2546 omnium
1029 2508 1364 2558 christianorum,
1404 2524 1453 2550 eo
1486 2510 1601 2563 quod
1634 2523 1718 2549 non
1752 2517 1813 2548 est

554 2602 571 2620 i.
593 2595 624 2622 ln
646 2596 735 2623 codd.
758 2604 824 2632 cap.
846 2597 928 2625 XVI.
1037 2598 1070 2626 In
1092 2599 1183 2626 codd.
1207 2599 1332 2627 iterum:
1357 2600 1487 2635 epistola
1507 2599 1630 2627 XXXII.
1738 2598 1811 2626 Ain

501 2648 615 2675 marga
638 2641 697 2669 Ubi
718 2647 763 2670 est
782 2643 923 2671 ecclesia.
1047 2652 1089 2672 ιο.
1112 2645 1177 2674 Bin
1198 2653 1294 2680 marg.
1316 2654 1398 2673 man.
1415 2647 1482 2674 alt.:
1503 2646 1657 2673 Diffinicio
1669 2646 1809 2674 ecclesie.

500 2688 526 2713 Α
546 2687 573 2713 in
596 2696 709 2723 marg:
743 2689 886 2723 Quodam
908 2690 1082 2726 descripcio
1116 2692 1253 2719 ecclesie.
1404 2693 1445 2721 16.
1468 2701 1508 2728 17.
1528 2693 1572 2720 A:
1594 2697 1809 2720 assummeret.

638 2734 683 2763 23.
709 2736 748 2762 A:
773 2737 937 2771 patrinum.
960 2737 999 2764 B:
1021 2743 1160 2772 paruum.
1201 2739 1240 2773 A¹
1263 2739 1408 2766 correxit:
1431 2743 1563 2773 patrum.
1711 2747 1758 2772 24.
1782 2740 1810 2765 A

500 2779 537 2805 1²1:
569 2781 651 2816 quod
682 2783 777 2809 deest.
807 2784 865 2818 Al:
895 2784 1033 2819 sequitur
1053 2784 1146 2820 quod.
1290 2785 1336 2811 26.
1365 2785 1399 2812 In
1423 2784 1532 2812 codd.:
1555 2785 1693 2821 sequitur
1724 2785 1808 2820 quod

500 2828 609 2855 nullus.
632 2828 667 2854 13:
691 2830 791 2856 nullus
808 2832 1033 2865 patr1111m.A1:
1055 2831 1174 2858 nullum
1196 2836 1328 2866 patrum.
1444 2839 1490 2866 29.
1513 2831 1534 2858 B
1555 2832 1585 2860 in
1608 2840 1704 2868 marg.
1725 2838 1806 2859 man.

499 2881 573 2900 reo:
599 2875 687 2901 Extra
708 2876 870 2904 ecclesiam
893 2885 952 2904 non
976 2882 1019 2904 est
1042 2878 1125 2905 salus
