2051 3273
196 226 274 264 236
905 236 1130 267 JOHANNJS
1156 235 1349 267 WYC1.1F.
1625 222 1730 279 [cm.
1746 233 1798 262 Χῖ.

482 355 649 394 cunque
667 342 893 380 tumultus.
919 341 1068 380 Omnis
1083 342 1124 380 in
1142 341 1202 380 eis
1215 341 1479 380 secularium
1497 341 1756 381 iudiciorum
1774 341 1799 369 ’³‘
1819 352 1897 386 ιὸιἀ
1913 354 1949 387 G

480 412 682 462 strepitus
715 413 1001 462 conquiescat.
1050 409 1184 448 Nulla
1233 410 1339 449 inibi
1370 423 1503 450 causa
1529 423 1613 462 per
1646 411 1798 461 laycos

481 481 721 520 criminalis
754 480 942 519 maxime
975 480 1190 532 agitetur;
1227 479 1313 519 sint
1344 480 1439 518 loca
1472 479 1620 519 eadem
1654 492 1679 518 a
1715 480 1796 520 lai-

484 563 633 589 corum
668 549 1091 602 congregacionibus
1123 549 1281 588 aliena.
1322 550 1410 588 Hec
1441 549 1510 590 ibi.
1565 551 1797 598 Quomodo

480 633 610 672 queso
651 619 756 657 foret
803 619 973 657 ecclesia
1006 618 1245 658 fomentum
1279 616 1527 658 criminum?
1559 620 1623 658 vel
1668 631 1831 673 quos-5

482 701 649 741 cunque
682 688 723 726 in
756 687 892 740 ipsam
915 688 1225 728 committentes
1248 685 1507 728 defenderet?
1531 689 1652 728 Unde
1674 702 1800 742 super

478 759 605 797 verbo
631 757 894 797 Sedicionem
920 758 1019 797 dicit
1041 759 1178 810 glossa
1200 759 1319 811 quod
1343 759 1794 812 committensfurtum

481 829 521 868 iu
546 828 727 867 ecclesia
746 841 829 867 non
854 828 1023 867 habebit
1041 828 1336 867 inmunitatem
1362 829 1405 867 in
1429 840 1499 881 ea,
1523 837 1562 868 et
1584 828 1663 867 hoc
1686 838 1798 869 tenet

481 897 728 950 Hostiensis,
753 907 791 937 et
816 899 933 948 bene,
967 911 1063 937 cum
1087 897 1235 937 frustra
1258 898 1425 937 invocat
1446 899 1526 938 loci
1551 898 1794 951 suffragium

205 972 361 998 whom-er
383 971 447 999 sins
481 968 552 1021 qui
588 967 698 1007 fedat
733 969 928 1008 eundem.
979 967 1091 1007 Cum
1124 981 1222 1020 ergo
1262 968 1503 1020 quicunque
1548 967 1722 1007 offendit
1752 968 1794 1006 in
1815 989 1853 1010 10

208 1008 447 1068 &houslfssffit'gass
481 1052 568 1077 uno
620 1038 750 1077 factus
791 1047 851 1077 est
889 1038 1084 1077 omnium
1122 1051 1229 1089 reuS,
1273 1037 1544 1077 manifestum
1583 1047 1642 1077 est
1680 1039 1796 1090 quod

204 1082 241 1103 ηδ
266 1081 451 1111 promerion.
482 1107 619 1147 omnis
652 1121 828 1160 peccans
862 1107 1091 1146 mortaliter
1122 1107 1227 1146 intra
1251 1107 1468 1146 ecclesiam
1492 1106 1651 1146 furatur
1675 1108 1794 1160 spiri-

484 1178 595 1217 tuale
628 1176 886 1229 suffragium,
921 1190 1006 1230 quo
1040 1177 1152 1216 Deus
1185 1177 1278 1229 plus
1302 1176 1526 1216 offenditur
1558 1190 1686 1230 quam
1719 1191 1796 1230 pro

483 1247 594 1286 furto
628 1246 940 1299 temporalium,
974 1260 1122 1299 ymmo
1157 1259 1254 1285 cum
1282 1245 1420 1285 omnis
1444 1259 1656 1299 occupans
1687 1256 1794 1286 tem-

482 1316 640 1370 poralia
672 1316 713 1355 in
754 1316 933 1366 mortali,
982 1314 1120 1355 deficit
1152 1329 1174 1354 a
1218 1315 1306 1354 iure
1346 1315 1489 1354 utendi
1523 1327 1851 1370 quocunque,1b

481 1400 559 1440 pro
594 1396 692 1425 tunc
726 1384 1001 1424 manifestum
1042 1395 1102 1425 est
1134 1386 1249 1438 quod
1283 1384 1443 1423 furatur
1482 1386 1592 1424 bona
1625 1386 1795 1426 ecclesie

480 1457 522 1495 in
566 1469 649 1509 qua
689 1464 849 1508 pausat.
903 1455 943 1494 Si
977 1468 1077 1506 ergo
1110 1455 1178 1493 ille
1211 1455 1262 1493 sit
1295 1454 1578 1507 prevaricator
1610 1456 1792 1508 precepti

479 1526 647 1566 decimi:
672 1527 915 1578 quicunque
938 1526 1093 1564 iniuste
1115 1525 1298 1576 cupierit
1319 1525 1477 1575 aliena,
1501 1525 1637 1564 multo
1661 1525 1793 1578 magis

478 1597 545 1635 ille
579 1605 638 1635 est
661 1594 940 1648 prevaricator
963 1595 1146 1646 decalogi
1172 1594 1244 1647 qui
1268 1593 1552 1633 fraudulenter
1574 1604 1613 1634 et
1636 1595 1790 1634 iniuste

478 1665 635 1705 detinet
682 1665 828 1703 aliena.
883 1664 923 1703 Si
973 1677 1069 1717 ergo
1115 1678 1202 1703 non
1253 1664 1348 1703 licet
1385 1664 1509 1703 alicui
1548 1663 1787 1717 dispensare
1810 1685 1851 1706 20

478 1749 575 1775 cum
604 1735 746 1788 aliquo
780 1743 1080 1788 preceptorum
1113 1733 1290 1784 domini,
1326 1733 1597 1773 manifestum
1630 1734 1793 1773 videtur

478 1806 594 1859 quod
627 1819 713 1844 non
738 1805 921 1844 subiacet
943 1803 1141 1857 potestati
1161 1803 1344 1842 humane
1367 1802 1626 1855 privilegi-are
1648 1803 1793 1843 locum

478 1875 543 1914 vel
575 1874 811 1926 hominem,
851 1884 897 1914 ut
936 1874 1057 1913 liceat
1089 1873 1166 1912 sibi
1199 1872 1335 1912 vivere
1368 1882 1512 1912 contra
1544 1874 1794 1912 mandatum

479 1944 755 1984 dominicum.
810 1944 863 1983 Et
912 1943 977 1982 hic
1021 1942 1226 1982 mirantur
1264 1942 1472 1994 nonnulli,
1518 1956 1612 1981 cum
1652 1942 1703 1982 sit
1741 1943 1792 1981 ad

479 2014 745 2067 privilegium
776 2014 879 2054 locis
903 2013 1054 2052 sanctis
1078 2013 1191 2066 quod
1217 2012 1451 2052 eximantur
1482 2026 1504 2050 a
1537 2025 1793 2065 quocunque
1811 2023 1850 2054 25

205 2097 327 2124 cnm-en
350 2097 449 2131 digni·
479 2084 665 2124 tumultu
690 2083 883 2123 secularis
907 2083 1084 2136 negocii,
1108 2083 1327 2135 quomodo
1344 2082 1577 2135 superiores
1593 2081 1792 2134 prepositi

197 2132 454 2194 ntgts'iiiosxiioflii‘is
480 2154 662 2205 ecclesie,
708 2154 863 2193 scilicet
908 2153 1106 2206 episcopi,
1140 2152 1298 2205 priores
1344 2161 1383 2191 et
1424 2151 1591 2190 abbates
1635 2152 1793 2190 nedum

194 2202 452 2263 etti-htghtfficiffiid
478 2224 729 2276 permittunt
751 2224 823 2263 sed
846 2223 1067 2262 vendicant
1090 2232 1136 2261 ut
1168 2221 1435 2274 privilegium
1459 2231 1499 2260 et
1530 2220 1794 2273 pertinaciter

274 2272 381 2307 yffi*
480 2293 725 2344 defendunt,
772 2294 889 2347 quod
932 2293 975 2332 in
1020 2292 1202 2332 ecclesiis
1246 2291 1329 2330 suis
1374 2305 1419 2330 ac
1460 2290 1670 2330 cimiteriis
1709 2291 1792 2329 suis

479 2363 561 2403 sint
594 2363 781 2403 nundine
814 2373 853 2403 et
885 2362 1083 2403 secularia
1122 2361 1294 2414 negocia
1333 2374 1415 2414 que
1453 2374 1674 2414 nunquam
1705 2360 1792 2400 sine
1810 2371 1851 2403 '30

479 2433 578 2472 dolo
603 2443 642 2473 et
671 2433 842 2472 crimine
867 2432 1087 2485 multiplici
1119 2440 1372 2471 exercentur.
1408 2431 1520 2470 Cum
1542 2439 1684 2470 autem
1707 2444 1792 2469 non

479 2513 538 2542 est
570 2502 770 2555 possibile
805 2511 851 2541 ut
883 2503 968 2541 duo
1003 2502 1209 2542 contraria
1241 2501 1322 2540 sint
1361 2501 1486 2540 simul
1524 2499 1793 2553 privilegium

479 2573 613 2611 eidem
638 2572 820 2624 ecclesie,
844 2571 1116 2612 manifestum
1147 2580 1206 2611 est
1229 2572 1344 2625 quod
1367 2571 1431 2610 vel
1456 2578 1622 2623 oportet
1645 2583 1793 2623 negare

478 2642 742 2695 privilegium
768 2642 867 2681 iuris
891 2642 1017 2681 divini
1043 2656 1089 2681 ac
1112 2641 1211 2681 iuris
1235 2639 1423 2681 canonici
1448 2641 1496 2679 de
1521 2639 1794 2692 exempcione

529 2820 564 2839 11.
586 2812 607 2839 B
628 2812 657 2840 in
677 2821 773 2847 marg.
796 2820 879 2840 man.
895 2812 961 2840 alt.:
988 2811 1119 2840 Furtum
1135 2812 1165 2839 in
1187 2811 1327 2839 ecclesia.
1472 2818 1512 2845 ¹7·
1543 2810 1580 2836 B:
1606 2809 1645 2837 sit
1665 2808 1791 2845 privile-

477 2857 587 2892 giator.
732 2858 771 2886 31.
793 2860 821 2886 A
842 2858 871 2885 in
893 2867 1008 2894 marg:
1036 2858 1218 2886 Conclusio.
