2051 3343
237 250 322 278 CAP.
347 241 385 298 1.]
740 256 798 287 DE
825 256 1058 288 ECCLEsiA.
1811 251 1828 287 5

83 371 112 404 O
136 369 213 403 128¹³
231 358 480 399 continuans
512 361 701 399 membra
731 360 840 399 illius
873 361 1078 413 corporis,
1123 360 1229 400 foret
1267 375 1364 413 ergo
1399 373 1542 402 contra

229 429 453 481 racionem,
497 430 562 468 vel
606 430 721 483 quod
758 443 938 482 sponsus
968 429 1010 468 in
1043 443 1221 482 persona
1252 431 1432 483 propria,
1476 433 1541 471 vel

140 509 215 541 1280
230 500 345 552 quod
376 499 480 539 alius
504 513 553 538 ex
574 499 847 551 permissione
870 513 944 538 sua
965 499 1137 539 laniaret
1158 513 1359 553 sponsam
1381 515 1503 540 suam
1517 499 1541 527 ²³²

229 567 432 607 divisione
477 578 626 607 eterna.
672 569 831 607 Ymmo
876 568 1032 608 claudit
1079 570 1463 622 contradictorium,
1508 571 1540 610 si

195 651 211 684 5
228 637 331 676 bene
353 637 588 690 inspicitur,
623 650 720 677 curn
741 637 914 676 Jeremie
937 638 1105 688 XXX10‚
1132 637 1168 689 3,
1193 638 1268 677 sibi
1292 638 1458 679 dicitur:
1486 640 1537 679 In

225 708 405 746 caritate
430 712 644 759 perpetua
677 707 810 746 dilexi
843 712 892 746 te.
926 707 1005 746 Ista
1036 707 1162 759 igitur
1194 716 1232 746 et
1264 721 1349 747 non
1381 709 1538 761 lapides

225 785 284 815 est
316 784 447 816 mater
478 784 620 815 nostra
657 789 730 828 per
761 775 907 815 orbem
944 785 1147 816 terrarum
1179 776 1381 817 confitens
1414 788 1539 831 caput

224 858 361 885 suum.
417 845 650 893 Quomodo
695 858 826 898 queso
866 854 953 884 tam
984 854 1150 898 potens,
1194 855 1280 885 tam
1313 847 1467 886 sciolus
1500 857 1539 888 et

223 923 308 953 tam
341 914 573 966 benivolus,
617 914 723 954 sicut
768 923 827 953 est
869 914 1049 953 increata
1087 915 1260 966 trinitas,
1306 917 1538 957 eternaliter

170 1007 208 1028 10
223 983 391 1036 eligeret
421 983 497 1022 sibi
530 997 730 1036 sponsam
763 997 891 1036 quam
925 983 1101 1023 finaliter
1130 983 1390 1038 repudiaret?
1422 987 1538 1026 Patet

221 1066 317 1106 ergo
347 1066 394 1091 ex
416 1052 496 1091 fide
519 1062 558 1092 et
580 1052 817 1106 signacione
839 1053 942 1105 quid
975 1054 1157 1093 nominis
1188 1055 1363 1095 ecclesie
1394 1056 1535 1095 catho-

220 1123 301 1162 lice
331 1122 448 1175 quod
478 1122 567 1175 ipsa
599 1131 659 1162 est
691 1135 838 1161 omnes
864 1123 1132 1175 predestinati
1154 1113 1378 1176 presentes,
1402 1135 1534 1178 prete·

219 1192 285 1231 riti
317 1200 357 1230 et
392 1191 533 1233 futuri.

169 1274 204 1307 D
277 1263 338 1301 Ex
369 1262 455 1302 istis
478 1270 712 1315 sequuntur
732 1261 870 1314 alique
894 1262 1200 1303 conclusiones.
1233 1263 1385 1316 Prima,
1418 1267 1534 1318 quod
1564 1268 1646 1307 ,Fisst
1678 1272 1804 1299 conclu-

1547 1312 1626 1331 smn.
1664 1305 1713 1332 No
1740 1306 1822 1341 Pope

166 1344 202 1377 15
219 1332 358 1372 nullus
402 1331 579 1371 vicarius
612 1330 764 1371 Christi
816 1332 938 1372 debet
982 1346 1223 1385 presumere
1270 1347 1449 1373 asserere
1492 1340 1822 1404 setSllffiulfileprgsuffig

217 1415 303 1441 esse
335 1410 460 1454 caput
491 1401 660 1441 ecclesie
692 1410 832 1442 sancte
864 1402 1078 1454 catholice,
1111 1418 1258 1457 ymmo
1291 1404 1369 1443 nisi
1400 1404 1531 1444 habu·
1576 1409 1791 1473 Hefflu‘ssgffhis

216 1471 291 1510 erit
335 1471 557 1524 specialem
603 1471 923 1523 revelacionem,
980 1485 1066 1512 non
1110 1483 1307 1514 assereret
1359 1488 1401 1513 se
1445 1488 1532 1514 esse
1743 1466 1749 1473 ⁸

214 1541 387 1593 aliquod
418 1540 659 1580 membrum
692 1540 792 1581 eius.
827 1542 944 1581 Patet
976 1555 1023 1581 ex
1055 1542 1135 1582 hoc
1158 1544 1274 1596 quod
1308 1543 1530 1596 capitalem

212 1610 323 1649 illius
356 1610 526 1650 ecclesie
549 1618 716 1663 oportet
738 1623 824 1649 esse
850 1624 974 1663 super
997 1624 1144 1651 omnes
1168 1613 1338 1666 angelos
1372 1614 1528 1665 beatos,

157 1702 199 1724 20
213 1693 309 1719 cum
342 1679 420 1732 ipsi
444 1680 526 1719 sint
547 1679 735 1719 membra
756 1679 865 1719 illius
898 1680 1079 1732 ecclesie,
1113 1683 1229 1735 quod
1260 1683 1336 1722 soli
1360 1682 1527 1723 Christo

214 1758 353 1802 potest
384 1757 620 1802 competere
657 1749 763 1788 inter
794 1762 941 1789 omnes
976 1750 1293 1802 predestinatos,
1332 1761 1377 1792 ut
1414 1762 1527 1805 patet

214 1819 342 1859 Hebr.
361 1819 409 1870 10,
441 1831 480 1869 4.
520 1819 630 1857 Nam
667 1819 791 1858 Rom.
817 1819 867 1870 10,
899 1831 940 1870 4,
981 1819 1130 1860 dicitur
1172 1820 1384 1861 Christum
1433 1836 1524 1862 esse

207 1888 574 1941 predestinatzmz;
630 1898 668 1928 et
712 1888 768 1927 sic
813 1889 981 1929 ecclesia
1035 1899 1095 1929 est
1139 1891 1279 1929 solum
1322 1904 1524 1932 numerus
1574 1907 1621 1934 No
1643 1917 1779 1936 onecan

212 1957 605 2010 predestinatorum.
638 1957 754 1997 Sicut
786 1958 910 2011 igitur
940 1959 1072 1998 homo
1116 1960 1203 1999 sine
1248 1961 1414 2013 speciali
1458 1977 1521 2001 re·
1549 1943 1641 2004 {3101qu
1654 1944 1804 2012 llichissllt‘is

154 2038 193 2070 25
210 2027 423 2067 velacione
467 2041 554 2066 non
598 2037 795 2067 assereret
835 2028 921 2067 sine
954 2028 1179 2069 formidine
1223 2044 1265 2069 se
1310 2044 1397 2071 esse
1428 2046 1520 2085 pre-
1635 2017 1714 2040 nate.

210 2097 479 2149 destinatum,
524 2097 580 2136 sic
625 2110 700 2136 nec
745 2106 940 2137 assereret
984 2111 1025 2136 se
1070 2112 1156 2138 esse
1188 2100 1442 2152 membrum,
1485 2111 1524 2141 et

207 2180 280 2219 per
312 2179 584 2220 consequens,
617 2179 704 2206 non
737 2176 862 2219 caput
893 2167 1003 2206 illius
1053 2168 1233 2208 ecclesie.
1280 2171 1399 2209 Unde
1432 2175 1520 2211 Au-

207 2236 398 2288 gustinus
440 2249 564 2289 super
602 2236 814 2289 psalmum
848 2236 1074 2276 CXXXFlm
1114 2247 1342 2292 postquam
1381 2250 1520 2280 osten-

207 2306 320 2345 derat
362 2307 477 2359 quod
518 2306 683 2346 nullum
727 2315 993 2360 preterquam
1026 2308 1205 2348 domum
1237 2323 1356 2348 suam
1394 2324 1517 2350 exau-

151 2386 192 2418 30
208 2375 267 2414 dit
289 2374 401 2414 Deus
435 2376 485 2414 ad
510 2375 638 2416 vitam
662 2385 865 2416 eternam:
900 2376 978 2416 Ille
1003 2377 1138 2431 inquit
1160 2378 1216 2417 ad
1238 2379 1409 2418 domum
1434 2380 1519 2420 Dei

1580 2199 1763 2233 Augustino.

263 2508 282 2526 1.
305 2500 342 2526 B:
364 2499 441 2528 foret
461 2499 562 2534 igitur.
674 2501 698 2527 5.
721 2499 741 2526 Β
762 2501 792 2528 in
814 2508 916 2535 marg:
937 2500 1079 2529 Jeremie.
1188 2510 1228 2529 ιο.
1252 2502 1291 2529 b':
1311 2505 1393 2532 Patet
1414 2503 1515 2539 igitur.

205 2555 237 2573 ιι.
260 2545 281 2572 Β
303 2545 333 2572 in
354 2554 456 2581 marg:
478 2546 561 2581 Quid
583 2550 628 2574 est
648 2546 787 2574 ecclesia.
900 2555 941 2580 14.
962 2547 1024 2575 AB
1045 2547 1074 2575 in
1096 2556 1199 2582 marg:
1222 2549 1324 2577 Prima
1344 2551 1516 2578 conclusio.

204 2594 231 2619 A
250 2592 280 2619 in
301 2600 404 2627 marg:
430 2592 539 2619 Nullus
566 2600 646 2628 papa
673 2593 763 2621 debet
789 2602 821 2621 se
848 2602 1029 2629 presumere
1059 2603 1125 2622 esse
1155 2601 1246 2630 caput
1266 2595 1355 2623 liuius
1378 2597 1515 2624 ecclesie.

202 2646 245 2665 22.
262 2638 283 2665 B
304 2638 333 2665 in
355 2646 455 2674 marg:
477 2639 572 2666 Hebr.
585 2639 606 2666 Ι,
620 2639 705 2666 Rom.
719 2640 740 2666 I.
813 2648 858 2675 27.
880 2641 956 2675 AAl
972 2640 999 2668 in
1017 2649 1118 2675 marg:
1133 2642 1338 2677 Augustinus.
1407 2642 1450 2670 28.
1473 2643 1512 2670 ss:

203 2687 389 2714 ostenderet.
410 2687 497 2721 AAI:
518 2688 694 2715 ostenderit.
716 2688 853 2716 Correxi.
876 2688 987 2724 Comp.
1010 2689 1108 2716 below
1133 2689 1245 2716 Alinea
1266 2689 1303 2716 O.
1405 2697 1452 2726 29.
1476 2690 1513 2716 13:

203 2737 304 2767 preter
324 2733 468 2768 domum3
495 2734 535 2761 ib.
558 2735 587 2762 in
610 2742 704 2770 marg.
725 2734 852 2763 Nullum
874 2741 977 2771 preter
997 2736 1124 2763 domum
1146 2743 1233 2763 suam
1254 2736 1337 2763 audit
1360 2736 1396 2763 ad
1416 2738 1510 2764 vitam

202 2782 347 2806 eternam.

261 2872 313 2905 28.
340 2875 517 2907 Enarratio
545 2875 579 2907 in
605 2877 691 2919 psal.
723 2877 794 2909 131.
823 2878 914 2920 Opp.
943 2880 997 2920 IV,
1027 2890 1054 2920 2,
1089 2890 1182 2922 1477.
