2051 3273
249 218 332 268 406

302 1107 370 1135 The
390 1112 484 1135 terms

276 1142 417 1178 “genus”
437 1142 497 1170 and

276 1177 442 1214 “species''
464 1185 515 1204 are

272 1219 326 1241 not
346 1211 518 1248 applicable

324 1252 355 1275 to
374 1247 459 1275 faith.

266 2016 334 2043 The
354 2014 474 2051 subject
494 2014 524 2042 in

303 2051 402 2078 which
423 2049 498 2077 saith

292 2085 385 2113 exists
406 2085 430 2112 is
451 2085 500 2112 the

298 2120 381 2156 body
401 2120 437 2148 of
452 2121 502 2147 the

332 2155 466 2183 Church.

967 221 1193 256 JOHANNIS
1220 222 1419 254 WYCLIF.
1638 208 1744 266 [CAP.
1760 218 1856 247 xvn.

538 331 634 371 aliis
669 343 752 370 non
787 330 879 383 ipsa
911 328 986 369 sed
1015 328 1178 368 similis.
1212 327 1308 368 Non
1343 327 1451 367 enim
1486 339 1571 366 una
1595 333 1658 367 est
1679 336 1953 370 numer-0185*
1974 337 2007 371 L

537 400 611 442 sed
652 413 812 454 genere
848 404 1028 452 propter
1070 396 1406 449 similitudinem,
1444 403 1583 436 tamen
1616 403 1654 436 et
1693 391 1857 436 nullam

539 470 821 511 diversitatem
856 468 996 521 magis
1030 480 1160 506 unam
1193 466 1372 506 dicimus
1405 479 1498 506 esse
1529 479 1656 519 quam
1686 467 1856 507 multas.

540 540 651 580 Nam
699 539 804 579 duos
849 538 1036 578 homines
1082 537 1321 577 simillimos
1359 549 1454 576 cum
1486 535 1688 586 uidemus,
1729 549 1857 576 unam

525 610 693 664 faciem
726 608 882 649 habere
913 607 1107 656 dicimus,
1126 606 1313 660 facilius
1346 606 1486 659 itaque
1518 605 1671 645 dicitur
1701 608 1892 647 multas5

540 680 708 720 animas
727 679 876 733 fuisse
907 678 1105 731 singulas
1140 676 1281 730 utique
1308 676 1599 730 singulorum,
1628 675 1679 716 de
1708 676 1858 730 quibus

541 750 698 804 legitur
729 750 770 788 in
803 748 963 788 actibus
992 747 1292 801 Apostolorum
1322 745 1433 800 quod
1466 746 1523 786 eis
1541 746 1688 800 fuerit
1716 747 1859 786 anima

541 833 642 871 una,
677 819 892 872 quoniam,
927 818 995 857 ubi
1016 817 1125 857 dixit
1145 817 1400 869 Apostolus:
1437 816 1530 856 Una
1547 815 1677 870 fides,
1710 822 1768 855 tot
1789 829 1860 856 eas

542 890 767 943 quisquam
790 887 918 928 audet
939 887 1076 927 dicere
1098 893 1198 940 quot
1210 886 1380 941 fideles.
1405 885 1461 925 Et
1482 893 1621 926 tamen
1644 887 1717 940 qui
1736 886 1859 926 dixit:

549 959 585 999 O
610 959 765 999 mulier
797 971 959 1011 magna
992 963 1054 997 est
1068 956 1184 1011 fides
1217 962 1305 1006 tua,
1335 962 1374 995 et
1402 956 1552 995 alteri:
1572 956 1738 997 Modice
1753 956 1863 1010 fidei
1883 973 1921 995 10

543 1042 678 1083 quare
709 1028 942 1068 dubitasti?
971 1041 1095 1068 suam
1128 1027 1278 1081 cuique
1309 1039 1400 1066 esse
1429 1027 1586 1080 signat.

603 1099 665 1138 Ex
688 1097 774 1137 istis
797 1106 941 1137 notare
964 1105 1102 1151 potest
1123 1096 1284 1149 logicus
1306 1096 1422 1149 quod
1440 1096 1703 1149 Augustinus
1724 1096 1861 1150 loqui·
1876 1103 1917 1137 M

545 1176 612 1208 tur
643 1168 693 1207 de
724 1166 806 1207 fide
829 1180 911 1220 que
946 1174 1006 1206 est
1039 1165 1267 1206 multitudo
1294 1166 1517 1206 habituum
1550 1166 1741 1206 credendi
1764 1165 1789 1194 ἧς
1810 1166 1860 1206 ab
1879 1170 1956 1206 185b

546 1251 632 1278 uno
656 1236 863 1291 principio
892 1235 1131 1276 infusorum
1154 1244 1192 1275 et
1214 1249 1289 1275 nec
1312 1236 1362 1275 de
1384 1249 1534 1290 genere
1556 1249 1630 1276 nec
1653 1236 1703 1275 de
1725 1236 1890 1290 speciel

545 1307 696 1361 logico,
731 1306 829 1361 quia
859 1306 964 1346 illud
996 1305 1228 1345 universale
1259 1319 1346 1345 non
1378 1305 1523 1359 recipit
1551 1305 1860 1359 predicaciones
1879 1312 1916 1346 15

545 1376 791 1418 huiusmodi
828 1375 1085 1429 peregrina83
1132 1389 1232 1414 nam
1263 1376 1315 1415 ad
1347 1375 1505 1429 species
1536 1376 1639 1416 tales
1670 1375 1858 1416 acciden-

547 1448 658 1488 cium
705 1460 792 1486 non
836 1454 898 1486 est
944 1454 1099 1497 motUS,
1144 1446 1216 1485 sed
1273 1446 1325 1485 ad
1383 1454 1519 1499 partes
1566 1446 1860 1499 quantitativas

546 1517 706 1571 generis
750 1516 868 1571 quod
913 1525 974 1556 est
1018 1515 1249 1556 multitudo
1295 1515 1564 1555 dissimilium
1610 1515 1861 1570 qualitatum

547 1588 619 1627 sed
662 1586 778 1627 nulla
810 1600 966 1626 earum.
999 1586 1118 1626 Patet
1149 1586 1334 1626 secundo
1368 1586 1483 1640 quod
1514 1585 1616 1626 fides
1655 1600 1737 1640 que
1776 1591 1900 1627 cre-2

548 1657 658 1697 ditur
701 1665 762 1697 est
805 1656 954 1696 veritas
992 1656 1043 1696 de
1075 1655 1270 1709 presenti,
1303 1656 1353 1695 de
1386 1655 1584 1709 preterito
1616 1656 1680 1695 vel
1720 1655 1861 1696 futuro
1876 1669 1920 1692 20

549 1736 588 1767 et
632 1740 716 1766 non
767 1726 994 1766 subiective
1038 1726 1080 1765 in
1127 1726 1330 1776 credente,
1381 1734 1421 1765 et
1463 1739 1537 1779 per
1586 1739 1862 1779 consequens,

549 1796 693 1838 omnia
731 1810 813 1850 que
853 1795 1021 1836 fuerunt
1051 1796 1118 1835 vel
1151 1804 1272 1836 erunt
1303 1804 1402 1836 sunt
1433 1809 1510 1849 pro
1545 1809 1621 1836 suo
1654 1804 1862 1849 tempore;

549 1866 666 1906 aliter
714 1865 827 1906 enim
883 1879 969 1905 non
1023 1865 1175 1905 diceret
1220 1865 1483 1919 Augustinus
1527 1866 1643 1919 quod
1689 1880 1735 1905 ea
1784 1880 1864 1920 que

550 1936 775 1976 creduntur
825 1944 922 1975 sunt
972 1935 1015 1974 in
1067 1936 1189 1975 rebus
1235 1935 1342 1975 sicut
1389 1935 1549 1975 articuli
1591 1935 1774 1989 preteriti
1826 1944 1865 1976 et

549 2005 690 2045 futuri.
719 2006 773 2046 Et
799 2006 964 2059 gaudeo
987 2005 1116 2045 tercio
1139 2006 1257 2059 quod
1280 2005 1477 2059 magistra
1500 2013 1539 2045 et
1560 2014 1692 2046 mater
1722 2015 1862 2046 nostra
1878 2019 1919 2052 25

550 2075 753 2129 scriptura
794 2074 921 2115 habet
959 2083 1083 2115 testes
1128 2074 1367 2115 conformes
1411 2075 1562 2116 sanctis
1608 2075 1863 2128 doctoribus,

552 2145 639 2185 eius
685 2144 964 2185 eminenciam
1008 2152 1260 2193 attestanteS,
1301 2144 1358 2185 sic
1398 2153 1538 2185 tamen
1572 2146 1688 2199 quod
1727 2146 1865 2186 dicant

552 2223 859 2269 consequenter
901 2214 1017 2254 illam
1061 2228 1191 2254 unam
1235 2213 1360 2254 fidem
1400 2214 1550 2255 habere
1594 2229 1729 2255 unum
1768 2217 1865 2256 sub-

552 2285 707 2325 iectum
729 2285 845 2339 quod
878 2293 939 2324 est
971 2298 1122 2338 corpus
1151 2284 1334 2337 ecclesie,
1359 2293 1397 2325 et
1419 2293 1519 2326 tunc
1542 2294 1709 2339 oportet
1731 2285 1865 2326 dicere

553 2355 669 2409 quod
713 2354 817 2394 illud
865 2369 1016 2408 corpus
1069 2354 1320 2408 dispergitur
1370 2354 1477 2395 inter
1527 2363 1665 2408 patres
1716 2355 1864 2396 veteris
1878 2367 1922 2400 30

553 2424 792 2465 testamenti
825 2433 912 2465 tam
944 2425 1132 2465 Hebreos
1171 2438 1300 2478 quam
1332 2425 1505 2478 gentiles
1537 2434 1576 2465 et
1608 2438 1695 2465 non
1734 2434 1865 2465 artare

552 2494 694 2547 ipsum
737 2494 789 2534 ad
833 2503 1001 2548 tempus
1048 2503 1144 2548 post
1186 2503 1370 2535 mortem
1414 2494 1569 2536 Christi
1612 2503 1652 2535 et
1696 2503 1865 2549 gentem

551 2564 710 2617 vulgari
743 2563 915 2604 nomine
947 2564 1229 2605 christianam.

604 2762 632 2787 0.
652 2765 678 2793 7.
699 2757 739 2785 B:
761 2757 798 2785 de
818 2757 931 2792 quibus
953 2757 1108 2793 loquitur3
1133 2756 1163 2784 in
1184 2760 1267 2784 textu
1287 2758 1389 2792 Aug.:
1409 2757 1552 2792 legimus.
1626 2765 1652 2793 7.
1673 2758 1712 2786 B:
1734 2758 1777 2786 eis
1797 2757 1863 2786 fuit.

554 2803 582 2833 8.
598 2812 626 2839 9.
649 2804 687 2831 B:
708 2808 752 2831 tot
767 2812 818 2832 eas
835 2804 966 2839 quisque
981 2804 1074 2831 audet
1094 2803 1204 2838 dicere,
1227 2808 1301 2839 quot
1320 2803 1404 2831 fides.
1516 2812 1557 2840 ¹9·
1579 2803 1618 2831 B:
1638 2804 1712 2832 fides
1728 2808 1774 2832 est
1793 2812 1862 2839 que.

552 2850 595 2879 23.
616 2858 662 2884 24.
684 2849 720 2876 B:
743 2857 804 2885 que
823 2850 1000 2878 credantur.
