2051 3273
227 200 301 237 308
940 209 1162 241 JOHANNIS
1190 210 1383 241 WYCMF.
1612 199 1713 252 [ow.
1735 207 1816 235 xiv.

569 313 760 353 Christus
795 313 908 352 enim
941 322 999 352 est
1032 313 1126 365 plus
1153 313 1362 365 obligatus
1387 322 1569 353 creature
1594 327 1666 353 sue
1689 328 1817 367 quam
1839 325 1913 367 172b
1938 326 1969 358 F

511 392 692 433 econtra,
738 397 835 422 cum
883 397 930 422 ex
974 384 1064 436 lege
1108 397 1181 422 sua
1241 392 1380 422 eterna
1427 393 1466 422 et
1511 384 1634 423 titulo
1685 385 1817 437 gracie

508 452 785 505 prevenientis
830 452 1048 491 constituit
1087 466 1130 491 se
1170 453 1404 491 debitorem
1437 452 1520 492 suis
1555 454 1678 492 servis
1716 453 1813 493 fide⁴

509 523 630 574 libus7
664 536 750 561 non
784 531 829 561 ut
862 522 999 561 solum
1034 522 1147 561 daret
1180 522 1236 560 eis
1269 522 1430 561 bonum
1452 522 1626 575 aliquod
1654 531 1816 575 tempo-

508 593 602 643 rale,
627 593 697 630 sed
720 601 766 631 ut
783 592 897 631 daret
912 592 969 631 eis
992 605 1032 630 se
1056 591 1252 644 ipsumin
1268 591 1479 644 premium
1494 592 1819 644 sempiternum3
1837 603 1852 634 5

509 671 676 701 tantum
727 670 869 701 autem
922 674 1008 700 non
1061 670 1201 714 potest
1249 670 1435 700 creatura
1480 663 1598 701 beata
1645 662 1820 702 domino

509 731 696 783 obligari,
742 740 782 770 et
826 731 882 770 sic
927 740 1091 770 tenetur
1135 732 1326 770 sacerdos
1371 732 1599 784 rependere
1646 731 1820 771 subditis

507 800 741 853 spirituales
774 801 1037 840 elemosinas,
1063 801 1160 840 Ideo
1186 799 1249 856 (ut
1283 801 1364 840 dixi
1397 802 1592 854 proximo
1616 799 1817 855 capitulo)

508 869 700 909 deficiens
718 885 741 909 a
757 870 1044 910 satisfaccione
1066 870 1175 910 illius
1195 870 1322 909 debiti
1346 870 1508 922 gravius
1528 871 1819 911 excommuni-

508 949 623 979 catur
656 954 678 978 a
713 940 902 991 domino,
936 950 975 980 et
1006 953 1080 993 per
1112 954 1374 994 consequens
1408 941 1684 993 periculosius
1713 941 1877 983 caditm

507 1010 549 1048 in
581 1010 761 1049 heresim
793 1010 832 1049 in
868 1019 1033 1050 tantum
1066 1011 1195 1063 quod,
1235 1011 1266 1048 si
1300 1011 1411 1050 Deus
1444 1024 1517 1063 per
1559 1010 1820 1063 impossibile

507 1078 699 1119 deficeret
751 1094 773 1119 a
825 1080 965 1119 debito
1019 1081 1069 1118 ad
1123 1081 1239 1133 quod
1283 1094 1324 1118 se
1370 1080 1582 1133 obligavit,
1635 1080 1819 1134 graciose

509 1149 797 1201 promittendo
821 1159 859 1188 et
876 1149 1073 1189 meritum
1089 1150 1362 1202 proficiendo,
1386 1150 1473 1202 ipse
1497 1149 1604 1189 foret
1627 1163 1819 1189 summus

506 1218 721 1258 hereticus.
759 1219 845 1258 Nec
878 1219 1060 1258 feramus
1095 1220 1270 1272 graviter
1293 1221 1410 1273 quod
1440 1229 1820 1273 quantumcunque

506 1288 665 1327 nobiles
705 1290 847 1341 quoad
880 1290 1092 1328 mundum
1124 1290 1175 1328 ad
1208 1299 1374 1329 tantum
1413 1304 1454 1329 se
1486 1290 1713 1329 humilient
1742 1303 1818 1342 pro
1840 1297 1875 1330 15

507 1357 674 1397 Christo
714 1359 830 1411 quod
871 1359 1095 1398 deveniant
1127 1359 1406 1398 elemosinarii
1440 1373 1674 1412 pauperum
1719 1359 1818 1398 sub-

506 1427 705 1478 ditorum,
753 1437 846 1467 tum
890 1428 989 1481 quia
1033 1428 1222 1468 Christus
1256 1428 1543 1467 nobilissimus
1576 1428 1731 1481 recepit
1769 1429 1819 1467 ad

508 1497 570 1535 sui
605 1497 820 1550 egenciam
848 1499 1115 1537 relevandam
1139 1507 1223 1537 tam
1250 1512 1272 1537 a
1294 1498 1390 1537 viris
1414 1498 1668 1537 secularibus
1691 1512 1821 1551 quam

506 1581 529 1605 a
562 1567 723 1606 devotis
769 1567 934 1606 feminis
980 1567 1231 1606 elemosinas
1281 1567 1529 1619 corporaleS,
1564 1576 1657 1607 tum
1689 1567 1820 1606 eciam

507 1637 604 1690 quia
649 1651 696 1676 ex
741 1637 810 1676 tali
855 1637 1156 1676 humiliacione
1190 1646 1229 1676 et
1262 1637 1481 1676 ministerii
1528 1637 1819 1690 complecione
1837 1657 1878 1678 20

507 1706 650 1746 crescit
683 1707 883 1759 prepositi
916 1707 1129 1748 maioritas
1163 1708 1304 1760 quoad
1335 1708 1486 1746 Deum.

216 1786 439 1826 Timresliouiqi
454 1788 491 1815 be
565 1776 629 1815 Sic
663 1790 760 1830 ergo
794 1791 878 1815 non
912 1786 971 1816 est
1003 1777 1144 1830 quoad
1176 1776 1255 1816 hoc
1289 1776 1506 1815 distinccio
1534 1777 1639 1816 inter
1663 1776 1871 1828 fratreS,Gr

225 1823 479 1884 οἿΟεέοΙῗιῐιᾞςὲῧὲ
507 1846 612 1885 inter
664 1847 998 1898 possessionatos
1051 1856 1090 1885 et
1141 1846 1247 1884 inter
1299 1856 1477 1897 curatos,
1529 1846 1715 1886 viventes
1768 1846 1818 1885 de

217 1892 440 1964 segiiigrkiebrii}
454 1893 489 1918 all
507 1916 678 1955 decimis
713 1925 751 1955 et
784 1916 1089 1965 oblacionibus,
1124 1915 1223 1968 quin
1258 1929 1405 1954 omnes
1450 1916 1651 1955 debemus
1683 1916 1818 1955 vivere

219 1961 827 2038 ShOiiindiiilnesimlyexproprietarie
860 1987 909 2025 de
943 1985 1183 2024 elemosinis
1215 1985 1421 2024 laicorum
1454 1994 1493 2024 et
1515 1999 1661 2024 omnes
1697 1986 1818 2024 debe·
1837 1993 1875 2026 25

505 2069 599 2094 mus
633 2069 719 2094 esse
752 2066 1058 2108 procuratores,
1093 2068 1178 2093 non
1218 2054 1357 2093 civiles
1389 2068 1649 2107 possessores
1683 2055 1817 2094 bono-

504 2139 599 2164 rum
633 2139 881 2178 pauperum,
920 2125 1032 2163 iuxta
1073 2133 1319 2176 preceptum
1355 2123 1509 2164 Christi
1542 2124 1714 2164 Matthei
1747 2124 1818 2174 XO,

506 2208 580 2233 nec
613 2204 751 2247 potest
796 2194 1084 2234 conventualis
1131 2195 1397 2234 conversacio
1429 2195 1495 2233 vel
1528 2194 1710 2233 solitaria
1747 2202 1819 2232 aut

504 2264 685 2316 prelacia
728 2265 863 2304 maior
909 2265 973 2303 vel
1017 2264 1156 2303 minor
1200 2265 1345 2303 tollere
1380 2265 1459 2303 hoc
1494 2264 1699 2314 debitum,
1747 2264 1818 2302 sed

505 2348 653 2373 omnes
705 2343 899 2373 tenemur
953 2347 1040 2373 esse
1091 2333 1232 2372 fideles
1279 2334 1585 2386 dispensatores
1636 2332 1875 2373 thesauriso

506 2403 730 2455 spiritualis
762 2404 827 2442 vel
861 2403 1089 2456 corporalis
1123 2403 1283 2443 domini
1317 2405 1551 2443 secundum
1576 2416 1817 2442 mensuram

505 2473 751 2511 donacionis
786 2472 962 2523 Christi;
1015 2473 1071 2510 illi
1105 2482 1247 2512 autem
1281 2482 1377 2512 sunt
1410 2473 1642 2525 superiores
1676 2471 1817 2524 quoad

505 2543 641 2581 Deum
665 2543 735 2595 qui
760 2542 887 2581 instar
910 2543 1204 2594 apostolorum
1227 2543 1321 2594 plus
1345 2544 1578 2582 deserentes
1606 2542 1818 2580 mundum

504 2612 711 2651 seminant
755 2612 961 2652 efficacius
995 2613 1170 2651 verbum
1203 2612 1290 2652 Dei.
1337 2613 1459 2651 Unde
1492 2611 1594 2651 ritus
1627 2610 1818 2650 moderni

563 2744 582 2762 1.
606 2738 632 2763 A
652 2736 682 2763 in
704 2745 817 2773 marg:
839 2737 1020 2765 Conclusio.
1166 2744 1208 2764 22.
1229 2738 1258 2764 A
1279 2737 1307 2764 iu
1331 2745 1445 2772 marg.:
1469 2736 1652 2764 Conclusio.

563 2820 592 2851 8.
623 2821 708 2851 Vide
735 2832 837 2863 supra
867 2832 942 2863 pag.
973 2820 1036 2864 290
1064 2828 1096 2852 et
1122 2831 1195 2862 seq.
