2051 3343
173 229 226 267 40

890 220 1113 253 JOHANNIS
1139 219 1336 252 WYCLIF.
1629 205 1780 264 [CARII.

463 326 673 367 Simulant
705 325 818 364 enim
851 339 898 364 ex
938 325 1104 378 palliata
1136 323 1316 377 ypocrisi
1350 325 1465 377 quod
1497 324 1579 364 sint
1610 324 1682 363 filii
1705 324 1781 364 Dei
1801 335 1933 369 1330M

464 410 538 449 per
568 395 750 449 graciam
783 394 1030 447 adopcionis
1064 403 1102 434 et
1133 393 1215 433 filie
1248 394 1417 433 ecclesie
1440 394 1582 434 matris
1607 408 1680 434 sue
1703 407 1781 447 pro

464 466 582 506 cuius
616 464 775 504 iuribus
807 472 974 503 tantum
1001 464 1149 504 zelant.
1183 463 1395 503 Dicamus
1417 463 1553 516 inquit
1575 465 1781 516 scriptum

463 535 513 575 de
556 534 775 583 heretici&
822 546 903 573 non
956 534 1064 572 enim
1118 539 1311 573 nostram
1356 534 1536 572 salutem
1581 533 1656 572 sed
1702 545 1782 572 sua

462 611 646 658 querunt
679 604 817 652 lucra,
852 610 891 642 et
921 603 1141 655 deceptum
1164 615 1343 656 gregem
1360 592 1543 654 pedibus
1567 603 1658 641 suis
1681 615 1781 642 con·
1799 613 1815 645 5

462 680 616 716 terunt.
658 673 780 712 Pater
822 671 990 712 heretici
1035 681 1096 712 est
1127 672 1240 712 Deus
1279 671 1351 724 qui
1399 670 1550 711 creavit
1588 684 1699 723 eum,
1744 679 1784 711 et

464 752 597 783 mater
642 741 833 793 ecclesia3
875 755 1019 781 socrus
1057 741 1109 780 ad
1151 740 1312 780 literam
1351 749 1411 780 est
1447 748 1580 780 mater
1617 739 1782 780 alterius

464 812 708 864 coniugum.
742 814 820 851 Ast
851 824 956 850 uxor
988 810 1073 850 nati
1103 810 1252 850 dicitur
1274 823 1362 850 esse
1387 823 1530 861 nurus,
1565 823 1662 849 cum
1685 823 1782 864 ergo

465 881 654 922 Christus
694 881 929 921 secundum
968 880 1275 920 humanitatem
1314 879 1364 919 sit
1402 892 1587 932 sponsus
1626 883 1782 928 anime,

463 952 550 991 imo
583 951 718 990 tocius
752 950 942 1002 ecclesie·,
984 958 1023 990 et
1056 963 1154 989 cum
1186 950 1267 988 hoc
1300 957 1529 1002 conceptus
1561 950 1611 988 de
1637 949 1783 1002 spiritu
1801 970 1841 992 10

464 1028 608 1061 sancto
647 1029 867 1074 tamquam
906 1028 1036 1059 matre
1076 1032 1151 1059 sua
1182 1019 1296 1058 iuxta
1334 1018 1437 1057 illud
1480 1019 1597 1071 quod
1634 1019 1784 1071 allegat

463 1091 714 1143 Jeronymus
759 1121 767 1130 .
812 1123 820 1131 .
866 1120 874 1128 .
920 1122 928 1130 .
978 1088 1091 1128 Tulit
1123 1103 1188 1128 me
1221 1095 1358 1128 mater
1389 1100 1482 1127 mea
1515 1088 1556 1127 in
1591 1101 1675 1127 uno
1712 1099 1783 1127 ca-

459 1160 668 1214 pillorum
716 1172 908 1200 meorum
958 1158 1071 1209 (caro
1120 1158 1232 1198 enim
1279 1166 1339 1198 est
1384 1157 1557 1210 capillus
1610 1155 1782 1211 anime),

465 1238 578 1283 patet
622 1229 739 1283 quod
790 1228 959 1282 spiritus
1000 1236 1180 1279 sanctus,
1235 1241 1332 1267 cum
1370 1227 1421 1267 sit
1459 1236 1591 1267 mater
1629 1226 1783 1267 Christi

466 1299 610 1352 sponsi
643 1298 824 1350 ecclesie,
866 1306 927 1338 est
964 1311 1107 1337 socrus
1152 1297 1290 1337 anime
1335 1311 1415 1351 que
1461 1296 1653 1336 vendicat
1694 1308 1840 1341 esse15

466 1382 621 1422 sponsa
654 1368 821 1420 Christi,
854 1367 953 1421 quia
984 1375 1116 1406 mater
1147 1367 1296 1407 mariti.
1338 1368 1391 1407 Et
1423 1380 1471 1406 ex
1503 1366 1649 1406 eadem
1682 1379 1782 1405 con-

467 1437 722 1479 sideracione
773 1438 913 1477 anima
964 1437 1214 1490 pretendens
1266 1451 1308 1476 se
1352 1451 1440 1477 esse
1484 1449 1660 1476 uxorem
1711 1435 1783 1475 filii

467 1508 635 1561 spiritus
672 1507 802 1548 sancti
842 1507 992 1559 dicitur
1030 1520 1162 1546 nurus
1201 1506 1300 1546 eius.
1355 1505 1536 1546 Heretici
1576 1519 1673 1558 ergo
1712 1505 1785 1559 qui

466 1578 719 1630 pretendunt
751 1591 793 1617 se
826 1590 914 1616 esse
954 1590 1084 1616 nuros
1117 1575 1284 1629 spiritus
1318 1575 1447 1616 sancti
1481 1589 1608 1628 quem
1639 1574 1783 1614 vendi-

467 1656 561 1687 cant
599 1661 769 1687 socrum
806 1660 941 1699 suam,
988 1654 1232 1699 separantur
1274 1646 1324 1685 ab
1369 1659 1419 1685 eo
1463 1658 1535 1698 per
1569 1644 1785 1685 Christum
1801 1665 1843 1687 20

467 1718 627 1757 detecta
659 1730 808 1756 eorum
841 1715 1014 1767 fallacia,
1049 1724 1088 1755 et
1119 1715 1175 1755 ita
1208 1729 1305 1755 cum
1338 1714 1582 1754 universalis
1615 1714 1786 1754 ecclesia

465 1786 517 1826 sit
564 1786 718 1825 domus
762 1785 925 1825 domini
962 1785 1057 1825 Jesu
1098 1784 1266 1836 Christi,
1305 1793 1345 1824 et
1388 1797 1461 1837 per
1506 1797 1784 1837 consequens,

466 1869 616 1896 omnes
657 1855 825 1895 heretici
872 1855 944 1908 qui
989 1863 1087 1895 sunt
1130 1854 1357 1894 facietenus
1396 1854 1438 1893 in
1478 1854 1648 1894 ecclesia
1686 1862 1785 1894 sunt

467 1934 657 1979 pretense
690 1924 777 1964 eius
811 1924 1043 1977 domestici,
1077 1932 1191 1977 patet
1214 1924 1329 1977 quod
1352 1937 1499 1963 omnes
1524 1923 1582 1962 illi
1606 1932 1703 1963 sunt
1725 1923 1783 1962 illi

466 1994 630 2035 homini
662 1994 947 2047 patrifamilias
978 1993 1150 2034 inimici.
1184 1993 1332 2033 Huius
1365 1992 1501 2046 inquit
1532 1993 1783 2047 Jeronymus
1802 2001 1842 2034 25

467 2065 627 2104 inimici
657 2070 757 2104 sunt
787 2066 860 2116 qui
884 2070 1103 2117 putantur
1134 2064 1177 2103 in
1210 2062 1332 2103 domo
1370 2062 1526 2102 Christi
1559 2075 1663 2115 esse,
1709 2062 1785 2102 hoc

467 2178 576 2214 sponsi
602 2177 705 2205 anime
731 2185 785 2204 seu
813 2176 954 2203 ecclesie.
977 2176 1091 2203 Anima
1110 2184 1184 2203 vero
1205 2180 1249 2203 est
1270 2183 1365 2203 nurus
1386 2174 1513 2210 spiritus
1534 2175 1642 2211 sancti,
1663 2183 1732 2203 cum
1753 2184 1786 2203 se

468 2223 621 2260 pretendit
641 2231 708 2250 esse
729 2230 879 2258 sponsam
901 2222 951 2249 filii
966 2222 1093 2257 spiritus
1108 2221 1216 2258 sancti,
1238 2221 1291 2257 qui
1312 2221 1390 2249 filius
1411 2221 1523 2248 dicitur
1545 2229 1612 2248 esse
1635 2220 1785 2249 Christus.

467 2270 628 2298 Hereticus
649 2277 722 2304 ergo
750 2268 901 2304 pretendit
925 2277 957 2295 se
984 2268 1089 2304 filium,
1117 2267 1207 2295 filiam
1229 2272 1256 2295 et
1282 2275 1405 2303 nurum,
1426 2275 1517 2302 quem
1539 2265 1682 2294 Christus
1704 2267 1786 2294 venit

467 2324 612 2352 separare
633 2324 649 2343 a
663 2319 758 2351 patre,
780 2319 877 2342 matre
893 2319 922 2342 et
933 2321 1032 2342 socru.
1054 2314 1091 2341 Et
1107 2318 1187 2349 patet
1202 2313 1386 2341 brevissima
1400 2318 1517 2341 textus:
1542 2312 1618 2341 Veni
1636 2321 1786 2349 separare

467 2364 615 2391 hominem
633 2362 779 2390 adversus
795 2364 913 2397 patrem
932 2369 1016 2389 suum
1036 2363 1064 2388 et
1073 2359 1176 2394 filium
1195 2359 1342 2388 adversus·
1361 2363 1497 2387 matrem.

526 2431 547 2450 1.
567 2422 607 2449 B:
636 2421 719 2456 quod
749 2421 810 2448 sint
841 2420 900 2447 dei.
1044 2426 1068 2445 2.
1091 2419 1128 2446 B:
1158 2419 1216 2446 filie
1243 2418 1348 2446 matris
1370 2426 1424 2445 sue
1445 2426 1501 2453 pro
1523 2417 1637 2454 quibus
1657 2417 1786 2445 viribus.

469 2470 493 2498 5.
509 2469 538 2497 6.
554 2468 591 2495 B:
615 2467 767 2495 contrivit.
790 2466 812 2493 Β
833 2466 863 2494 in
884 2474 971 2501 marg
990 2466 1092 2494 infers

470 2517 551 2543 Deus
572 2518 658 2550 pater
678 2521 733 2550 per
746 2513 991 2569 creaciouemsN
1017 2511 1220 2569 sHereticus
1233 2516 1396 2547 pretensus
1408 2510 1486 2538 filius
1499 2518 1554 2546 per
1567 2510 1787 2547 adopcionem‚

468 2561 608 2589 Ecclesia
628 2568 735 2596 nuruS,
1022 2579 1028 2585 t
1063 2557 1224 2585 Hereticus
1256 2557 1318 2584 filia
1344 2557 1515 2584 secundum
1545 2556 1789 2593 pretensionem,

470 2607 601 2643 Spiritus
622 2611 747 2634 sanctus
768 2614 875 2634 socrus
954 2580 995 2622 s
1030 2588 1226 2631 *xHereticus
1244 2611 1338 2631 nurus
1353 2603 1522 2630 secundum
1541 2602 1786 2631 simulacionem.

471 2663 509 2682 12.
528 2654 734 2690 Jeronymus:
756 2652 785 2679 in
808 2652 900 2679 codd.
923 2659 986 2687 seq.
1008 2651 1127 2678 lacuna.
1306 2649 1343 2678 15.
1364 2650 1397 2676 In
1418 2649 1515 2677 codd:
1538 2649 1667 2677 ecclesie
1689 2649 1785 2685 quod.

472 2699 609 2728 Correxi.
700 2707 737 2726 21.
759 2699 798 2726 B:
820 2704 848 2726 et
869 2699 969 2734 igitur.
1083 2697 1124 2725 25.
1146 2699 1172 2725 A
1188 2696 1225 2724 13:
1249 2696 1427 2724 huiusmodi
1447 2696 1555 2732 inquit.
1577 2697 1616 2731 A¹
1636 2695 1785 2724 correxit:

471 2746 576 2780 huius;
598 2746 659 2773 vid.
679 2745 802 2773 Comm.
826 2744 1009 2781 Hieronymi
1030 2745 1048 2772 l.
1068 2752 1093 2772 c.

529 2839 559 2871 6.
588 2841 822 2873 Commentar.
851 2839 1053 2883 HIeronymi
1082 2840 1114 2871 in
1142 2837 1332 2871 Michaeam
1361 2838 1380 2871 l.
1409 2848 1437 2871 c.
1464 2848 1539 2881 pag.
1572 2837 1668 2870 1180.
