2051 3273
241 210 329 239 CAP.
350 197 419 256 xi]
738 211 798 242 DE
826 211 1060 243 ECCLESIA.

93 332 132 365 R
152 329 228 364 163cl
245 319 395 360 Christi
444 327 531 357 tam
576 317 757 370 positiva
808 331 937 370 quam
990 315 1191 368 privativa
1242 315 1461 356 defendere
1517 326 1556 356 et

245 403 392 429 omnes
425 388 526 427 ritus
559 387 638 426 illis
672 387 902 426 contrarios
934 386 1123 425 animose
1158 386 1379 425 destruere.

306 459 425 499 Unde
470 458 634 497 videtur
665 457 770 497 mihi
804 458 920 510 quod
952 455 1177 508 collegium
1211 455 1391 508 predicte
1430 457 1555 496 abba-

246 529 330 568 thie
374 527 512 580 primo
557 527 802 578 attenderet,
836 526 868 565 si
900 525 1168 565 vendicatum
1200 525 1467 578 privilegium
1507 526 1557 565 sit

213 597 469 651 5privilegiis
505 596 659 636 Christi
693 596 963 636 contrarium.
1017 595 1211 634 Secundo
1246 595 1362 647 quod
1393 595 1558 635 lucrum

245 666 472 720 reportabit
518 680 566 705 ex
609 666 828 719 privilegio
873 666 929 705 sic
975 664 1160 717 defenso,
1194 664 1291 718 quia
1322 664 1494 704 indubie
1527 665 1560 705 si

246 751 332 776 non
364 736 561 776 meritum
592 737 733 789 quoad
770 737 907 775 Deum
940 736 1011 774 sed
1050 735 1161 774 nude
1194 734 1343 774 mundi
1381 735 1560 788 gloriam

248 821 295 846 ex
339 806 555 860 privilegio
598 815 786 859 reportat
830 805 969 844 anime
1017 804 1330 844 detrimentum.
1396 805 1559 856 Tercio,

247 876 468 930 supposito
502 877 618 929 quod
651 884 834 928 reportet
867 889 915 915 ex
947 875 1144 928 operibus
1177 874 1458 914 misericordie
1496 875 1558 914 in-

195 967 233 989 10
249 947 374 986 dultis
419 946 609 1000 profugis
654 946 832 985 salutem
877 945 1028 997 anime,
1073 946 1303 985 attenderet
1342 959 1440 984 cum
1478 944 1561 984 suis

250 1016 482 1056 fautoribus
529 1016 644 1069 quod
687 1028 764 1068 pro
796 1015 903 1054 veris
934 1014 1162 1068 privilegiis
1195 1014 1289 1066 plus
1322 1013 1561 1054 necessariis

249 1085 518 1125 defendendis
540 1084 804 1138 diligenciam
819 1093 979 1124 tantam
994 1093 1252 1137 apponerent
1267 1084 1330 1123 vel
1346 1084 1560 1123 maiorem.

250 1156 356 1208 Sepe
388 1169 540 1208 nempe
581 1156 743 1194 mundo
783 1155 945 1208 decepti
984 1168 1076 1194 cece
1114 1155 1426 1207 preponderant
1464 1153 1564 1193 folia

251 1225 416 1277 fructui,
450 1226 643 1264 umbram
677 1225 772 1276 luci,
805 1239 954 1279 ymmo
986 1239 1198 1265 venenum
1236 1224 1426 1278 pruriens
1457 1233 1562 1264 tem-

196 1295 394 1348 15porale
426 1304 626 1348 perpetue
659 1295 794 1335 saluti.

153 1376 180 1408 S
209 1375 234 1407 3
308 1365 377 1403 Ad
424 1364 600 1404 tercium
645 1364 794 1404 dicitur
840 1366 955 1418 quod
1000 1364 1152 1404 falsum
1184 1364 1423 1415 assumitur,
1468 1377 1565 1403 narn

252 1444 472 1487 peccatum
517 1447 615 1473 cum
658 1448 745 1473 non
778 1434 828 1473 sit
860 1434 1018 1487 privata
1051 1435 1114 1473 lex
1147 1447 1222 1473 nec
1257 1447 1506 1473 concessum
1545 1448 1568 1473 a

253 1504 441 1557 principe
474 1517 557 1543 non
593 1514 654 1544 est
686 1504 964 1557 privilegium.
992 1504 1197 1553 Quamvis
1230 1504 1342 1542 enim
1375 1503 1568 1556 princeps

252 1574 377 1613 huius
409 1573 559 1613 mundi
591 1574 738 1614 excitat
770 1575 822 1613 ad
854 1575 1131 1627 peccandum,
1155 1587 1241 1613 non
1266 1583 1407 1612 tamen
1431 1583 1570 1626 potest

197 1665 237 1686 20
253 1644 492 1695 concedere,
526 1644 633 1684 sicut
677 1658 752 1684 nec
791 1645 919 1696 Deus,
965 1645 1016 1683 ad
1059 1644 1162 1683 illud
1200 1643 1432 1695 licenciam,
1466 1653 1504 1682 et
1537 1643 1570 1682 si

253 1727 326 1766 per
357 1713 616 1766 impossibile
649 1715 895 1754 concederet
927 1715 978 1753 ad
1009 1713 1091 1753 hoc
1123 1714 1189 1752 vel
1221 1722 1412 1766 pretense
1444 1713 1569 1752 licen-

254 1783 373 1835 ciam,
420 1783 502 1822 hoc
546 1796 632 1822 non
678 1783 828 1823 faceret
871 1784 922 1822 ad
966 1783 1255 1836 privilegiandi
1290 1784 1571 1822 commodum

256 1853 326 1892 sed
370 1853 421 1891 ad
454 1853 702 1905 dampnum.
738 1853 996 1893 Conceditur
1027 1862 1168 1892 tamen
1202 1867 1249 1892 ex
1287 1852 1571 1892 immensitate

256 1922 472 1974 potestatis
521 1922 606 1961 veri
651 1922 848 1976 principis
900 1924 1016 1976 quod
1059 1923 1225 1962 racione
1278 1923 1570 1975 cuiuscunque

200 2003 238 2034 25
256 1991 412 2044 peccati
436 1992 727 2032 occasionatur
749 1993 918 2032 ecclesie
942 1992 1094 2032 Christi
1121 2006 1269 2031 verum
1291 1992 1570 2045 privilegium,

256 2075 354 2102 cum
384 2062 623 2102 timentibus
651 2063 792 2101 Deum
827 2064 971 2103 omnia
1011 2069 1305 2115 cooperantur
1336 2063 1378 2101 in
1413 2063 1569 2101 bonum

256 2133 378 2171 Rom.
405 2132 531 2184 V1110‚
559 2133 629 2184 283
649 2146 733 2172 non
758 2133 874 2186 quod
898 2142 1116 2185 peccatum
1139 2132 1190 2171 sit
1213 2132 1269 2171 eis
1292 2131 1572 2185 privilegium,

257 2203 329 2240 sed
377 2203 491 2255 quod
534 2202 747 2255 profectus
792 2203 842 2241 de
886 2211 1057 2255 peccato
1103 2201 1418 2241 occasionaliter
1456 2211 1571 2241 ortus

259 2272 376 2310 cedat
420 2271 475 2310 eis
520 2271 561 2310 in
604 2272 882 2325 privilegium.
946 2272 998 2311 Et
1047 2272 1127 2311 hoc
1180 2280 1240 2311 est
1288 2285 1434 2310 verum
1486 2285 1573 2310 non

201 2351 242 2382 30
260 2340 399 2380 solum
432 2344 481 2380 de
515 2341 657 2380 alienis
690 2342 869 2395 peccatis
893 2342 963 2381 sed
996 2342 1046 2380 de
1079 2341 1257 2395 peccatis
1290 2341 1468 2394 propriis
1492 2354 1574 2394 que

260 2409 525 2461 predestinati
559 2419 809 2463 perpetrant.
856 2411 1113 2451 Conceditur
1145 2421 1285 2451 tamen
1319 2412 1435 2464 quod
1467 2425 1574 2464 pena

262 2478 368 2517 cedit
399 2477 491 2518 filiis
525 2479 566 2518 in
600 2479 877 2533 privilegium,
913 2495 1009 2521 cum
1043 2482 1237 2521 stimulus
1270 2480 1402 2520 carnis
1436 2495 1458 2519 a
1481 2481 1570 2520 Deo

260 2547 380 2586 datus
417 2549 611 2601 apostolo
651 2550 771 2590 cessit
808 2552 884 2591 sibi
932 2553 982 2591 ad
1023 2552 1185 2592 virtutis
1224 2550 1485 2603 exercicium,
1530 2558 1576 2590 ut

260 2625 372 2669 patet
405 2617 456 2657 IIa
502 2618 598 2659 Cor.
647 2620 756 2660 XIIO.

314 2793 338 2821 3.
361 2795 388 2822 A
408 2795 437 2822 in
459 2803 570 2829 marga
598 2793 679 2822 Nota
697 2793 754 2820 tria
873 2784 880 2798 '¹
898 2796 924 2819 ὅ.
946 2792 985 2819 b':
1014 2793 1230 2820 detrimentum
1258 2808 1291 2812 —-
1317 2792 1445 2819 salutem
1480 2792 1576 2818 deest.

263 2842 301 2870 15.
322 2844 367 2869 A:
388 2848 548 2878 perpetuo.
691 2840 737 2875 34.
760 2842 788 2868 A
810 2841 839 2868 in
860 2848 974 2875 marga
999 2839 1088 2867 Nota.

1760 210 1840 251 249

1589 1384 1615 1416 c)
1636 1382 1690 1410 Sin
1712 1382 1736 1409 is
1758 1386 1811 1409 not
1832 1388 1847 1407 a

1640 1418 1798 1453 privilege,
