2051 3273
210 262 297 290 CAP.
314 252 381 310 xr]
711 265 770 299 DE
796 265 1029 297 ECCLESIA.
1717 252 1798 304 239

58 382 93 415 H
118 380 194 413 πᾶν
209 369 323 422 ligari
357 373 395 408 e't
426 368 571 422 pungi,
615 382 701 408 non
749 368 853 409 foret
896 378 995 408 tunc
1030 368 1142 408 idem
1173 367 1437 421 privilegium
1471 367 1513 406 in

209 438 474 478 facultatibus
507 446 546 477 et
578 452 685 491 pena
717 438 900 490 relaxari,
932 438 1031 491 quia
1052 451 1192 477 revera
1221 437 1359 476 omnis
1381 437 1516 477 taliter

209 508 386 561 cupidus
428 507 557 548 fastus
606 517 644 548 et
688 516 858 562 questus
903 517 963 548 est
1006 507 1144 547 furens
1203 507 1423 547 freneticus
1476 515 1515 547 et

210 586 432 630 soporatus
464 577 673 631 litargicus
698 591 745 617 ex
768 577 886 618 fumo
910 577 1211 630 temporalium
1232 576 1515 616 inficiencium

175 659 191 692 5
210 648 426 687 cerebrum
456 647 645 687 racionis.

174 728 194 761 1
266 718 319 757 Et
362 725 475 770 patet
523 731 596 770 per
638 718 817 757 modum
861 717 1014 770 epilogi
1074 717 1293 771 quomodo
1350 724 1515 769 oportet
1557 721 1773 760 Tosumup:

1553 755 1620 783 The
1640 756 1782 791 fugitives

208 787 472 840 privilegium
505 787 561 827 sic
595 787 851 840 interpretari
876 788 992 841 quod
1016 786 1178 839 fugitivi
1212 786 1263 824 ad
1292 786 1435 825 locum
1459 784 1803 861 ⁵5C³¹1¹13¹3¹r1¹y¹2321512¹¹

210 856 516 909 privilegiatum
549 871 626 909 pro
654 870 910 910 quocunque
935 856 1163 896 commisso
1196 855 1376 894 habeant
1396 854 1514 894 liber·
1529 861 1803 922 gffiffesfognhhffiss

117 936 192 970 162¹>
208 934 335 966 tatem
349 925 374 953 ³³<
388 927 452 966 vel
470 926 781 966 immunitatem
796 926 1089 966 omnimodam
1105 926 1337 965 secundum
1353 925 1514 976 regulas
1610 931 1723 957 others·

152 1018 191 1040 10
208 995 386 1035 caritatis
419 1004 457 1035 et
489 996 770 1036 misericordie
798 1010 821 1035 a
854 1009 948 1049 rege
980 1004 1018 1035 et
1051 1009 1178 1048 regno
1217 1008 1313 1034 cum
1345 994 1513 1047 paribus

209 1066 265 1105 eis
298 1066 493 1113 dandam,
540 1065 595 1105 sic
641 1066 756 1118 quod
799 1079 927 1104 omne
966 1065 1155 1104 dandum
1186 1073 1307 1104 sonet
1340 1073 1425 1103 tam
1458 1063 1514 1103 eis

206 1149 336 1189 quam
369 1136 562 1175 dantibus
598 1136 761 1175 bonum
790 1136 902 1175 utile.
936 1136 996 1175 De
1019 1135 1251 1174 diversitate
1283 1147 1381 1173 vero
1410 1133 1516 1173 inter

207 1205 376 1256 crimen,
410 1205 568 1245 facinus
599 1215 724 1259 atque
746 1205 957 1258 flagicium
986 1205 1144 1245 dictum
1168 1213 1228 1244 est
1250 1205 1387 1244 XXVo
1412 1218 1514 1256 cap.,

206 1274 295 1313 libri
319 1271 385 1315 VIi
418 1276 638 1328 quomodo
672 1274 830 1314 facinus
863 1283 984 1314 sonat
1006 1274 1048 1313 in
1078 1273 1257 1327 proximi
1299 1273 1514 1323 iniuriam;

152 1358 188 1390 15
206 1345 255 1383 de
279 1344 478 1397 quiditate
511 1353 652 1384 autem
674 1344 876 1397 privilegii
900 1344 1059 1384 dictum
1087 1352 1147 1383 est
1161 1343 1373 1396 xsuperluS‚
1398 1342 1512 1383 V1110

209 1428 295 1467 cap.
329 1414 454 1454 huius
476 1414 590 1466 li,bri;
624 1423 664 1454 et
686 1428 783 1453 cum
806 1422 974 1466 oportet
995 1423 1041 1453 ut
1063 1413 1316 1466 intelligatur
1339 1412 1515 1452 libertas

205 1498 229 1522 α
256 1491 431 1536 peccalo
454 1482 519 1536 (ut
540 1484 727 1538 loquitur
748 1484 980 1537 Apostolus
1006 1485 1129 1523 Rom.
1153 1483 1243 1534 VI0,
1279 1480 1370 1535 22);
1402 1490 1515 1535 patet

206 1554 321 1606 quod
353 1554 599 1593 immunitas
631 1554 888 1607 pertinenter
920 1563 979 1593 est
1010 1553 1234 1606 indignitas
1260 1552 1441 1591 criminis
1463 1552 1515 1590 ad

204 1632 465 1663 tormentum
510 1622 574 1678 (ut
613 1623 798 1676 loquitur
838 1623 1039 1676 scriptura
1076 1622 1250 1662 Jeremie
1295 1623 1431 1662 XXV0
1477 1631 1515 1661 et

150 1717 190 1738 20
205 1693 518 1733 Ecclesiasticus
536 1693 631 1734 VH0
656 1691 780 1747 cap),
798 1692 1094 1732 Communiter
1116 1702 1252 1732 autern
1274 1692 1516 1745 intelligitur

205 1763 254 1801 de
287 1763 499 1803 mundicia
521 1778 543 1802 a
567 1763 747 1803 facinore
777 1763 892 1816 quod
916 1763 958 1802 in
980 1762 1131 1815 Anglia
1165 1762 1315 1802 dicitur
1348 1762 1513 1813 felonia,

204 1841 243 1872 et
275 1842 336 1873 est
369 1833 552 1885 quedam
584 1833 741 1886 species
773 1832 971 1872 libertatis
1005 1847 1134 1885 quam
1157 1832 1329 1885 quidam
1361 1840 1514 1871 vocant

205 1902 469 1942 franchisiam
494 1911 533 1942 et
556 1903 734 1943 sumitur
756 1916 868 1942 nunc
892 1902 1100 1942 extensius
1125 1911 1164 1942 et
1186 1915 1297 1942 nunc
1314 1901 1511 1941 striccius.

206 1973 326 2012 Unde
358 1973 561 2012 immunis
606 1972 756 2012 dicitur
798 1973 848 2011 ab
893 1974 935 2012 in
976 1981 1014 2012 et
1055 1973 1248 2012 munium
1294 1971 1512 2021 tributum,

148 2055 187 2087 25
206 2042 324 2095 quasi
370 2042 472 2081 liber
516 2057 539 2081 a
581 2042 821 2081 reddicione
865 2042 1023 2093 tributi,
1068 2050 1114 2081 ut
1158 2050 1218 2081 est
1262 2054 1405 2093 expers
1449 2040 1514 2079 vel

207 2110 366 2150 alienus
398 2125 420 2150 a
451 2120 567 2151 reatu
601 2120 640 2151 et
670 2125 763 2151 vere
795 2112 1010 2165 loquendo
1044 2112 1183 2151 solum
1214 2111 1371 2162 insons.
1411 2110 1514 2149 dum

204 2195 290 2220 non
323 2190 383 2221 est
415 2181 565 2235 dignus
599 2182 655 2221 sic
688 2182 851 2235 puniris
894 2181 1054 2221 Dicitur
1092 2181 1276 2221 inmunis
1308 2180 1365 2219 sic
1398 2180 1512 2233 quod

204 2251 448 2290 immunitas
472 2261 713 2304 opponatur
734 2252 879 2303 reatui,
904 2252 956 2290 ad
987 2265 1113 2304 quem
1139 2264 1309 2290 sensum
1333 2263 1379 2289 ex
1396 2249 1512 2289 nullo

206 2320 395 2359 humano
439 2321 657 2374 privilegio
701 2321 890 2375 sequitur
926 2321 968 2360 in
1009 2321 1236 2360 criminoso
1268 2320 1513 2359 immunitas

148 2403 190 2436 30
206 2399 308 2442 aput
339 2391 491 2442 Deum,
541 2391 611 2429 sed
656 2404 703 2430 ex
746 2390 1085 2443 privilegiacione
1124 2390 1311 2444 sequitur
1341 2390 1513 2429 irreatus

205 2472 310 2511 pene
343 2460 483 2512 quoad
514 2459 748 2512 principem
779 2460 1056 2500 libertantem.

263 2528 422 2569 Contra
445 2529 553 2569 dicta
574 2529 754 2569 obicitur
775 2530 912 2582 primo
935 2543 1008 2583 per
1030 2530 1108 2569 hoc
1133 2530 1263 2583 quod,
1284 2529 1315 2568 si
1338 2528 1514 2582 quilibet

205 2599 456 2640 criminosus
485 2599 536 2639 sit
556 2599 754 2652 indignus
778 2600 928 2639 habere
949 2599 1193 2653 suffragium
1212 2599 1394 2651 ecclesie,
1412 2609 1512 2638 tunc

257 2756 287 2781 4.
307 2747 346 2775 B:
369 2752 398 2775 et
417 2757 450 2775 se
470 2752 622 2783 portatus.
765 2747 795 2775 6.
815 2747 843 2774 A
858 2747 887 2774 in
903 2755 1018 2782 marg.:
1035 2747 1196 2782 Epilogus.
1216 2745 1281 2774 Nec
1295 2746 1399 2774 omnia
1412 2746 1514 2773 valent

206 2802 262 2829 pro
285 2795 482 2822 correccione
503 2793 714 2829 peccancium.
824 2802 856 2821 ιι.
879 2793 916 2821 B:
944 2795 1072 2821 omnino
1100 2794 1247 2821 dandum.
1371 2793 1412 2821 18.
1440 2792 1462 2819 B
1482 2792 1512 2820 in

207 2848 321 2875 marg.:
349 2841 532 2868 Immunitas
559 2840 631 2875 quid
666 2840 714 2876 sit,
749 2845 829 2867 nota.
972 2848 1015 2867 22.
1040 2839 1081 2867 23.
1109 2840 1147 2867 B:
1181 2838 1514 2876 quedamrfranchisia.

209 2893 256 2920 24.
279 2887 317 2913 B:
341 2892 369 2914 et
389 2887 507 2915 butum.
650 2884 692 2913 32.
715 2885 840 2913 Contra.
863 2886 964 2914 Prima
984 2887 1134 2914 obieccio.
