<?xml version="1.0" encoding="UTF-8"?>
<!DOCTYPE html PUBLIC "-//W3C//DTD XHTML 1.0 Transitional//EN"
    "http://www.w3.org/TR/xhtml1/DTD/xhtml1-transitional.dtd">
<html xmlns="http://www.w3.org/1999/xhtml" xml:lang="en" lang="en">
 <head>
  <title>
</title>
<meta http-equiv="Content-Type" content="text/html;charset=utf-8" />
  <meta name='ocr-system' content='tesseract 3.04.00' />
  <meta name='ocr-capabilities' content='ocr_page ocr_carea ocr_par ocr_line ocrx_word'/>
</head>
<body>
  <div class='ocr_page' id='page_1' title='image "./tractatusdeeccle00wycl_0063.png"; bbox 0 0 2051 3343; ppageno 0'>
   <div class='ocr_carea' id='block_1_1' title="bbox 218 232 1815 296">
    <p class='ocr_par' dir='ltr' id='par_1_1' title="bbox 218 232 1815 296">
     <span class='ocr_line' id='line_1_1' title="bbox 218 232 1815 296; baseline 0.016 -26"><span class='ocrx_word' id='word_1_1' title='bbox 218 232 370 290; x_wconf 85' lang='lat' dir='ltr'>CAP.11.]</span> <span class='ocrx_word' id='word_1_2' title='bbox 721 248 780 279; x_wconf 82' lang='lat' dir='ltr'>DE</span> <span class='ocrx_word' id='word_1_3' title='bbox 806 248 1040 281; x_wconf 80' lang='lat' dir='ltr'>ECCLESIA.</span> <span class='ocrx_word' id='word_1_4' title='bbox 1765 258 1815 296; x_wconf 81' lang='lat'>29</span> 
     </span>
    </p>
   </div>
   <div class='ocr_carea' id='block_1_2' title="bbox 68 353 1811 1174">
    <p class='ocr_par' dir='ltr' id='par_1_2' title="bbox 68 353 1530 615">
     <span class='ocr_line' id='line_1_2' title="bbox 68 353 1530 405; baseline 0.003 -14"><span class='ocrx_word' id='word_1_5' title='bbox 68 368 98 401; x_wconf 81' lang='lat'><em>0</em></span> <span class='ocrx_word' id='word_1_6' title='bbox 125 365 203 400; x_wconf 70' lang='lat' dir='ltr'>131d</span> <span class='ocrx_word' id='word_1_7' title='bbox 276 353 507 402; x_wconf 85' lang='lat' dir='ltr'>Quomodo</span> <span class='ocrx_word' id='word_1_8' title='bbox 541 365 637 405; x_wconf 83' lang='lat' dir='ltr'>ergo</span> <span class='ocrx_word' id='word_1_9' title='bbox 671 361 832 404; x_wconf 87' lang='lat' dir='ltr'>caperet</span> <span class='ocrx_word' id='word_1_10' title='bbox 864 365 950 391; x_wconf 88' lang='lat' dir='ltr'>esse</span> <span class='ocrx_word' id='word_1_11' title='bbox 983 366 1108 392; x_wconf 90' lang='lat' dir='ltr'>suum</span> <span class='ocrx_word' id='word_1_12' title='bbox 1140 367 1162 391; x_wconf 89' lang='lat' dir='ltr'>a</span> <span class='ocrx_word' id='word_1_13' title='bbox 1206 355 1396 394; x_wconf 89' lang='lat' dir='ltr'>membro</span> <span class='ocrx_word' id='word_1_14' title='bbox 1444 367 1530 396; x_wconf 84' lang='lat' dir='ltr'>tam</span> 
     </span>
     <span class='ocr_line' id='line_1_3' title="bbox 217 421 1529 473; baseline -0.001 -9"><span class='ocrx_word' id='word_1_15' title='bbox 217 422 471 473; x_wconf 79' lang='lat' dir='ltr'>accidentali,</span> <span class='ocrx_word' id='word_1_16' title='bbox 505 435 601 460; x_wconf 91' lang='lat' dir='ltr'>cum</span> <span class='ocrx_word' id='word_1_17' title='bbox 634 435 750 460; x_wconf 88' lang='lat' dir='ltr'>more</span> <span class='ocrx_word' id='word_1_18' title='bbox 801 421 985 460; x_wconf 87' lang='lat' dir='ltr'>fluminis</span> <span class='ocrx_word' id='word_1_19' title='bbox 1030 422 1203 461; x_wconf 85' lang='lat' dir='ltr'>labentis</span> <span class='ocrx_word' id='word_1_20' title='bbox 1248 424 1418 463; x_wconf 80' lang='lat' dir='ltr'>ecclesia</span> <span class='ocrx_word' id='word_1_21' title='bbox 1461 425 1529 464; x_wconf 81' lang='lat' dir='ltr'>illa</span> 
     </span>
     <span class='ocr_line' id='line_1_4' title="bbox 215 491 1527 546; baseline -0.001 -12"><span class='ocrx_word' id='word_1_22' title='bbox 215 495 339 534; x_wconf 88' lang='lat' dir='ltr'>habet</span> <span class='ocrx_word' id='word_1_23' title='bbox 371 505 483 532; x_wconf 87' lang='lat' dir='ltr'>nunc</span> <span class='ocrx_word' id='word_1_24' title='bbox 515 504 651 530; x_wconf 88' lang='lat' dir='ltr'>unum</span> <span class='ocrx_word' id='word_1_25' title='bbox 682 499 721 530; x_wconf 88' lang='lat' dir='ltr'>et</span> <span class='ocrx_word' id='word_1_26' title='bbox 754 504 864 530; x_wconf 90' lang='lat' dir='ltr'>nunc</span> <span class='ocrx_word' id='word_1_27' title='bbox 897 491 1028 531; x_wconf 88' lang='lat' dir='ltr'>alium</span> <span class='ocrx_word' id='word_1_28' title='bbox 1058 491 1100 530; x_wconf 90' lang='lat' dir='ltr'>in</span> <span class='ocrx_word' id='word_1_29' title='bbox 1134 491 1235 531; x_wconf 86' lang='lat' dir='ltr'>facie</span> <span class='ocrx_word' id='word_1_30' title='bbox 1268 494 1394 532; x_wconf 88' lang='lat' dir='ltr'>seculi</span> <span class='ocrx_word' id='word_1_31' title='bbox 1436 508 1527 546; x_wconf 87' lang='lat' dir='ltr'>pre-</span> 
     </span>
     <span class='ocr_line' id='line_1_5' title="bbox 216 558 1530 615; baseline 0.001 -13"><span class='ocrx_word' id='word_1_32' title='bbox 216 558 441 602; x_wconf 82' lang='lat' dir='ltr'><strong>sidentem?</strong></span> <span class='ocrx_word' id='word_1_33' title='bbox 486 560 611 600; x_wconf 89' lang='lat' dir='ltr'>Nulla</span> <span class='ocrx_word' id='word_1_34' title='bbox 655 573 752 612; x_wconf 85' lang='lat' dir='ltr'>ergo</span> <span class='ocrx_word' id='word_1_35' title='bbox 796 560 969 599; x_wconf 83' lang='lat' dir='ltr'>istarum</span> <span class='ocrx_word' id='word_1_36' title='bbox 1007 561 1170 600; x_wconf 88' lang='lat' dir='ltr'>viarum</span> <span class='ocrx_word' id='word_1_37' title='bbox 1216 571 1254 601; x_wconf 92' lang='lat' dir='ltr'>et</span> <span class='ocrx_word' id='word_1_38' title='bbox 1297 563 1530 615; x_wconf 81' lang='lat' dir='ltr'>specialiter</span> 
     </span>
    </p>

    <p class='ocr_par' dir='ltr' id='par_1_3' title="bbox 119 628 1811 1174">
     <span class='ocr_line' id='line_1_6' title="bbox 180 628 1526 685; baseline 0.001 -14"><span class='ocrx_word' id='word_1_39' title='bbox 180 642 197 676; x_wconf 87' lang='lat'><strong>5</strong></span> <span class='ocrx_word' id='word_1_40' title='bbox 214 633 291 672; x_wconf 86' lang='lat' dir='ltr'>ista</span> <span class='ocrx_word' id='word_1_41' title='bbox 322 630 504 671; x_wconf 84' lang='lat' dir='ltr'>verificat</span> <span class='ocrx_word' id='word_1_42' title='bbox 536 630 651 683; x_wconf 88' lang='lat' dir='ltr'>quod</span> <span class='ocrx_word' id='word_1_43' title='bbox 675 628 916 682; x_wconf 83' lang='lat' dir='ltr'>quicunque</span> <span class='ocrx_word' id='word_1_44' title='bbox 940 630 1061 670; x_wconf 85' lang='lat' dir='ltr'>fuerit</span> <span class='ocrx_word' id='word_1_45' title='bbox 1082 631 1300 671; x_wconf 87' lang='lat' dir='ltr'>Romanus</span> <span class='ocrx_word' id='word_1_46' title='bbox 1325 633 1526 685; x_wconf 78' lang='lat' dir='ltr'>pontifex,</span> 
     </span>
     <span class='ocr_line' id='line_1_7' title="bbox 214 699 1524 754; baseline 0.001 -13"><span class='ocrx_word' id='word_1_47' title='bbox 214 702 266 741; x_wconf 91' lang='lat' dir='ltr'>sit</span> <span class='ocrx_word' id='word_1_48' title='bbox 318 709 443 753; x_wconf 88' lang='lat' dir='ltr'>caput</span> <span class='ocrx_word' id='word_1_49' title='bbox 492 699 737 739; x_wconf 86' lang='lat' dir='ltr'>universalis</span> <span class='ocrx_word' id='word_1_50' title='bbox 783 699 949 739; x_wconf 86' lang='lat' dir='ltr'>ecclesie</span> <span class='ocrx_word' id='word_1_51' title='bbox 1014 700 1079 740; x_wconf 90' lang='lat' dir='ltr'>cui</span> <span class='ocrx_word' id='word_1_52' title='bbox 1131 710 1299 754; x_wconf 85' lang='lat' dir='ltr'>oportet</span> <span class='ocrx_word' id='word_1_53' title='bbox 1352 716 1524 742; x_wconf 91' lang='lat' dir='ltr'>omnem</span> 
     </span>
     <span class='ocr_line' id='line_1_8' title="bbox 215 768 1233 811; baseline 0 -1"><span class='ocrx_word' id='word_1_54' title='bbox 215 770 487 810; x_wconf 86' lang='lat' dir='ltr'>christianum</span> <span class='ocrx_word' id='word_1_55' title='bbox 520 770 569 808; x_wconf 87' lang='lat' dir='ltr'>de</span> <span class='ocrx_word' id='word_1_56' title='bbox 601 768 843 808; x_wconf 79' lang='lat' dir='ltr'>necessitate</span> <span class='ocrx_word' id='word_1_57' title='bbox 877 769 1019 809; x_wconf 86' lang='lat' dir='ltr'>salutis</span> <span class='ocrx_word' id='word_1_58' title='bbox 1054 770 1233 811; x_wconf 88' lang='lat' dir='ltr'>obedire.</span> 
     </span>
     <span class='ocr_line' id='line_1_9' title="bbox 119 839 1524 891; baseline 0.001 -12"><span class='ocrx_word' id='word_1_59' title='bbox 119 850 152 883; x_wconf 92' lang='lat' dir='ltr'><strong>D</strong></span> <span class='ocrx_word' id='word_1_60' title='bbox 180 858 200 883; x_wconf 84' lang='lat'>0</span> <span class='ocrx_word' id='word_1_61' title='bbox 272 839 313 880; x_wconf 89' lang='lat' dir='ltr'>Si</span> <span class='ocrx_word' id='word_1_62' title='bbox 347 839 505 878; x_wconf 81' lang='lat' dir='ltr'>dicatur</span> <span class='ocrx_word' id='word_1_63' title='bbox 535 839 663 878; x_wconf 90' lang='lat' dir='ltr'>tercio</span> <span class='ocrx_word' id='word_1_64' title='bbox 696 839 811 891; x_wconf 87' lang='lat' dir='ltr'>quod</span> <span class='ocrx_word' id='word_1_65' title='bbox 843 848 984 878; x_wconf 86' lang='lat' dir='ltr'>manet</span> <span class='ocrx_word' id='word_1_66' title='bbox 1017 841 1162 879; x_wconf 90' lang='lat' dir='ltr'>eadem</span> <span class='ocrx_word' id='word_1_67' title='bbox 1186 840 1354 880; x_wconf 88' lang='lat' dir='ltr'>ecclesia</span> <span class='ocrx_word' id='word_1_68' title='bbox 1386 841 1524 880; x_wconf 90' lang='lat' dir='ltr'>homi-</span> 
     </span>
     <span class='ocr_line' id='line_1_10' title="bbox 214 907 1524 961; baseline 0.002 -13"><span class='ocrx_word' id='word_1_69' title='bbox 214 922 318 948; x_wconf 90' lang='lat' dir='ltr'>num</span> <span class='ocrx_word' id='word_1_70' title='bbox 341 923 364 948; x_wconf 92' lang='lat' dir='ltr'>a</span> <span class='ocrx_word' id='word_1_71' title='bbox 395 907 601 961; x_wconf 87' lang='lat' dir='ltr'>principio</span> <span class='ocrx_word' id='word_1_72' title='bbox 635 908 784 947; x_wconf 89' lang='lat' dir='ltr'>mundi</span> <span class='ocrx_word' id='word_1_73' title='bbox 807 921 940 961; x_wconf 84' lang='lat' dir='ltr'>usque</span> <span class='ocrx_word' id='word_1_74' title='bbox 964 909 1013 947; x_wconf 86' lang='lat' dir='ltr'>ad</span> <span class='ocrx_word' id='word_1_75' title='bbox 1044 910 1322 951; x_wconf 86' lang='lat' dir='ltr'>novissimum</span> <span class='ocrx_word' id='word_1_76' title='bbox 1346 911 1524 951; x_wconf 89' lang='lat' dir='ltr'>electum</span> 
     </span>
     <span class='ocr_line' id='line_1_11' title="bbox 161 976 1523 1033; baseline 0.001 -14"><span class='ocrx_word' id='word_1_77' title='bbox 161 999 198 1020; x_wconf 89' lang='lat'>10</span> <span class='ocrx_word' id='word_1_78' title='bbox 214 976 337 1033; x_wconf 81' lang='lat' dir='ltr'>(sicut</span> <span class='ocrx_word' id='word_1_79' title='bbox 352 978 449 1017; x_wconf 90' lang='lat' dir='ltr'>dicit</span> <span class='ocrx_word' id='word_1_80' title='bbox 463 978 606 1017; x_wconf 87' lang='lat' dir='ltr'>beatus</span> <span class='ocrx_word' id='word_1_81' title='bbox 624 977 860 1031; x_wconf 77' lang='lat' dir='ltr'>GregoriUS,</span> <span class='ocrx_word' id='word_1_82' title='bbox 876 978 992 1017; x_wconf 76' lang='lat' dir='ltr'>XIXO</span> <span class='ocrx_word' id='word_1_83' title='bbox 1004 979 1299 1032; x_wconf 84' lang='lat' dir='ltr'>Homiliarum,</span> <span class='ocrx_word' id='word_1_84' title='bbox 1316 995 1413 1020; x_wconf 89' lang='lat' dir='ltr'>cum</span> <span class='ocrx_word' id='word_1_85' title='bbox 1436 982 1523 1021; x_wconf 86' lang='lat' dir='ltr'>aliis</span> 
     </span>
     <span class='ocr_line' id='line_1_12' title="bbox 211 1045 1522 1103; baseline 0.003 -17"><span class='ocrx_word' id='word_1_86' title='bbox 211 1045 393 1101; x_wconf 81' lang='lat' dir='ltr'>sanctis),</span> <span class='ocrx_word' id='word_1_87' title='bbox 427 1056 466 1086; x_wconf 86' lang='lat' dir='ltr'>et</span> <span class='ocrx_word' id='word_1_88' title='bbox 497 1046 567 1085; x_wconf 89' lang='lat' dir='ltr'>illa</span> <span class='ocrx_word' id='word_1_89' title='bbox 599 1046 707 1099; x_wconf 81' lang='lat' dir='ltr'>capit</span> <span class='ocrx_word' id='word_1_90' title='bbox 739 1047 942 1086; x_wconf 85' lang='lat' dir='ltr'>unitatem</span> <span class='ocrx_word' id='word_1_91' title='bbox 974 1061 997 1086; x_wconf 84' lang='lat' dir='ltr'>a</span> <span class='ocrx_word' id='word_1_92' title='bbox 1030 1048 1162 1101; x_wconf 84' lang='lat' dir='ltr'>capite</span> <span class='ocrx_word' id='word_1_93' title='bbox 1194 1049 1283 1088; x_wconf 90' lang='lat' dir='ltr'>Deo</span> <span class='ocrx_word' id='word_1_94' title='bbox 1318 1059 1356 1090; x_wconf 91' lang='lat' dir='ltr'>et</span> <span class='ocrx_word' id='word_1_95' title='bbox 1388 1050 1522 1103; x_wconf 81' lang='lat' dir='ltr'>capite</span> 
     </span>
     <span class='ocr_line' id='line_1_13' title="bbox 211 1114 1811 1174; baseline 0.002 -18"><span class='ocrx_word' id='word_1_96' title='bbox 211 1117 379 1157; x_wconf 86' lang='lat' dir='ltr'>Christo</span> <span class='ocrx_word' id='word_1_97' title='bbox 412 1116 483 1169; x_wconf 87' lang='lat' dir='ltr'>qui</span> <span class='ocrx_word' id='word_1_98' title='bbox 506 1130 527 1154; x_wconf 86' lang='lat' dir='ltr'>a</span> <span class='ocrx_word' id='word_1_99' title='bbox 560 1114 766 1168; x_wconf 88' lang='lat' dir='ltr'>principio</span> <span class='ocrx_word' id='word_1_100' title='bbox 798 1116 945 1155; x_wconf 88' lang='lat' dir='ltr'>mundi</span> <span class='ocrx_word' id='word_1_101' title='bbox 978 1127 1121 1157; x_wconf 88' lang='lat' dir='ltr'>manet</span> <span class='ocrx_word' id='word_1_102' title='bbox 1151 1118 1193 1157; x_wconf 89' lang='lat' dir='ltr'>in</span> <span class='ocrx_word' id='word_1_103' title='bbox 1218 1119 1350 1158; x_wconf 88' lang='lat' dir='ltr'>causis</span> <span class='ocrx_word' id='word_1_104' title='bbox 1374 1134 1519 1159; x_wconf 88' lang='lat' dir='ltr'>secun·</span> <span class='ocrx_word' id='word_1_105' title='bbox 1536 1139 1561 1165; x_wconf 63' lang='lat' dir='ltr'>st</span> <span class='ocrx_word' id='word_1_106' title='bbox 1587 1146 1657 1174; x_wconf 80' lang='lat' dir='ltr'>may</span> <span class='ocrx_word' id='word_1_107' title='bbox 1685 1140 1722 1165; x_wconf 85' lang='lat' dir='ltr'>be</span> <span class='ocrx_word' id='word_1_108' title='bbox 1747 1139 1811 1166; x_wconf 82' lang='lat' dir='ltr'>said</span> 
     </span>
    </p>
   </div>
   <div class='ocr_carea' id='block_1_3' title="bbox 210 1173 1795 1242">
    <p class='ocr_par' dir='ltr' id='par_1_4' title="bbox 210 1173 1795 1242">
     <span class='ocr_line' id='line_1_14' title="bbox 210 1173 1795 1242; baseline 0.003 -17"><span class='ocrx_word' id='word_1_109' title='bbox 210 1187 284 1238; x_wconf 85' lang='lat' dir='ltr'>dis,</span> <span class='ocrx_word' id='word_1_110' title='bbox 317 1195 357 1225; x_wconf 90' lang='lat' dir='ltr'>et</span> <span class='ocrx_word' id='word_1_111' title='bbox 388 1186 512 1225; x_wconf 90' lang='lat' dir='ltr'>habet</span> <span class='ocrx_word' id='word_1_112' title='bbox 543 1185 733 1224; x_wconf 88' lang='lat' dir='ltr'>membra</span> <span class='ocrx_word' id='word_1_113' title='bbox 764 1184 890 1224; x_wconf 87' lang='lat' dir='ltr'>fidem</span> <span class='ocrx_word' id='word_1_114' title='bbox 924 1185 1010 1225; x_wconf 89' lang='lat' dir='ltr'>eius</span> <span class='ocrx_word' id='word_1_115' title='bbox 1043 1188 1232 1227; x_wconf 86' lang='lat' dir='ltr'>tenencia</span> <span class='ocrx_word' id='word_1_116' title='bbox 1266 1197 1304 1228; x_wconf 87' lang='lat' dir='ltr'>et</span> <span class='ocrx_word' id='word_1_117' title='bbox 1344 1190 1520 1242; x_wconf 89' lang='lat' dir='ltr'>quicun-</span> <span class='ocrx_word' id='word_1_118' title='bbox 1553 1173 1795 1235; x_wconf 47' lang='lat' dir='ltr'>tffif-nffigffttjsss</span> 
     </span>
    </p>
   </div>
   <div class='ocr_carea' id='block_1_4' title="bbox 209 1243 1794 1311">
    <p class='ocr_par' dir='ltr' id='par_1_5' title="bbox 209 1243 1794 1311">
     <span class='ocr_line' id='line_1_15' title="bbox 209 1243 1794 1311; baseline 0.001 -16"><span class='ocrx_word' id='word_1_119' title='bbox 209 1269 290 1309; x_wconf 88' lang='lat' dir='ltr'>que</span> <span class='ocrx_word' id='word_1_120' title='bbox 322 1255 443 1295; x_wconf 87' lang='lat' dir='ltr'>fuerit</span> <span class='ocrx_word' id='word_1_121' title='bbox 474 1269 582 1308; x_wconf 87' lang='lat' dir='ltr'>papa</span> <span class='ocrx_word' id='word_1_122' title='bbox 615 1268 691 1307; x_wconf 93' lang='lat' dir='ltr'>pro</span> <span class='ocrx_word' id='word_1_123' title='bbox 724 1263 913 1308; x_wconf 87' lang='lat' dir='ltr'>tempore</span> <span class='ocrx_word' id='word_1_124' title='bbox 945 1269 1034 1307; x_wconf 84' lang='lat' dir='ltr'>suo,</span> <span class='ocrx_word' id='word_1_125' title='bbox 1076 1266 1243 1309; x_wconf 91' lang='lat' dir='ltr'>oportet</span> <span class='ocrx_word' id='word_1_126' title='bbox 1288 1260 1402 1311; x_wconf 87' lang='lat' dir='ltr'>quod</span> <span class='ocrx_word' id='word_1_127' title='bbox 1435 1268 1523 1299; x_wconf 90' lang='lat' dir='ltr'>tota</span> <span class='ocrx_word' id='word_1_128' title='bbox 1556 1243 1794 1305; x_wconf 53' lang='grc' dir='ltr'>δξξῇηέοςῖὲῗῗ</span> 
     </span>
    </p>
   </div>
   <div class='ocr_carea' id='block_1_5' title="bbox 116 1313 1811 1867">
    <p class='ocr_par' dir='ltr' id='par_1_6' title="bbox 156 1313 1811 1588">
     <span class='ocr_line' id='line_1_16' title="bbox 156 1313 1811 1386; baseline 0.002 -20"><span class='ocrx_word' id='word_1_129' title='bbox 156 1335 193 1368; x_wconf 84' lang='lat'>15</span> <span class='ocrx_word' id='word_1_130' title='bbox 209 1339 302 1378; x_wconf 90' lang='lat' dir='ltr'>pars</span> <span class='ocrx_word' id='word_1_131' title='bbox 333 1325 444 1364; x_wconf 90' lang='lat' dir='ltr'>illius</span> <span class='ocrx_word' id='word_1_132' title='bbox 477 1324 645 1364; x_wconf 75' lang='lat' dir='ltr'>ecclesie</span> <span class='ocrx_word' id='word_1_133' title='bbox 677 1338 821 1364; x_wconf 86' lang='lat' dir='ltr'>secum</span> <span class='ocrx_word' id='word_1_134' title='bbox 853 1339 1102 1365; x_wconf 83' lang='lat' dir='ltr'>conversans</span> <span class='ocrx_word' id='word_1_135' title='bbox 1146 1327 1197 1366; x_wconf 88' lang='lat' dir='ltr'>sit</span> <span class='ocrx_word' id='word_1_136' title='bbox 1229 1328 1306 1366; x_wconf 89' lang='lat' dir='ltr'>sibi</span> <span class='ocrx_word' id='word_1_137' title='bbox 1339 1328 1522 1368; x_wconf 81' lang='lat' dir='ltr'>subiecta</span> <span class='ocrx_word' id='word_1_138' title='bbox 1538 1313 1811 1386; x_wconf 42' lang='lat' dir='ltr'>dffflgepffpssluaesm</span> 
     </span>
     <span class='ocr_line' id='line_1_17' title="bbox 209 1381 1810 1451; baseline 0.002 -17"><span class='ocrx_word' id='word_1_139' title='bbox 209 1403 256 1434; x_wconf 90' lang='lat' dir='ltr'>ut</span> <span class='ocrx_word' id='word_1_140' title='bbox 288 1394 411 1446; x_wconf 88' lang='lat' dir='ltr'>capiti</span> <span class='ocrx_word' id='word_1_141' title='bbox 435 1403 474 1433; x_wconf 94' lang='lat' dir='ltr'>et</span> <span class='ocrx_word' id='word_1_142' title='bbox 495 1394 645 1434; x_wconf 86' lang='lat' dir='ltr'>abbati.</span> <span class='ocrx_word' id='word_1_143' title='bbox 679 1395 732 1433; x_wconf 89' lang='lat' dir='ltr'>Et</span> <span class='ocrx_word' id='word_1_144' title='bbox 754 1394 829 1433; x_wconf 91' lang='lat' dir='ltr'>ista</span> <span class='ocrx_word' id='word_1_145' title='bbox 850 1395 1067 1447; x_wconf 89' lang='lat' dir='ltr'>responsio</span> <span class='ocrx_word' id='word_1_146' title='bbox 1092 1405 1151 1435; x_wconf 86' lang='lat' dir='ltr'>est</span> <span class='ocrx_word' id='word_1_147' title='bbox 1180 1397 1372 1437; x_wconf 90' lang='lat' dir='ltr'>subtilior</span> <span class='ocrx_word' id='word_1_148' title='bbox 1395 1412 1523 1451; x_wconf 85' lang='lat' dir='ltr'>quam</span> <span class='ocrx_word' id='word_1_149' title='bbox 1538 1381 1668 1409; x_wconf 60' lang='lat' dir='ltr'>C¹¹s¹⁵¹⁷³</span> <span class='ocrx_word' id='word_1_150' title='bbox 1707 1386 1810 1417; x_wconf 79' lang='lat' dir='ltr'>agent.</span> 
     </span>
     <span class='ocr_line' id='line_1_18' title="bbox 209 1463 1522 1517; baseline 0.003 -14"><span class='ocrx_word' id='word_1_151' title='bbox 209 1463 378 1517; x_wconf 79' lang='lat' dir='ltr'>priores,</span> <span class='ocrx_word' id='word_1_152' title='bbox 421 1463 502 1503; x_wconf 86' lang='lat' dir='ltr'>Sed</span> <span class='ocrx_word' id='word_1_153' title='bbox 533 1476 619 1503; x_wconf 88' lang='lat' dir='ltr'>non</span> <span class='ocrx_word' id='word_1_154' title='bbox 651 1463 815 1503; x_wconf 86' lang='lat' dir='ltr'>videtur</span> <span class='ocrx_word' id='word_1_155' title='bbox 846 1464 949 1502; x_wconf 90' lang='lat' dir='ltr'>mihi</span> <span class='ocrx_word' id='word_1_156' title='bbox 996 1465 1150 1504; x_wconf 85' lang='lat' dir='ltr'>salvare</span> <span class='ocrx_word' id='word_1_157' title='bbox 1190 1466 1439 1507; x_wconf 82' lang='lat' dir='ltr'>decretalem</span> <span class='ocrx_word' id='word_1_158' title='bbox 1471 1468 1522 1506; x_wconf 90' lang='lat' dir='ltr'>ad</span> 
     </span>
     <span class='ocr_line' id='line_1_19' title="bbox 210 1534 1521 1588; baseline 0.002 -14"><span class='ocrx_word' id='word_1_159' title='bbox 210 1548 380 1574; x_wconf 88' lang='lat' dir='ltr'>sensum</span> <span class='ocrx_word' id='word_1_160' title='bbox 406 1534 645 1587; x_wconf 82' lang='lat' dir='ltr'>expositum</span> <span class='ocrx_word' id='word_1_161' title='bbox 677 1535 748 1573; x_wconf 85' lang='lat' dir='ltr'>sed</span> <span class='ocrx_word' id='word_1_162' title='bbox 770 1534 918 1587; x_wconf 91' lang='lat' dir='ltr'>pocius</span> <span class='ocrx_word' id='word_1_163' title='bbox 940 1534 1163 1587; x_wconf 85' lang='lat' dir='ltr'>infringere</span> <span class='ocrx_word' id='word_1_164' title='bbox 1185 1535 1305 1575; x_wconf 90' lang='lat' dir='ltr'>illum</span> <span class='ocrx_word' id='word_1_165' title='bbox 1329 1548 1521 1588; x_wconf 78' lang='lat' dir='ltr'>sensum3</span> 
     </span>
    </p>

    <p class='ocr_par' dir='ltr' id='par_1_7' title="bbox 171 1604 1523 1660">
     <span class='ocr_line' id='line_1_20' title="bbox 171 1604 1523 1660; baseline 0.001 -15"><span class='ocrx_word' id='word_1_166' title='bbox 171 1605 325 1658; x_wconf 79' lang='lat' dir='ltr'>aquod</span> <span class='ocrx_word' id='word_1_167' title='bbox 355 1604 519 1644; x_wconf 84' lang='lat' dir='ltr'>videtur</span> <span class='ocrx_word' id='word_1_168' title='bbox 563 1604 861 1657; x_wconf 87' lang='lat' dir='ltr'>multipliciter.</span> <span class='ocrx_word' id='word_1_169' title='bbox 907 1606 1015 1644; x_wconf 90' lang='lat' dir='ltr'>Nam</span> <span class='ocrx_word' id='word_1_170' title='bbox 1058 1605 1196 1658; x_wconf 86' lang='lat' dir='ltr'>primo</span> <span class='ocrx_word' id='word_1_171' title='bbox 1248 1615 1361 1659; x_wconf 90' lang='lat' dir='ltr'>patet</span> <span class='ocrx_word' id='word_1_172' title='bbox 1406 1607 1523 1660; x_wconf 87' lang='lat' dir='ltr'>quod</span> 
     </span>
    </p>

    <p class='ocr_par' dir='ltr' id='par_1_8' title="bbox 152 1674 1522 1729">
     <span class='ocr_line' id='line_1_21' title="bbox 152 1674 1522 1729; baseline 0.001 -15"><span class='ocrx_word' id='word_1_173' title='bbox 152 1693 192 1714; x_wconf 83' lang='lat'>20</span> <span class='ocrx_word' id='word_1_174' title='bbox 208 1682 343 1726; x_wconf 89' lang='lat' dir='ltr'>preter</span> <span class='ocrx_word' id='word_1_175' title='bbox 364 1674 486 1714; x_wconf 89' lang='lat' dir='ltr'>istam</span> <span class='ocrx_word' id='word_1_176' title='bbox 509 1674 725 1713; x_wconf 88' lang='lat' dir='ltr'>ecclesiam</span> <span class='ocrx_word' id='word_1_177' title='bbox 749 1683 914 1726; x_wconf 89' lang='lat' dir='ltr'>oportet</span> <span class='ocrx_word' id='word_1_178' title='bbox 936 1688 1091 1727; x_wconf 87' lang='lat' dir='ltr'>ponere</span> <span class='ocrx_word' id='word_1_179' title='bbox 1115 1676 1239 1715; x_wconf 85' lang='lat' dir='ltr'>aliam</span> <span class='ocrx_word' id='word_1_180' title='bbox 1261 1676 1522 1729; x_wconf 86' lang='lat' dir='ltr'>superiorem</span> 
     </span>
    </p>

    <p class='ocr_par' dir='ltr' id='par_1_9' title="bbox 116 1743 1776 1867">
     <span class='ocr_line' id='line_1_22' title="bbox 116 1743 1522 1797; baseline 0.003 -15"><span class='ocrx_word' id='word_1_181' title='bbox 116 1754 195 1786; x_wconf 69' lang='lat'>132²·</span> <span class='ocrx_word' id='word_1_182' title='bbox 209 1756 255 1782; x_wconf 83' lang='lat' dir='ltr'>ex</span> <span class='ocrx_word' id='word_1_183' title='bbox 289 1743 486 1783; x_wconf 90' lang='lat' dir='ltr'>omnibus</span> <span class='ocrx_word' id='word_1_184' title='bbox 519 1743 674 1796; x_wconf 81' lang='lat' dir='ltr'>angelis</span> <span class='ocrx_word' id='word_1_185' title='bbox 707 1753 746 1783; x_wconf 90' lang='lat' dir='ltr'>et</span> <span class='ocrx_word' id='word_1_186' title='bbox 778 1743 1022 1783; x_wconf 88' lang='lat' dir='ltr'>hominibus</span> <span class='ocrx_word' id='word_1_187' title='bbox 1055 1745 1334 1797; x_wconf 78' lang='lat' dir='ltr'>compositam</span> <span class='ocrx_word' id='word_1_188' title='bbox 1359 1746 1476 1786; x_wconf 89' lang='lat' dir='ltr'>cuius</span> <span class='ocrx_word' id='word_1_189' title='bbox 1498 1746 1522 1773; x_wconf 41' lang='grc' dir='ltr'><strong><em>ὴ</em></strong></span> 
     </span>
     <span class='ocr_line' id='line_1_23' title="bbox 206 1813 1776 1867; baseline 0.003 -16"><span class='ocrx_word' id='word_1_190' title='bbox 206 1813 283 1852; x_wconf 88' lang='lat' dir='ltr'>ista</span> <span class='ocrx_word' id='word_1_191' title='bbox 316 1822 375 1853; x_wconf 90' lang='lat' dir='ltr'>est</span> <span class='ocrx_word' id='word_1_192' title='bbox 420 1827 527 1865; x_wconf 88' lang='lat' dir='ltr'>pars.</span> <span class='ocrx_word' id='word_1_193' title='bbox 576 1814 628 1853; x_wconf 82' lang='lat' dir='ltr'>Et</span> <span class='ocrx_word' id='word_1_194' title='bbox 660 1827 732 1866; x_wconf 86' lang='lat' dir='ltr'>per</span> <span class='ocrx_word' id='word_1_195' title='bbox 765 1827 1040 1867; x_wconf 85' lang='lat' dir='ltr'>consequens,</span> <span class='ocrx_word' id='word_1_196' title='bbox 1085 1814 1162 1854; x_wconf 88' lang='lat' dir='ltr'>ista</span> <span class='ocrx_word' id='word_1_197' title='bbox 1200 1828 1285 1854; x_wconf 87' lang='lat' dir='ltr'>non</span> <span class='ocrx_word' id='word_1_198' title='bbox 1331 1825 1392 1855; x_wconf 88' lang='lat' dir='ltr'>est</span> <span class='ocrx_word' id='word_1_199' title='bbox 1425 1816 1518 1854; x_wconf 91' lang='lat' dir='ltr'>uni—</span> <span class='ocrx_word' id='word_1_200' title='bbox 1565 1833 1776 1862; x_wconf 75' lang='lat' dir='ltr'>T110Chu1·ch</span> 
     </span>
    </p>
   </div>
   <div class='ocr_carea' id='block_1_6' title="bbox 206 1870 1802 1937">
    <p class='ocr_par' dir='ltr' id='par_1_10' title="bbox 206 1870 1802 1937">
     <span class='ocr_line' id='line_1_24' title="bbox 206 1870 1802 1937; baseline 0.003 -16"><span class='ocrx_word' id='word_1_201' title='bbox 206 1882 373 1922; x_wconf 86' lang='lat' dir='ltr'>versalis</span> <span class='ocrx_word' id='word_1_202' title='bbox 398 1882 579 1934; x_wconf 81' lang='lat' dir='ltr'>ecclesia,</span> <span class='ocrx_word' id='word_1_203' title='bbox 613 1896 711 1922; x_wconf 91' lang='lat' dir='ltr'>cum</span> <span class='ocrx_word' id='word_1_204' title='bbox 733 1882 784 1922; x_wconf 91' lang='lat' dir='ltr'>sit</span> <span class='ocrx_word' id='word_1_205' title='bbox 816 1883 1088 1935; x_wconf 77' lang='lat' dir='ltr'>particularis,</span> <span class='ocrx_word' id='word_1_206' title='bbox 1121 1884 1219 1937; x_wconf 89' lang='lat' dir='ltr'>quia</span> <span class='ocrx_word' id='word_1_207' title='bbox 1247 1885 1363 1924; x_wconf 87' lang='lat' dir='ltr'>aliter</span> <span class='ocrx_word' id='word_1_208' title='bbox 1386 1885 1521 1925; x_wconf 86' lang='lat' dir='ltr'>forent</span> <span class='ocrx_word' id='word_1_209' title='bbox 1548 1870 1802 1935; x_wconf 44' lang='lat' dir='ltr'>lfffiugssgif&#39;taffi</span> 
     </span>
    </p>
   </div>
   <div class='ocr_carea' id='block_1_7' title="bbox 148 1941 1813 2565">
    <p class='ocr_par' dir='ltr' id='par_1_11' title="bbox 150 1941 1813 2287">
     <span class='ocr_line' id='line_1_25' title="bbox 207 1941 1813 2005; baseline 0.003 -15"><span class='ocrx_word' id='word_1_210' title='bbox 207 1952 309 2003; x_wconf 76' lang='lat' dir='ltr'>due3</span> <span class='ocrx_word' id='word_1_211' title='bbox 342 1952 465 2005; x_wconf 87' lang='lat' dir='ltr'>quod.</span> <span class='ocrx_word' id='word_1_212' title='bbox 491 1961 550 1991; x_wconf 88' lang='lat' dir='ltr'>est</span> <span class='ocrx_word' id='word_1_213' title='bbox 590 1961 734 1991; x_wconf 81' lang='lat' dir='ltr'>contra</span> <span class='ocrx_word' id='word_1_214' title='bbox 778 1953 1093 1992; x_wconf 87' lang='lat' dir='ltr'>conclusionem</span> <span class='ocrx_word' id='word_1_215' title='bbox 1140 1956 1366 1994; x_wconf 85' lang='lat' dir='ltr'>secundam</span> <span class='ocrx_word' id='word_1_216' title='bbox 1418 1955 1522 1995; x_wconf 88' lang='lat' dir='ltr'>dicte</span> <span class='ocrx_word' id='word_1_217' title='bbox 1538 1941 1813 2002; x_wconf 49' lang='lat' dir='ltr'>ffssd{vc{&#39;‘¹isse“g¹}]</span> 
     </span>
     <span class='ocr_line' id='line_1_26' title="bbox 150 2011 1729 2075; baseline 0.003 -15"><span class='ocrx_word' id='word_1_218' title='bbox 150 2032 190 2065; x_wconf 84' lang='lat'>25</span> <span class='ocrx_word' id='word_1_219' title='bbox 209 2021 435 2061; x_wconf 88' lang='lat' dir='ltr'>decretalis.</span> <span class='ocrx_word' id='word_1_220' title='bbox 486 2022 547 2060; x_wconf 86' lang='lat' dir='ltr'>De</span> <span class='ocrx_word' id='word_1_221' title='bbox 592 2021 709 2061; x_wconf 87' lang='lat' dir='ltr'>totali</span> <span class='ocrx_word' id='word_1_222' title='bbox 748 2030 889 2061; x_wconf 88' lang='lat' dir='ltr'>autem</span> <span class='ocrx_word' id='word_1_223' title='bbox 933 2036 1014 2075; x_wconf 89' lang='lat' dir='ltr'>que</span> <span class='ocrx_word' id='word_1_224' title='bbox 1059 2032 1119 2062; x_wconf 87' lang='lat' dir='ltr'>est</span> <span class='ocrx_word' id='word_1_225' title='bbox 1162 2037 1309 2063; x_wconf 88' lang='lat' dir='ltr'>omnes</span> <span class='ocrx_word' id='word_1_226' title='bbox 1354 2025 1522 2064; x_wconf 91' lang='lat' dir='ltr'>ecclesie</span> <span class='ocrx_word' id='word_1_227' title='bbox 1625 2011 1729 2037; x_wconf 75' lang='lat' dir='ltr'>cretal.</span> 
     </span>
     <span class='ocr_line' id='line_1_27' title="bbox 209 2092 1521 2144; baseline 0.004 -15"><span class='ocrx_word' id='word_1_228' title='bbox 209 2099 321 2130; x_wconf 87' lang='lat' dir='ltr'>extra</span> <span class='ocrx_word' id='word_1_229' title='bbox 364 2104 493 2144; x_wconf 86' lang='lat' dir='ltr'>quam</span> <span class='ocrx_word' id='word_1_230' title='bbox 537 2104 623 2130; x_wconf 88' lang='lat' dir='ltr'>non</span> <span class='ocrx_word' id='word_1_231' title='bbox 668 2100 727 2131; x_wconf 88' lang='lat' dir='ltr'>est</span> <span class='ocrx_word' id='word_1_232' title='bbox 774 2092 882 2131; x_wconf 90' lang='lat' dir='ltr'>salus</span> <span class='ocrx_word' id='word_1_233' title='bbox 921 2105 996 2131; x_wconf 88' lang='lat' dir='ltr'>nec</span> <span class='ocrx_word' id='word_1_234' title='bbox 1039 2102 1217 2144; x_wconf 87' lang='lat' dir='ltr'>possunt</span> <span class='ocrx_word' id='word_1_235' title='bbox 1261 2107 1347 2134; x_wconf 87' lang='lat' dir='ltr'>esse</span> <span class='ocrx_word' id='word_1_236' title='bbox 1391 2095 1521 2134; x_wconf 90' lang='lat' dir='ltr'>multe</span> 
     </span>
     <span class='ocr_line' id='line_1_28' title="bbox 165 2161 1519 2215; baseline 0.001 -13"><span class='ocrx_word' id='word_1_237' title='bbox 165 2161 305 2203; x_wconf 86' lang='lat' dir='ltr'>btales</span> <span class='ocrx_word' id='word_1_238' title='bbox 348 2169 409 2200; x_wconf 88' lang='lat' dir='ltr'>est</span> <span class='ocrx_word' id='word_1_239' title='bbox 439 2161 560 2200; x_wconf 89' lang='lat' dir='ltr'>nobis</span> <span class='ocrx_word' id='word_1_240' title='bbox 594 2175 745 2203; x_wconf 89' lang='lat' dir='ltr'>sermo.</span> <span class='ocrx_word' id='word_1_241' title='bbox 795 2162 911 2211; x_wconf 90' lang='lat' dir='ltr'>Item,</span> <span class='ocrx_word' id='word_1_242' title='bbox 951 2162 1126 2215; x_wconf 84' lang='lat' dir='ltr'>quilibet</span> <span class='ocrx_word' id='word_1_243' title='bbox 1158 2163 1312 2203; x_wconf 89' lang='lat' dir='ltr'>Christi</span> <span class='ocrx_word' id='word_1_244' title='bbox 1343 2164 1519 2203; x_wconf 81' lang='lat' dir='ltr'>vicarius</span> 
     </span>
     <span class='ocr_line' id='line_1_29' title="bbox 204 2229 1520 2287; baseline 0.004 -19"><span class='ocrx_word' id='word_1_245' title='bbox 204 2239 264 2270; x_wconf 87' lang='lat' dir='ltr'>est</span> <span class='ocrx_word' id='word_1_246' title='bbox 296 2229 405 2269; x_wconf 89' lang='lat' dir='ltr'>filius</span> <span class='ocrx_word' id='word_1_247' title='bbox 427 2230 518 2269; x_wconf 82' lang='lat' dir='ltr'>talis</span> <span class='ocrx_word' id='word_1_248' title='bbox 543 2231 725 2282; x_wconf 87' lang='lat' dir='ltr'>ecclesie,</span> <span class='ocrx_word' id='word_1_249' title='bbox 755 2232 976 2284; x_wconf 85' lang='lat' dir='ltr'>quomodo</span> <span class='ocrx_word' id='word_1_250' title='bbox 999 2231 1124 2284; x_wconf 86' lang='lat' dir='ltr'>igitur</span> <span class='ocrx_word' id='word_1_251' title='bbox 1148 2241 1264 2285; x_wconf 89' lang='lat' dir='ltr'>pater</span> <span class='ocrx_word' id='word_1_252' title='bbox 1285 2234 1350 2272; x_wconf 87' lang='lat' dir='ltr'>vel</span> <span class='ocrx_word' id='word_1_253' title='bbox 1373 2231 1520 2287; x_wconf 85' lang='lat' dir='ltr'>caput?</span> 
     </span>
    </p>

    <p class='ocr_par' dir='ltr' id='par_1_12' title="bbox 148 2300 1810 2493">
     <span class='ocr_line' id='line_1_30' title="bbox 169 2300 1809 2360; baseline 0.004 -22"><span class='ocrx_word' id='word_1_254' title='bbox 169 2316 191 2342; x_wconf 83' lang='lat'>0</span> <span class='ocrx_word' id='word_1_255' title='bbox 264 2300 381 2350; x_wconf 82' lang='lat' dir='ltr'>Item,</span> <span class='ocrx_word' id='word_1_256' title='bbox 427 2300 601 2353; x_wconf 88' lang='lat' dir='ltr'>quilibet</span> <span class='ocrx_word' id='word_1_257' title='bbox 633 2309 826 2341; x_wconf 89' lang='lat' dir='ltr'>nostrum</span> <span class='ocrx_word' id='word_1_258' title='bbox 864 2301 969 2340; x_wconf 87' lang='lat' dir='ltr'>sicut</span> <span class='ocrx_word' id='word_1_259' title='bbox 1014 2309 1053 2340; x_wconf 90' lang='lat' dir='ltr'>et</span> <span class='ocrx_word' id='word_1_260' title='bbox 1093 2301 1272 2341; x_wconf 89' lang='lat' dir='ltr'>istorum</span> <span class='ocrx_word' id='word_1_261' title='bbox 1315 2317 1582 2356; x_wconf 75' lang='lat' dir='ltr'>paparumNo</span> <span class='ocrx_word' id='word_1_262' title='bbox 1604 2322 1809 2360; x_wconf 66' lang='lat' dir='ltr'>popcknqws</span> 
     </span>
     <span class='ocr_line' id='line_1_31' title="bbox 148 2356 1810 2425; baseline 0.002 -15"><span class='ocrx_word' id='word_1_263' title='bbox 148 2378 189 2411; x_wconf 87' lang='lat'>30</span> <span class='ocrx_word' id='word_1_264' title='bbox 204 2367 368 2421; x_wconf 86' lang='lat' dir='ltr'>ignorat</span> <span class='ocrx_word' id='word_1_265' title='bbox 405 2369 438 2408; x_wconf 88' lang='lat' dir='ltr'>si</span> <span class='ocrx_word' id='word_1_266' title='bbox 477 2369 528 2409; x_wconf 88' lang='lat' dir='ltr'>sit</span> <span class='ocrx_word' id='word_1_267' title='bbox 567 2370 807 2410; x_wconf 90' lang='lat' dir='ltr'>membrum</span> <span class='ocrx_word' id='word_1_268' title='bbox 851 2370 941 2410; x_wconf 88' lang='lat' dir='ltr'>talis</span> <span class='ocrx_word' id='word_1_269' title='bbox 976 2371 1163 2411; x_wconf 87' lang='lat' dir='ltr'>ecclesie:</span> <span class='ocrx_word' id='word_1_270' title='bbox 1197 2372 1374 2411; x_wconf 90' lang='lat' dir='ltr'>omnino</span> <span class='ocrx_word' id='word_1_271' title='bbox 1420 2386 1519 2425; x_wconf 87' lang='lat' dir='ltr'>ergo</span> <span class='ocrx_word' id='word_1_272' title='bbox 1534 2356 1674 2418; x_wconf 51' lang='grc' dir='ltr'>ἶζῗξζιιζζξ</span> <span class='ocrx_word' id='word_1_273' title='bbox 1693 2358 1733 2418; x_wconf 56' lang='grc' dir='ltr'>Ῑᾉξ</span> <span class='ocrx_word' id='word_1_274' title='bbox 1750 2365 1810 2419; x_wconf 50' lang='lat' dir='ltr'>¹1⁵1ss</span> 
     </span>
     <span class='ocr_line' id='line_1_32' title="bbox 204 2426 1737 2493; baseline 0.004 -17"><span class='ocrx_word' id='word_1_275' title='bbox 204 2450 290 2476; x_wconf 88' lang='lat' dir='ltr'>non</span> <span class='ocrx_word' id='word_1_276' title='bbox 336 2439 457 2478; x_wconf 83' lang='lat' dir='ltr'>debet</span> <span class='ocrx_word' id='word_1_277' title='bbox 499 2452 736 2491; x_wconf 88' lang='lat' dir='ltr'>presumere</span> <span class='ocrx_word' id='word_1_278' title='bbox 782 2441 898 2493; x_wconf 88' lang='lat' dir='ltr'>quod</span> <span class='ocrx_word' id='word_1_279' title='bbox 941 2439 992 2479; x_wconf 88' lang='lat' dir='ltr'>sit</span> <span class='ocrx_word' id='word_1_280' title='bbox 1038 2441 1278 2493; x_wconf 79' lang='lat' dir='ltr'>capitaneus</span> <span class='ocrx_word' id='word_1_281' title='bbox 1324 2442 1518 2482; x_wconf 90' lang='lat' dir='ltr'>omnium</span> <span class='ocrx_word' id='word_1_282' title='bbox 1604 2426 1737 2453; x_wconf 49' lang='lat' dir='ltr'>mmm</span> 
     </span>
    </p>

    <p class='ocr_par' dir='ltr' id='par_1_13' title="bbox 208 2506 1518 2565">
     <span class='ocr_line' id='line_1_33' title="bbox 208 2506 1518 2565; baseline 0.005 -20"><span class='ocrx_word' id='word_1_283' title='bbox 208 2506 379 2546; x_wconf 90' lang='lat' dir='ltr'>illorum</span> <span class='ocrx_word' id='word_1_284' title='bbox 413 2517 585 2561; x_wconf 88' lang='lat' dir='ltr'>propter</span> <span class='ocrx_word' id='word_1_285' title='bbox 616 2509 832 2561; x_wconf 87' lang='lat' dir='ltr'>apostolos</span> <span class='ocrx_word' id='word_1_286' title='bbox 865 2518 904 2548; x_wconf 90' lang='lat' dir='ltr'>et</span> <span class='ocrx_word' id='word_1_287' title='bbox 926 2509 1028 2548; x_wconf 89' lang='lat' dir='ltr'>alios</span> <span class='ocrx_word' id='word_1_288' title='bbox 1052 2519 1216 2550; x_wconf 89' lang='lat' dir='ltr'>sanctos</span> <span class='ocrx_word' id='word_1_289' title='bbox 1245 2511 1413 2563; x_wconf 83' lang='lat' dir='ltr'>ignotos</span> <span class='ocrx_word' id='word_1_290' title='bbox 1446 2513 1518 2565; x_wconf 86' lang='lat' dir='ltr'>qui</span> 
     </span>
    </p>
   </div>
   <div class='ocr_carea' id='block_1_8' title="bbox 203 2578 1515 2621">
    <p class='ocr_par' dir='ltr' id='par_1_14' title="bbox 203 2578 1515 2621">
     <span class='ocr_line' id='line_1_34' title="bbox 203 2578 1515 2621; baseline 0.005 -7"><span class='ocrx_word' id='word_1_291' title='bbox 203 2578 440 2617; x_wconf 88' lang='lat' dir='ltr'>secundum</span> <span class='ocrx_word' id='word_1_292' title='bbox 472 2578 596 2617; x_wconf 86' lang='lat' dir='ltr'>aliam</span> <span class='ocrx_word' id='word_1_293' title='bbox 629 2579 810 2618; x_wconf 89' lang='lat' dir='ltr'>formam</span> <span class='ocrx_word' id='word_1_294' title='bbox 844 2579 1047 2619; x_wconf 85' lang='lat' dir='ltr'>dominati</span> <span class='ocrx_word' id='word_1_295' title='bbox 1087 2588 1185 2619; x_wconf 88' lang='lat' dir='ltr'>sunt</span> <span class='ocrx_word' id='word_1_296' title='bbox 1216 2594 1288 2620; x_wconf 90' lang='lat' dir='ltr'>sue</span> <span class='ocrx_word' id='word_1_297' title='bbox 1335 2582 1515 2621; x_wconf 87' lang='lat' dir='ltr'>ecclesie.</span> 
     </span>
    </p>
   </div>
   <div class='ocr_carea' id='block_1_9' title="bbox 202 2735 1517 2909">
    <p class='ocr_par' dir='ltr' id='par_1_15' title="bbox 202 2735 1517 2909">
     <span class='ocr_line' id='line_1_35' title="bbox 262 2735 1517 2773; baseline 0.004 -11"><span class='ocrx_word' id='word_1_298' title='bbox 262 2735 288 2762; x_wconf 78' lang='lat'>8.</span> <span class='ocrx_word' id='word_1_299' title='bbox 308 2736 337 2762; x_wconf 92' lang='lat' dir='ltr'><strong>A</strong></span> <span class='ocrx_word' id='word_1_300' title='bbox 356 2735 385 2762; x_wconf 90' lang='lat' dir='ltr'>in</span> <span class='ocrx_word' id='word_1_301' title='bbox 407 2743 511 2770; x_wconf 83' lang='lat' dir='ltr'>marg:</span> <span class='ocrx_word' id='word_1_302' title='bbox 533 2736 590 2763; x_wconf 91' lang='lat' dir='ltr'>Hic</span> <span class='ocrx_word' id='word_1_303' title='bbox 610 2741 690 2764; x_wconf 86' lang='lat' dir='ltr'>nota.</span> <span class='ocrx_word' id='word_1_304' title='bbox 799 2746 839 2764; x_wconf 85' lang='lat' dir='ltr'>io.</span> <span class='ocrx_word' id='word_1_305' title='bbox 862 2737 883 2764; x_wconf 88' lang='lat' dir='ltr'>B</span> <span class='ocrx_word' id='word_1_306' title='bbox 905 2738 935 2765; x_wconf 93' lang='lat' dir='ltr'>in</span> <span class='ocrx_word' id='word_1_307' title='bbox 956 2745 1060 2773; x_wconf 83' lang='lat' dir='ltr'>marg:</span> <span class='ocrx_word' id='word_1_308' title='bbox 1082 2736 1251 2773; x_wconf 84' lang='lat' dir='ltr'>Gregorius</span> <span class='ocrx_word' id='word_1_309' title='bbox 1272 2740 1421 2773; x_wconf 51' lang='lat' dir='ltr'>elwinum</span> <span class='ocrx_word' id='word_1_310' title='bbox 1443 2740 1517 2767; x_wconf 84' lang='lat' dir='ltr'>ibid.</span> 
     </span>
     <span class='ocr_line' id='line_1_36' title="bbox 203 2780 1516 2820; baseline 0.004 -12"><span class='ocrx_word' id='word_1_311' title='bbox 203 2780 309 2809; x_wconf 85' lang='lat' dir='ltr'>Codd:</span> <span class='ocrx_word' id='word_1_312' title='bbox 342 2782 513 2817; x_wconf 80' lang='lat' dir='ltr'>Gregorius</span> <span class='ocrx_word' id='word_1_313' title='bbox 541 2782 650 2810; x_wconf 87' lang='lat' dir='ltr'>XXIII.</span> <span class='ocrx_word' id='word_1_314' title='bbox 673 2784 779 2811; x_wconf 78' lang='lat' dir='ltr'>Moral.</span> <span class='ocrx_word' id='word_1_315' title='bbox 807 2792 874 2818; x_wconf 83' lang='lat' dir='ltr'>cap.</span> <span class='ocrx_word' id='word_1_316' title='bbox 896 2784 919 2817; x_wconf 93' lang='lat' dir='ltr'>I,</span> <span class='ocrx_word' id='word_1_317' title='bbox 950 2783 1088 2811; x_wconf 84' lang='lat' dir='ltr'>Correxi.</span> <span class='ocrx_word' id='word_1_318' title='bbox 1112 2783 1159 2812; x_wconf 84' lang='lat' dir='ltr'>Cf.</span> <span class='ocrx_word' id='word_1_319' title='bbox 1182 2783 1275 2819; x_wconf 79' lang='lat' dir='ltr'>Greg.</span> <span class='ocrx_word' id='word_1_320' title='bbox 1297 2785 1379 2820; x_wconf 81' lang='lat' dir='ltr'>Opp.</span> <span class='ocrx_word' id='word_1_321' title='bbox 1400 2793 1473 2813; x_wconf 80' lang='lat' dir='ltr'>tom.</span> <span class='ocrx_word' id='word_1_322' title='bbox 1495 2787 1516 2818; x_wconf 69' lang='lat'>1,</span> 
     </span>
     <span class='ocr_line' id='line_1_37' title="bbox 202 2827 1516 2865; baseline 0.004 -12"><span class='ocrx_word' id='word_1_323' title='bbox 202 2835 271 2861; x_wconf 81' lang='lat' dir='ltr'>pag.</span> <span class='ocrx_word' id='word_1_324' title='bbox 294 2827 363 2855; x_wconf 77' lang='lat'>1510.</span> <span class='ocrx_word' id='word_1_325' title='bbox 506 2827 542 2856; x_wconf 82' lang='lat'>13.</span> <span class='ocrx_word' id='word_1_326' title='bbox 567 2829 587 2855; x_wconf 80' lang='grc' dir='ltr'>Β</span> <span class='ocrx_word' id='word_1_327' title='bbox 615 2830 643 2856; x_wconf 87' lang='lat' dir='ltr'>in</span> <span class='ocrx_word' id='word_1_328' title='bbox 672 2838 776 2865; x_wconf 82' lang='lat' dir='ltr'>marg:</span> <span class='ocrx_word' id='word_1_329' title='bbox 808 2830 949 2857; x_wconf 78' lang='lat' dir='ltr'>Christus</span> <span class='ocrx_word' id='word_1_330' title='bbox 979 2839 995 2857; x_wconf 80' lang='lat' dir='ltr'>a</span> <span class='ocrx_word' id='word_1_331' title='bbox 1025 2831 1179 2865; x_wconf 81' lang='lat' dir='ltr'>principio</span> <span class='ocrx_word' id='word_1_332' title='bbox 1217 2831 1325 2858; x_wconf 88' lang='lat' dir='ltr'>mundi</span> <span class='ocrx_word' id='word_1_333' title='bbox 1356 2838 1459 2859; x_wconf 81' lang='lat' dir='ltr'>manet</span> <span class='ocrx_word' id='word_1_334' title='bbox 1488 2833 1516 2859; x_wconf 84' lang='lat' dir='ltr'>in</span> 
     </span>
     <span class='ocr_line' id='line_1_38' title="bbox 203 2873 1048 2909; baseline 0.007 -11"><span class='ocrx_word' id='word_1_335' title='bbox 203 2873 304 2899; x_wconf 80' lang='lat' dir='ltr'>causis</span> <span class='ocrx_word' id='word_1_336' title='bbox 326 2874 479 2901; x_wconf 86' lang='lat' dir='ltr'>secundis.</span> <span class='ocrx_word' id='word_1_337' title='bbox 588 2874 630 2902; x_wconf 78' lang='lat'>23.</span> <span class='ocrx_word' id='word_1_338' title='bbox 653 2883 699 2909; x_wconf 67' lang='lat'>24.</span> <span class='ocrx_word' id='word_1_339' title='bbox 723 2877 760 2902; x_wconf 63' lang='lat' dir='ltr'>H:</span> <span class='ocrx_word' id='word_1_340' title='bbox 782 2876 881 2903; x_wconf 83' lang='lat' dir='ltr'>forent</span> <span class='ocrx_word' id='word_1_341' title='bbox 902 2878 1048 2904; x_wconf 87' lang='lat' dir='ltr'>secundo.</span> 
     </span>
    </p>
   </div>
  </div>
 </body>
</html>
