2051 3273
241 201 321 251 314
958 213 1180 244 JoHANNis
1205 213 1400 245 wthir.
1629 200 1734 257 [CAP.
1756 211 1836 239 xiv.

524 318 722 356 habentes
745 328 970 370 utrumque
994 317 1194 369 gladium.
1220 317 1287 356 Sic
1313 318 1426 356 enim
1448 318 1598 371 legitur
1621 319 1837 371 apostolos
1857 331 1935 374 173a
1956 332 1988 364 L

524 387 717 425 habuisse
763 395 954 439 tempore
1003 386 1213 439 capcionis
1248 387 1401 427 Christi
1448 389 1554 427 duos
1586 388 1760 441 gladios,
1800 398 1838 428 et

525 457 648 495 Petro
681 456 867 508 precepit
900 455 1092 495 Christus
1125 457 1240 510 quod
1273 466 1449 509 poneret
1486 457 1673 511 gladium
1712 472 1837 498 suum

524 526 565 564 in
610 525 817 578 vaginam.
865 527 925 564 Ex
970 540 1055 579 quo
1102 527 1230 565 verbo
1275 527 1463 566 innuitur
1508 528 1625 580 quod
1664 528 1837 567 ecclesia

526 595 678 634 Christi
725 604 763 634 et
806 595 998 634 navicula
1048 596 1156 634 Petri
1203 597 1355 635 debent
1406 596 1556 635 habere
1609 606 1871 650 utrumque5

523 664 727 717 gladium,
762 673 807 704 ut
840 674 957 704 notat
990 666 1134 704 beatus
1168 667 1402 705 Bernardus
1436 675 1475 705 et
1509 666 1717 719 quotlibet
1748 667 1838 706 iura

525 734 724 773 canonica
757 748 853 773 cum
888 735 1202 774 concordanciis
1236 736 1473 777 doctorum.
1499 737 1551 775 Et
1575 736 1653 776 hoc
1675 736 1839 776 videtur

523 805 693 843 beatum
725 805 896 844 Petrum
929 805 1101 844 innuere
1135 806 1169 844 Ιξι
1200 805 1308 845 Petri
1342 806 1410 856 110,
1446 820 1483 858 9,
1516 807 1687 859 quando
1720 806 1835 845 dicit:

531 875 608 913 Vos
640 875 736 914 estis
767 888 909 928 genus
941 877 1135 927 electum,
1171 877 1320 930 regale
1352 876 1648 916 sacerdocium
1682 883 1757 916 etc.

294 952 443 978 Answer:
581 944 660 983 Hic
719 946 957 998 respondeo
1017 946 1288 985 concedendo
1340 945 1559 997 maiorem,
1612 946 1683 984 sed
1728 960 1835 999 nego
1856 969 1895 990 10

231 986 732 1055 rigffigsssfffhssssfifldheminorem
764 1023 985 1068 tamquam
1020 1030 1186 1055 summe
1218 1016 1457 1055 hereticam.
1494 1015 1685 1056 Christus
1724 1015 1837 1054 enim

234 1056 284 1083 Μ
312 1061 455 1117 ΠΙξεῘῑὲἷΙ-νθ
476 1062 506 1083 ¹⁰
521 1084 669 1123 habuit
701 1084 945 1124 humanitus
977 1085 1041 1124 ius
1074 1085 1405 1138 primogeniture
1438 1085 1612 1124 nomine
1643 1086 1836 1137 redemp-

521 1155 621 1193 toris
681 1154 855 1193 humani
901 1154 1061 1206 generis
1110 1164 1149 1194 et
1194 1155 1366 1194 nomine
1412 1155 1557 1208 capitis
1596 1155 1837 1195 universalis

522 1224 691 1263 ecclesie
725 1238 822 1263 cum
861 1225 1003 1264 multis
1042 1225 1129 1263 aliis
1172 1225 1451 1278 singularibus
1484 1225 1721 1278 privilegiis,
1756 1238 1837 1278 que

524 1308 597 1333 nec
631 1303 787 1347 quanta
821 1295 959 1346 potuit
992 1294 1123 1334 facere
1146 1294 1280 1334 inesse
1303 1296 1425 1334 Petro
1449 1295 1514 1334 vel
1537 1295 1659 1334 alicui
1681 1295 1836 1334 vicario
1858 1308 1894 1340 15

521 1363 676 1403 Christi
710 1364 951 1415 formaliter,
985 1364 1091 1404 sicut
1125 1365 1389 1417 Augustinus
1422 1365 1563 1404 recitat
1585 1378 1710 1417 super
1730 1365 1835 1416 Joh.,

520 1433 687 1473 Omelia
727 1435 813 1476 Vl'd.
867 1436 1169 1475 Verumtamen
1214 1435 1477 1488 Augustinus
1523 1435 1667 1474 recitat
1710 1448 1835 1487 super

517 1504 624 1555 Jolr,
659 1504 825 1544 Omelia
847 1505 914 1555 Va,
951 1505 1142 1545 Christus
1174 1505 1313 1557 potuit
1336 1504 1672 1544 communicasse
1694 1505 1833 1555 Petro,

517 1573 695 1613 johanni
714 1575 777 1613 vel
800 1574 915 1613 alteri
933 1584 1197 1627 potestatem,
1223 1584 1268 1615 ut
1292 1575 1504 1613 christiani
1527 1575 1837 1627 baptizarentur

520 1644 560 1682 in
594 1644 766 1683 nomine
800 1658 961 1695 eorum,
1001 1645 1033 1683 si
1066 1644 1123 1683 sic
1155 1644 1367 1696 voluisset,
1402 1645 1472 1683 sed
1496 1658 1570 1683 nec
1593 1644 1728 1683 voluit
1760 1657 1834 1683 nec
1855 1665 1894 1686 20

518 1714 674 1765 docuit,
715 1714 829 1767 quod
875 1714 1063 1766 implicat
1106 1715 1223 1768 quod
1256 1728 1342 1753 non
1375 1715 1431 1753 sic
1464 1714 1603 1767 potuit
1642 1714 1835 1754 voluisse.

576 1784 655 1823 Sed
702 1784 874 1823 ulterius
923 1785 1111 1823 concedo
1158 1784 1224 1838 (ut
1256 1798 1352 1837 sepe
1375 1784 1492 1838 alias)
1527 1785 1643 1838 quod
1676 1785 1834 1824 nedum

519 1853 690 1892 ecclesia
734 1854 806 1892 sed
852 1854 984 1893 clerus
1018 1854 1170 1894 Christi
1216 1855 1340 1894 habet
1372 1863 1600 1907 utrumque
1631 1854 1833 1908 gladium.

520 1923 703 1963 Ecclesia
726 1925 900 1977 quidem
923 1938 1020 1964 cum
1043 1925 1191 1964 habeat
1210 1926 1312 1964 duas
1328 1934 1476 1978 partes,
1503 1924 1655 1963 scilicet
1678 1924 1834 1963 clerum

518 2002 556 2032 et
579 1993 732 2046 laycos,
766 2007 945 2047 quarum
969 1994 1082 2046 prior
1104 2008 1197 2047 pars
1221 1994 1344 2034 habet
1366 1995 1553 2047 gladium
1577 1993 1835 2046 spiritualem
1852 2003 1891 2036 25

519 2062 559 2100 in
594 2077 634 2101 se
668 2063 896 2102 formaliter
929 2073 967 2102 et
1010 2077 1103 2116 pars
1136 2064 1303 2117 laycalis
1348 2064 1581 2103 secundum
1627 2063 1834 2116 principes

517 2132 642 2171 seculi
676 2133 799 2172 habet
830 2133 1017 2186 gladium
1052 2134 1313 2186 corporalem
1344 2134 1386 2172 in
1420 2148 1461 2172 se
1495 2133 1734 2172 formaliter.

575 2202 765 2255 Intelligo
799 2212 939 2242 autem
972 2217 1045 2255 per
1085 2212 1312 2257 utrumque
1346 2204 1533 2256 gladium
1573 2204 1624 2242 ad
1663 2212 1887 2244 sensumM

516 2272 728 2311 misticum
781 2272 1021 2325 potenciam
1066 2273 1308 2325 castigandi,
1362 2273 1546 2325 priorem
1592 2273 1832 2326 potenciam

571 2440 610 2459 ιο,
634 2433 660 2459 Α
682 2432 709 2459 in
734 2441 847 2467 marg:
869 2432 1052 2467 Responsio.
1164 2440 1201 2459 12.
1224 2433 1263 2459 15:
1290 2441 1336 2459 ius
1358 2434 1453 2459 deest.
1569 2441 1610 2466 14.
1635 2433 1655 2460 Β
1670 2433 1698 2460 iii
1716 2442 1830 2469 marg:

516 2479 548 2506 Si
571 2479 712 2506 Christus
734 2480 839 2506 habuit
860 2484 1044 2515 potestatem
1071 2480 1257 2507 cohercendi
1285 2480 1425 2506 homines
1454 2479 1608 2514 corporali
1632 2480 1755 2507 racione
1777 2489 1830 2507 sue

517 2527 641 2560 regalie,
680 2526 761 2552 unde
794 2531 839 2553 est
872 2526 955 2562 quod
989 2527 1047 2553 sibi
1081 2531 1258 2562 competere
1292 2526 1449 2553 dominari
1489 2525 1618 2553 civiliter
1650 2526 1830 2561 denegatur.

517 2580 558 2598 22.
581 2573 607 2599 A
630 2573 649 2598 Β
672 2573 700 2599 in
724 2581 837 2607 marg:
868 2573 947 2600 Nota
974 2573 1103 2608 qualiter
1129 2573 1258 2600 ecclesia
1283 2572 1373 2599 habet
1400 2572 1478 2599 duos
1501 2572 1621 2606 gladios
1648 2573 1704 2607 (Az
1728 2572 1831 2599 Below

518 2617 579 2653 1731·
598 2619 727 2645 without
748 2620 835 2646 marl(
855 2619 889 2646 os
902 2620 1081 2654 reference).
1226 2620 1270 2646 25.
1293 2619 1313 2645 b*
1335 2620 1364 2646 iii
1382 2628 1498 2653 marg:
1522 2620 1605 2654 Quid
1627 2621 1749 2654 signant
1770 2620 1830 2646 duo

516 2665 608 2698 gladii
630 2666 768 2693 ecclesie.
808 2665 846 2692 ss:
869 2666 905 2693 ad
928 2674 1053 2693 sensum
1074 2682 1106 2685 —
1127 2666 1263 2701 gladium
1286 2671 1470 2701 potestatem
1494 2666 1589 2693 deest.

581 2770 628 2803 18.
656 2773 743 2814 Aug.
772 2773 808 2804 In
833 2772 911 2805 Joh.
939 2774 1000 2804 Ev.
1029 2783 1103 2815 cap.
1134 2773 1157 2813 1,
1183 2779 1277 2804 tract.
1306 2774 1346 2803 V.
1375 2773 1467 2814 Opp.
1494 2779 1578 2804 tom.
1606 2773 1658 2813 111,
1686 2784 1764 2816 pars
1792 2774 1830 2814 ΙΙ7

516 2840 593 2871 pag.
623 2830 697 2862 323.
