2051 3273
204 246 291 276 CAP.
307 236 388 294 xit]
723 250 781 282 DE
808 250 1042 282 ECCLESIA.

48 364 83 397 D
106 362 183 406 164d
198 353 488 393 condicionem
520 353 729 405 dignitatis
762 367 939 406 persone
971 352 1131 406 capacis
1155 351 1220 407 (ut
1258 352 1417 392 dictum
1450 361 1509 392 est

197 424 295 463 XX0
329 436 415 475 cap.
448 421 541 461 libri
572 422 752 474 proximi
785 431 824 462 et
855 436 951 475 sepe
984 420 1114 476 alias).

150 503 183 535 Ε
256 492 376 532 Unde
400 489 465 546 (ut
483 490 564 530 dixi
584 488 669 546 hic)
692 492 803 532 Deus
827 505 912 531 non
935 500 1074 545 potest
1095 491 1509 531 subintelleccionem

197 561 289 601 talis
313 559 570 600 condicionis
594 561 905 613 pretermittere,
930 570 969 601 et
991 561 1102 601 curia
1125 562 1318 600 Romana
1333 562 1511 600 declarat

165 631 240 672 5in
273 630 388 670 omni
428 630 697 670 concessione
742 644 815 670 sua
854 631 903 669 de
935 630 1154 683 privilegio
1215 630 1510 669 condicionem

199 700 345 739 debere
377 699 628 753 subintelligi
663 698 727 754 (ut
767 700 809 738 in
853 699 1047 752 proximo
1094 699 1277 752 capitulo
1310 699 1510 752 allegatur

199 770 410 809 decretum
442 783 548 822 pape
579 770 731 819 XXVa,
765 783 804 822 q.
840 769 869 820 Ι,
920 768 1022 808 Ideo
1048 766 1353 823 permittente).
1388 769 1509 808 Absit

106 838 337 892 165¹*itaque
369 847 414 878 ut
445 839 717 891 imponamus
741 837 766 865 ²¹⁴
788 837 971 877 dominis
1004 838 1305 890 temporalibus
1350 846 1510 878 tantam

200 908 502 961 blasphemiam
546 909 663 961 quod
708 907 786 960 ipsi
829 920 916 947 non
959 907 1041 947 sint
1080 907 1169 947 Deo
1209 908 1380 947 subiecti
1413 908 1509 947 sub-

145 976 475 1031 iointelligentes
534 976 841 1027 condicionem,
905 977 937 1016 si
996 977 1085 1017 Deo
1143 977 1357 1030 placuerit,
1413 991 1511 1016 cum

197 1046 339 1086 Jacobi
371 1047 446 1087 IV0
481 1047 654 1086 docetur
690 1054 778 1085 tota
819 1046 1038 1086 christiana
1069 1047 1213 1099 religio
1259 1047 1308 1085 de
1353 1047 1511 1086 cunctis

199 1116 393 1168 operibus
426 1115 572 1155 futuris
604 1115 830 1168 exprimere
863 1116 927 1155 vel
959 1117 1106 1155 saltem
1138 1116 1447 1167 subintelligere
1479 1116 1510 1155 si

198 1186 309 1224 Deus
340 1185 537 1237 voluerit;
575 1185 690 1224 aliter
722 1185 835 1225 enim
877 1195 1019 1238 posset
1066 1185 1249 1225 discolus
1293 1185 1511 1225 vendicare

200 1254 447 1294 elemosinas
486 1254 727 1307 principum
765 1264 898 1294 stante
931 1255 1115 1295 maxima
1147 1255 1338 1307 discolia3
1383 1264 1422 1295 et
1455 1255 1511 1294 sic

147 1323 462 1364 15inficerentur
494 1324 721 1364 elemosine
755 1322 819 1379 (ut
850 1325 1010 1364 dictum
1043 1334 1103 1364 est
1125 1326 1261 1365 XXIV
1295 1339 1382 1378 cap.
1418 1324 1510 1364 libri

200 1391 411 1447 proximi).
455 1394 575 1433 Unde
608 1393 938 1434 Archidiaconus
983 1394 1081 1434 dicit
1123 1396 1238 1448 quod
1278 1396 1385 1435 tales
1425 1395 1510 1435 dis-

201 1463 283 1502 coli
328 1475 408 1501 non
441 1469 543 1501 sunt
582 1463 649 1502 illi
691 1463 847 1516 quibus
894 1464 1122 1504 elemosine
1160 1471 1263 1504 sunt
1300 1478 1509 1505 concesse.

201 1532 521 1572 Attenderemus
554 1545 650 1585 ergo
683 1533 735 1572 ad
767 1533 927 1572 dictum
958 1533 1047 1584 Dei,
1082 1534 1116 1572 10
1138 1535 1305 1587 Regum
1339 1534 1408 1586 ΙΙΟ,
1447 1537 1510 1586 30,

201 1602 463 1641 concedentis
487 1603 595 1656 Hely
618 1611 657 1642 et
671 1616 747 1641 suo
769 1602 909 1655 generi
932 1603 1217 1643 sacerdocium
1239 1613 1511 1656 perpetuum:

143 1688 184 1709 20
200 1670 412 1724 Loquens,
444 1672 591 1725 inquit,
626 1672 792 1712 locutus
813 1685 924 1723 sum,
950 1679 994 1712 ut
1016 1673 1169 1713 domus
1191 1680 1265 1712 tua
1292 1681 1330 1713 et
1358 1674 1512 1714 domus

194 1743 338 1794 patris
381 1743 444 1781 tui
490 1742 753 1781 ministraret
800 1743 842 1781 in
891 1749 1121 1794 conspectu
1165 1756 1254 1783 meo
1302 1756 1435 1796 usque
1468 1745 1509 1783 in

199 1811 520 1862 sempiternum.
555 1811 681 1850 Nunc
713 1817 856 1850 autem
892 1811 995 1851 dicit
1016 1812 1253 1852 Dominus:
1283 1813 1403 1853 Absit
1432 1814 1511 1853 lzoc

201 1894 226 1919 a
260 1893 342 1928 me,
376 1879 450 1919 sed
487 1880 728 1933 quicunque
767 1881 1116 1933 honorificaverit
1147 1895 1226 1927 nze,
1258 1883 1512 1936 glorificabo

201 1962 313 2000 eum,
357 1950 431 2002 qui
468 1956 609 1989 autem
648 1957 955 2002 contempnunt
991 1964 1071 2001 me,
1118 1958 1246 1991 erunt
1282 1952 1514 2005 ignobiles;

145 2025 182 2057 25
202 2031 289 2057 non
320 2027 459 2071 potest
482 2017 723 2070 blaspheme
746 2018 921 2071 intelligi
944 2020 1061 2073 quod
1084 2020 1195 2059 Deus
1211 2020 1262 2060 sit
1282 2021 1512 2061 contrarius

200 2087 276 2126 sibi
307 2087 399 2140 ipsi,
433 2101 531 2127 cum
553 2089 787 2128 secundum
809 2089 1070 2141 Apostolum
1101 2103 1145 2129 se
1178 2091 1316 2142 ipsum
1351 2104 1513 2145 negare

201 2170 282 2197 non
309 2163 467 2209 potest,
501 2157 571 2196 sed
594 2157 691 2210 quia
713 2157 992 2197 subintellexit
1015 2159 1307 2199 condicionem
1329 2161 1379 2199 de
1402 2161 1512 2213 Hely

200 2235 239 2265 et
276 2239 353 2265 suo
387 2239 534 2278 genere
573 2235 782 2279 quantum
819 2228 871 2266 ad
914 2228 1201 2268 sacerdocium
1243 2238 1511 2282 perpetuum,

201 2309 328 2348 quam
362 2295 656 2335 condicionem
687 2296 765 2349 ipsi
797 2298 1012 2349 peccando
1046 2297 1302 2350 diruperant,
1344 2312 1512 2338 necesse

145 2369 185 2401 30
200 2364 277 2404 fuit
316 2379 362 2403 ex
394 2364 504 2404 iusto
536 2365 691 2404 iudicio
722 2366 918 2417 veritatis,
959 2376 1005 2406 ut
1036 2367 1324 2408 transferretur
1355 2368 1405 2407 ab
1438 2368 1510 2407 illo

201 2435 252 2473 ad
299 2434 428 2473 alium
472 2447 544 2486 per
589 2435 752 2474 donum
784 2436 873 2475 Dei.
926 2436 1057 2476 Aliter
1101 2437 1212 2476 enim
1250 2438 1364 2477 Deus
1409 2437 1513 2476 foret

200 2511 346 2542 auctor
377 2503 538 2542 iniurie.
594 2502 709 2542 Ideo
758 2518 871 2557 sepe
917 2506 1028 2544 dedi
1075 2506 1275 2546 clericis
1323 2506 1512 2545 uostris

254 2674 295 2700 16.
317 2673 345 2699 A
364 2673 392 2700 in
415 2681 528 2708 marg:
548 2673 808 2701 Archidiaconus.
921 2684 967 2703 20.
987 2677 1015 2703 A
1038 2676 1067 2703 in
1092 2684 1204 2711 marg:
1232 2676 1315 2703 Deus
1337 2677 1429 2704 donat
1455 2677 1511 2703 sub

200 2718 392 2746 condicione.
534 2718 580 2747 30.
603 2719 721 2747 Codd.2
750 2721 1011 2751 transfer-seretur.

261 2860 288 2890 7.
319 2849 427 2880 Causa
454 2851 558 2888 XXV,
585 2859 617 2891 q.
645 2849 667 2888 Ι,
695 2860 766 2892 cap,
794 2851 883 2882 XVI.
1027 2849 1302 2884 26.11.Tirn0th.
1329 2852 1368 2893 Il,
1402 2852 1450 2884 13.

1359 2921 1396 2952 Ι7

1717 240 1796 292 257

1577 499 1682 526 Hence
1705 500 1742 526 all

1540 540 1644 568 grants
1668 534 1780 561 should

1539 569 1575 595 be
1596 569 1786 595 conditional

1536 611 1576 629 on
1600 603 1786 630 wortlxincss

1524 637 1553 664 in
1582 638 1631 664 tlic
1661 642 1796 672 grantec.

1562 1537 1645 1565 Even
1667 1537 1766 1565 God’s

1553 1572 1708 1608 promises
1729 1581 1781 1600 are

1552 1608 1623 1635 thus
1644 1607 1778 1635 conditi-

1622 1644 1704 1669 onai.
