2051 3273
214 220 304 249 CAP.
325 210 422 263 xm]
715 221 774 251 DE
802 219 1035 251 ECCLESIA.
1731 205 1749 242 3
1766 205 1808 244 13

73 338 198 382 172⁶ss
272 327 368 365 ldeo
402 325 581 365 creditur
612 324 882 377 probabiliter
903 324 1017 376 quod
1043 322 1233 362 Christus
1256 321 1526 361 necessitatus

216 396 292 436 fuit
336 396 456 448 lapsu
501 394 720 447 supposito
754 394 805 431 ad
838 407 959 432 suam
991 392 1189 432 fabricam
1236 393 1524 444 reparandam.

216 466 314 505 Ideo
347 465 445 504 dicit
477 466 588 503 Luce
620 463 771 502 ultimo
805 463 920 516 quod
952 464 1143 514 oportuit
1174 462 1390 501 Christum
1421 462 1525 512 pati.

217 535 376 575 Omnes
409 548 506 587 ergo
539 533 700 573 domini
733 533 934 572 seculares
959 541 997 570 et
1020 531 1198 570 breviter
1219 531 1361 570 omnia
1391 544 1525 569 mem-
1542 539 1594 565 but
1617 539 1680 565 that
1703 538 1818 577 special

184 606 288 649 5bra
331 604 501 643 ecclesie
544 603 668 642 titulo
716 602 826 641 illius
859 601 1021 641 domini
1055 610 1231 641 utuntur
1269 599 1526 653 patrimonio
1552 581 1817 669 Eiggsssffiigiiinau'

218 673 412 723 crucifixi,
457 683 496 712 et
527 672 621 710 ideo
656 680 823 724 oportet
862 671 979 724 quod
1011 685 1158 710 omnes
1191 670 1278 709 eius
1310 669 1396 721 filii,
1441 649 1551 708 tarnt
1576 648 1817 739 eafflbrrffoiotous„

218 743 351 782 clerici
381 755 510 795 quam
532 741 637 791 laici,
672 750 842 780 caveant
875 741 924 780 de
954 740 1099 779 abusu.
1137 741 1187 779 Et
1210 740 1266 778 ita
1295 739 1527 778 conceden-
1631 721 1646 739 a
1674 720 1736 740 use.

218 813 321 851 dum
372 820 432 850 est
484 812 599 864 quod
650 810 783 849 clerici
831 819 871 849 et
915 809 1148 862 specialiter
1194 809 1348 848 Christi
1390 808 1529 847 vicarii

218 882 399 921 habeant
450 881 563 933 prius
608 889 647 919 et
690 879 918 933 perfeccius
970 878 1277 931 patrimonium
1329 877 1529 929 crucifixi3

166 972 204 993 10
219 952 289 990 sed
342 960 441 990 tunc
494 958 661 1002 oportet
713 950 829 1002 quod
887 949 1103 988 imitentur
1166 949 1345 988 modum
1406 962 1532 987 suum

219 1020 399 1059 habendi
451 1030 489 1059 et
542 1019 684 1059 utendi
737 1027 945 1072 quantum
997 1018 1224 1058 sufficiunt.
1278 1019 1368 1071 Ipse
1420 1017 1533 1056 enim

219 1090 365 1129 habuit
409 1090 483 1128 hec
517 1089 557 1128 in
590 1089 657 1127 via
688 1102 795 1141 puro
830 1088 952 1128 titulo
985 1088 1119 1140 gracie
1152 1097 1190 1127 et
1222 1088 1406 1127 humane
1451 1088 1533 1125 ele-

220 1159 382 1198 mosine
435 1168 473 1198 et
524 1158 681 1211 precise
733 1159 810 1196 sub
854 1158 923 1197 illa
966 1172 1163 1197 mensura
1208 1158 1285 1196 sub
1330 1171 1412 1210 qua
1455 1156 1532 1196 fuit

221 1228 544 1281 exproprietarie
593 1227 873 1267 necessarium
920 1228 971 1267 ad
1016 1227 1331 1266 edificacionem
1364 1227 1534 1266 ecclesie

168 1308 205 1340 15
222 1310 260 1338 et
292 1299 480 1337 medium
526 1299 577 1337 ad
611 1298 948 1350 supportandum
991 1297 1270 1336 ministerium
1307 1296 1535 1349 spirituale,

222 1379 261 1407 et
303 1368 415 1406 idem
459 1382 589 1420 genus
635 1367 750 1407 modi
809 1367 990 1406 habendi
1047 1366 1214 1419 reliquit
1270 1365 1536 1418 appropriate

134 1448 210 1490 173a
226 1437 382 1476 clericis
418 1437 539 1476 sortis
573 1450 658 1487 sue,
694 1446 738 1475 ut
770 1445 882 1489 patet
904 1437 991 1487 XII,
1024 1451 1062 1489 q.
1097 1437 1146 1487 Ia,
1176 1437 1379 1476 Clericus.
1414 1436 1493 1475 Iste
1514 1432 1537 1456 ²³⁴

225 1516 365 1546 autem
411 1516 471 1547 est
514 1508 669 1546 modus
712 1506 893 1545 habendi
937 1506 1177 1559 perfeccior,
1222 1506 1319 1559 quia
1351 1520 1374 1544 a
1404 1505 1536 1544 modo

224 1577 442 1615 mundano
502 1576 740 1615 distraccior
794 1584 832 1614 et
883 1576 1014 1614 modo
1077 1576 1255 1615 habendi
1319 1576 1538 1614 beatorum

170 1667 209 1688 20
226 1645 412 1685 similior.
478 1646 663 1694 Quando
697 1645 811 1684 enim
843 1645 1150 1697 triumphantes
1182 1645 1311 1684 vitam
1351 1654 1538 1684 eternam

223 1714 511 1767 possidebunt,
556 1715 668 1754 Deus
714 1729 784 1754 eos
825 1714 1042 1754 constituit
1087 1728 1210 1767 super
1243 1714 1387 1754 onmia
1428 1714 1539 1752 bona

225 1798 311 1836 sua,
347 1793 386 1823 et
417 1793 516 1824 tunc
549 1798 636 1824 non
667 1785 883 1823 habebunt
907 1797 1032 1823 usum
1063 1784 1257 1823 vescendi
1289 1784 1355 1822 vel
1388 1797 1537 1836 corpo-

225 1855 354 1894 ralem
397 1853 692 1907 imperfectum
737 1863 782 1893 ut
825 1854 970 1903 modo,
1016 1854 1089 1892 sed
1122 1853 1248 1893 usun]
1281 1853 1540 1906 spiritualem

229 1938 301 1977 per
332 1924 620 1963 intencionem
652 1924 694 1962 in
717 1923 859 1973 verbo,
895 1931 933 1962 et
966 1923 1015 1961 de
1048 1931 1208 1975 quanto
1232 1922 1366 1961 viator
1399 1921 1540 1961 ceteris

169 1994 393 2046 25paribus
426 1993 519 2045 plus
552 1994 602 2031 ad
635 1993 761 2032 talem
793 2007 919 2032 usum
952 1992 1179 2043 accesserit,
1214 1993 1264 2031 de
1295 2001 1412 2032 tanto
1446 2004 1537 2044 per-

226 2063 378 2102 feccius
410 2062 618 2115 procedit3
652 2063 767 2115 quod
800 2062 957 2102 faciunt
979 2062 1037 2101 hii
1060 2062 1131 2115 qui
1154 2062 1249 2114 plus
1272 2062 1462 2100 laborant
1489 2061 1541 2100 ad

227 2132 545 2172 edificacionem
594 2131 762 2171 ecclesie
811 2140 850 2171 et
898 2132 1050 2183 stricte,
1109 2131 1322 2170 humiliter
1372 2140 1411 2170 et
1462 2121 1539 2168 im-

227 2201 497 2241 mundialiter
549 2201 760 2254 accipiunt
818 2201 1001 2254 graciam
1062 2200 1318 2240 necessitatis
1381 2209 1541 2252 nature,

229 2280 436 2325 quantum
467 2271 689 2324 requiritur
721 2285 796 2323 pro
829 2271 908 2310 hoc
940 2270 1035 2310 fine.

182 2352 213 2384 L
287 2341 366 2380 Sed
411 2341 597 2379 secundo
642 2341 820 2379 obicitur
863 2354 936 2392 per
980 2340 1059 2380 hoc
1093 2340 1209 2393 quod
1242 2339 1432 2379 Christus
1466 2339 1542 2379 fuit
1607 2352 1787 2386 Objection:

230 2410 355 2449 simul
398 2424 467 2448 rex
512 2419 550 2449 et
595 2411 786 2449 sacerdos
820 2409 1078 2461 humanitus,
1112 2410 1183 2448 sed
1217 2422 1343 2448 omne
1375 2409 1539 2462 privile-
1569 2387 1735 2454 b2611i31i<iiisgi
1754 2395 1817 2449 {badi

231 2479 348 2532 gium
379 2480 495 2533 quod
526 2479 672 2519 habuit
705 2479 950 2519 humanitus
984 2479 1189 2519 concessit
1226 2480 1348 2518 Petro
1382 2487 1421 2517 et
1453 2478 1540 2518 eius
1555 2458 1834 2527 Ρῐᾞὲἓῐέὴῖἶιᾏὴὲε

230 2549 403 2601 vicariis,
428 2563 524 2602 ergo
549 2549 626 2601 ipsi
650 2549 802 2588 debent
829 2563 916 2587 esse
939 2548 1065 2587 simul
1093 2562 1208 2601 reges
1232 2557 1271 2587 et
1293 2548 1541 2599 sacerdotes,
1614 2529 1663 2556 ὡς
1684 2537 1781 2578 sama

285 2704 322 2731 ¹7·
356 2696 378 2722 B
411 2695 441 2722 in
474 2703 589 2730 marga
628 2695 710 2723 Nota
746 2696 866 2723 titulum
901 2694 1015 2722 Christi
1057 2696 1092 2722 ad
1133 2695 1309 2723 habendum
1351 2696 1544 2731 temporalia.

231 2750 270 2769 21.
291 2743 317 2769 Α
339 2744 392 2776 Al:
416 2742 592 2770 constituet.
735 2742 781 2769 30.
804 2744 829 2769 A
851 2742 879 2768 in
903 2750 1017 2776 marg:
1040 2741 1183 2769 Secunda
1206 2742 1298 2769 racio.

295 2847 344 2880 17.
370 2837 505 2868 Decret.
532 2837 558 2868 ΙΙ
585 2847 676 2879 pars,
703 2847 804 2869 causa
832 2837 904 2877 XII,
932 2847 964 2879 q.
992 2837 1015 2876 Ι,
1043 2847 1069 2867 c.
1098 2837 1137 2868 V.
