2051 3273
205 263 292 291 CAP.
315 251 426 309 xva]
701 267 759 298 DE
788 266 1020 298 ECCLESIA.
1727 261 1805 312 395

52 381 85 415 E
114 371 336 422 183dfortis‚
384 372 432 409 de
478 384 559 424 qua
592 371 710 410 Prov.
754 370 928 409 XXXI0:
974 371 1055 410 Per
1097 378 1255 424 septem
1298 374 1518 423 mulieres,

204 441 352 494 inquit,
391 447 547 492 septem
595 440 795 480 ecclesias
834 439 928 479 dico
969 453 1059 479 esse
1110 441 1378 494 significatas
1439 456 1520 495 que

202 511 396 563 quamvis
431 523 515 549 una
549 511 610 549 sit
640 517 780 549 tamen
815 510 1077 563 septiformis
1100 510 1275 558 dicitur,
1307 518 1352 550 ut
1385 525 1516 551 unum

203 593 359 633 corpus
420 580 680 632 septemplici
742 592 922 619 numero
982 586 1148 619 constat
1198 582 1519 621 membrorum:

169 650 298 692 5Non
345 650 500 698 solum,
552 649 701 702 inquit,
756 662 831 688 nos
883 649 956 688 sed
1001 650 1133 688 eciam
1187 652 1364 703 superni
1410 652 1518 691 ciues

202 720 375 759 ecclesie
413 719 603 758 membra
636 726 736 758 sunt
767 719 887 758 cuius
921 725 1048 771 caput
1081 727 1141 759 est
1178 720 1384 759 Christus.
1422 721 1519 761 Sive

201 802 307 842 ergo
338 802 424 827 una
453 789 540 828 sive
562 795 719 841 septem
744 788 946 827 dicantur
968 789 1157 838 ecclesie,
1184 802 1265 828 non
1289 789 1516 843 discrepat,

201 858 298 911 quia
350 866 438 897 tota
492 857 736 897 universitas
789 858 1059 897 ecclesiarum
1112 872 1192 911 que
1245 868 1305 898 est
1356 869 1517 912 septem

202 927 370 967 ecclesie
403 936 574 980 propter
608 936 770 980 septem
803 928 913 966 dona
948 927 1116 980 spiritus
1148 928 1278 967 sancti
1312 936 1350 968 et
1387 930 1519 968 simul

146 1018 185 1039 10
200 1011 344 1037 omnes
394 1011 524 1036 unum
571 1010 728 1049 corpus
760 1003 861 1037 sunt
896 997 1051 1037 Christi
1095 1011 1149 1036 ex
1180 1012 1261 1051 quo
1295 1000 1439 1037 omnia
1475 1000 1514 1037 in

200 1067 299 1106 celis
351 1073 388 1106 et
439 1068 478 1106 in
534 1073 652 1106 terra
703 1067 857 1106 habent
906 1068 1133 1120 originem.
1188 1067 1306 1107 Unde
1351 1069 1391 1106 in
1437 1069 1517 1108 hac

199 1137 405 1176 militante
461 1137 635 1175 ecclesia
693 1137 881 1175 omnium
942 1137 1218 1176 ecclesiarum
1268 1137 1398 1190 facta
1457 1146 1517 1178 est

199 1207 372 1257 mencio,
405 1207 503 1260 quia
537 1220 632 1245 cum
667 1208 766 1246 huic
798 1215 1116 1246 sacramentum
1142 1209 1351 1247 creatoris
1366 1209 1515 1261 predi-

198 1283 337 1327 catur,
377 1277 508 1315 eciam
550 1277 767 1316 celestibus
800 1278 1050 1316 insinuatur
1083 1277 1290 1316 doctrina.
1354 1278 1515 1331 Inferi-

146 1355 182 1388 15
198 1345 341 1385 oribus
385 1347 493 1386 enim
543 1359 637 1385 cum
684 1347 932 1387 insinuatur
966 1360 1131 1387 necesse
1162 1354 1224 1386 est
1256 1354 1301 1387 ut
1337 1348 1516 1387 audiant

198 1422 237 1455 et
266 1416 456 1468 superni.
498 1415 616 1455 Unde
649 1415 879 1469 Apostolus
911 1416 1194 1469 Ephesiorum
1229 1417 1348 1456 III0:
1384 1418 1517 1456 Michi

197 1492 335 1524 autem
369 1486 558 1524 omnium
592 1492 840 1525 sanctorum
874 1487 1048 1526 minimo
1082 1486 1183 1525 data
1207 1493 1269 1526 est
1288 1488 1441 1540 gracia
1472 1488 1513 1526 iri

195 1556 393 1609 gentibus
442 1556 741 1610 evangelizare
784 1557 1101 1610 investigabiles
1140 1557 1315 1596 divicias
1366 1557 1515 1609 gracie

202 1625 360 1664 Christi
411 1633 449 1665 et
500 1626 750 1665 illuminare
801 1639 963 1675 omnes,
1016 1640 1096 1679 que
1147 1627 1197 1666 sit
1251 1626 1513 1679 dispensacio

142 1696 459 1735 2osacramenti
501 1694 735 1734 absconditi
777 1709 802 1734 a
846 1696 1002 1735 seculis
1047 1697 1088 1735 in
1124 1696 1215 1735 Deo
1255 1697 1326 1748 qui
1370 1697 1513 1735 omnia

197 1765 369 1815 creavit,
416 1772 460 1804 ut
502 1765 739 1804 innotescat
773 1765 1046 1818 principibus
1084 1773 1120 1805 et
1145 1766 1426 1818 potestatibus
1471 1766 1511 1805 in

197 1834 417 1874 celestibus
442 1848 524 1887 per
569 1835 789 1874 ecclesiam
834 1834 1113 1888 multiformis
1156 1836 1372 1888 sapiencia
1418 1836 1511 1875 Dei.

195 1904 303 1943 Ecce
336 1904 452 1957 quod
485 1903 559 1943 iste
590 1913 754 1943 sanctus
777 1905 994 1957 apostolus
1029 1905 1069 1943 in
1104 1905 1400 1944 thabernaculo
1432 1905 1512 1945 hoc
1580 1926 1747 1954 St.Pau1’s

1590 1962 1731 1996 example

196 1973 361 2012 mortali
404 1973 564 2025 positus
612 1973 862 2014 illuminavit
906 1974 1014 2014 cives
1048 1974 1244 2014 ierarchie
1278 1975 1438 2014 celestis
1472 1984 1648 2023 etteaches
1674 2005 1709 2023 us
1739 1997 1803 2025 that

140 2052 178 2084 25
195 2042 364 2081 indubie
398 2043 639 2096 expurgavit
660 2044 831 2083 Petrum
854 2058 899 2084 ac
922 2044 1093 2097 perfecit
1116 2053 1303 2084 sanctam
1334 2053 1510 2084 matrem
1550 2037 1782 2101 eniig‘iifflgsbur

1590 2101 1741 2129 brethren.

195 2112 424 2164 ecclesiam,
470 2114 576 2152 sicut
620 2113 793 2167 quilibet
838 2114 1085 2154 christianus
1132 2115 1252 2154 debet
1298 2116 1427 2153 tacere
1474 2124 1512 2155 et

195 2182 424 2235 specialiter
462 2183 658 2222 ierarchia
697 2184 864 2223 ecclesie
903 2184 1132 2224 militantis.
1167 2186 1264 2224 Non
1298 2185 1411 2224 enim
1451 2194 1512 2224 est

193 2251 409 2291 distinccio
456 2252 713 2305 primatuum
761 2255 899 2307 quoad
944 2254 1060 2304 illud,
1107 2255 1178 2293 sed
1223 2255 1509 2309 quodcunque

195 2322 436 2360 membrum
497 2322 666 2362 ecclesie
727 2324 964 2363 secundum
1025 2325 1171 2363 datum
1227 2324 1302 2363 sibi
1363 2325 1507 2365 lumen

138 2390 470 2444 30intelligcncie
489 2401 654 2431 tenetur
670 2393 980 2433 communicare
1008 2402 1088 2432 tres
1111 2402 1227 2433 actus
1259 2394 1507 2434 ierarchicos

193 2461 392 2500 membris
426 2461 598 2514 singulis
621 2462 764 2502 matris
788 2473 885 2515 sue;
916 2463 1021 2502 sicut
1044 2463 1157 2502 enim
1178 2464 1249 2503 lux
1280 2465 1507 2517 corporalis

191 2530 402 2570 illuminat
453 2531 726 2584 intellectum,
781 2532 837 2572 sic
896 2532 1086 2572 membra
1138 2532 1289 2573 Christi
1347 2533 1508 2575 viancia

243 2709 267 2728 2.
288 2701 320 2729 In
342 2701 450 2729 codd-z
473 2702 627 2736 signatas;
649 2702 767 2729 correxi
788 2710 803 2730 e
823 2707 906 2730 textu
922 2704 1003 2738 Aug.
1148 2708 1176 2733 ὁ.
1199 2706 1226 2732 Α
1247 2706 1276 2732 in
1299 2713 1414 2741 marg:
1437 2706 1505 2741 Que

192 2752 263 2774 sunt
283 2751 399 2783 septem
429 2748 555 2775 ecclesie
583 2749 741 2782 designate
769 2757 822 2784 per
849 2754 966 2784 septem
995 2751 1141 2778 mulieres
1168 2755 1276 2787 etque
1297 2757 1368 2780 sunt
1387 2757 1505 2788 septem

193 2793 332 2821 membra
362 2794 475 2829 quibus
502 2802 614 2829 corpus
641 2795 850 2823 constituitur.
993 2796 1032 2824 31.
1062 2798 1089 2824 A
1111 2798 1141 2824 in
1171 2806 1286 2832 marg.:
1313 2797 1503 2827 sicutenim

193 2839 244 2866 lux
259 2840 429 2874 corporalis
445 2840 598 2867 illuminat
612 2841 812 2878 intellectum,
835 2843 878 2870 sic
901 2843 1039 2870 membra
1056 2843 1173 2871 Christi
1194 2845 1312 2872 viancia
1327 2845 1503 2875 illuminant

193 2885 296 2914 beatos
319 2886 348 2913 in
370 2887 476 2921 patria.
516 2887 537 2914 Β
559 2887 588 2919 in
610 2895 727 2922 marg.:
748 2889 892 2921 Viatores
913 2890 1088 2918 illuminant
1111 2891 1214 2919 beatos
1234 2891 1264 2918 in
1286 2896 1394 2926 patria.
