2051 3273
232 240 318 279 444
958 235 1180 268 JOHANNIS
1206 233 1400 267 wvcrrr.
1623 220 1728 280 [CAP.
1750 231 1831 260 xm.

520 341 681 394 passiva
735 349 917 380 creature
970 340 1188 379 racionalis
1241 340 1292 378 ad
1344 340 1613 379 serviendum
1656 341 1745 380 Deo
1791 350 1875 384 eto

521 410 690 450 ecclesie
734 411 967 449 secundum
1012 410 1189 463 gradum
1237 409 1393 448 ordinis
1439 409 1671 463 dignitatis;
1711 410 1933 463 necssxqo‘·

522 480 730 520 contendo
764 479 868 519 circa
901 480 1151 533 quiditatem
1179 479 1271 519 talis
1305 479 1534 531 caracteris,
1569 493 1665 520 cum
1699 489 1832 520 certus

521 563 616 589 sum
649 550 765 603 quod
798 563 882 589 non
917 549 969 589 sit
1000 563 1061 588 res
1095 559 1141 589 ut
1173 557 1278 589 serta
1310 549 1417 602 regis
1450 550 1514 589 vel
1547 550 1719 603 aliquod
1752 550 1832 604 sig-

522 633 626 658 num
657 619 895 672 inpressum
927 621 1042 673 quod
1076 619 1229 672 poterit
1259 632 1332 671 per
1363 633 1404 657 se
1437 633 1536 659 esse.
1852 628 1868 661 5

264 699 472 727 Predestinate
581 689 786 728 Tenendo
827 703 924 741 ergo
965 689 1194 728 secundam
1230 688 1342 727 viam
1375 689 1425 728 de
1458 689 1660 742 quiditate
1700 702 1834 729 carac-

234 735 294 762 and
323 735 507 762 foreknown
587 758 594 765 .
684 758 690 763 .
900 758 908 765 .
1187 759 1194 765 .
1567 758 1573 764 .
1761 759 1768 765 .
1792 759 1798 766 .

234 770 379 797 havethe
406 774 506 803 stamp
524 768 619 798 teris
653 759 745 797 dico
790 758 962 797 ulterius
996 759 1111 812 quod
1145 759 1249 798 alius
1283 767 1341 797 est
1373 772 1604 797 necessario
1638 759 1835 808 delebilis,

275 812 305 832 m
326 803 468 875 &gfff-ent
523 838 568 868 ut
613 836 791 867 caracter
837 828 1139 868 ecclesiasticus
1183 828 1223 867 in
1272 828 1470 881 prescitiS,
1506 842 1554 867 eo
1588 829 1705 882 quod
1750 842 1838 868 non

523 898 630 937 ultra
675 897 786 936 diem
831 897 972 937 iudicii
1019 898 1185 937 durabit
1217 898 1258 937 in
1292 898 1349 938 eis
1383 897 1569 937 officium
1611 898 1836 951 dignitatis,

526 968 569 1007 In
603 967 898 1020 predestinatis
922 977 1062 1008 autem
1088 977 1254 1021 oportet
1277 982 1364 1007 esse
1388 977 1638 1008 caracterem
1661 968 1837 1008 omnino
1859 986 1896 1008 10

523 1037 802 1088 indelebilem,
849 1051 946 1077 cum
994 1037 1171 1091 dignitas
1217 1038 1421 1091 sequendi
1472 1052 1629 1091 agnum
1686 1047 1837 1078 mutuo

524 1107 791 1147 illuminandi
837 1107 1089 1147 conbeatum
1134 1117 1172 1147 et
1216 1108 1474 1161 percipiendi
1513 1108 1697 1148 fructum
1734 1108 1836 1147 vivi-

523 1177 652 1217 ficum
699 1190 785 1215 non
835 1185 978 1229 posset
1021 1177 1146 1217 deleri
1190 1177 1233 1216 in
1280 1177 1349 1229 eis,
1383 1186 1423 1217 et
1454 1178 1503 1216 de
1536 1187 1652 1217 tanto
1684 1178 1840 1218 habent

525 1256 774 1287 caracterem
820 1246 977 1287 ordinis
1016 1247 1081 1286 vel
1121 1256 1371 1287 caracterem
1416 1247 1724 1300 baptismalem.
1790 1248 1840 1287 Et

524 1326 638 1371 patet
675 1317 791 1371 quod
830 1316 1097 1370 predestinati
1132 1327 1170 1356 et
1203 1317 1368 1370 presciti
1403 1319 1637 1357 secundum
1670 1316 1837 1357 diversi·
1859 1323 1895 1356 15

524 1397 653 1428 tatem
699 1386 826 1427 officii
872 1387 1074 1441 equivoce
1118 1387 1274 1427 habent
1312 1396 1573 1428 caracterem.
1614 1389 1666 1427 Et
1705 1401 1836 1427 corre-

525 1458 780 1510 spondenter
823 1457 973 1497 dicitur
1016 1458 1131 1511 quod
1177 1458 1377 1511 equivoce
1429 1458 1582 1497 habent
1634 1457 1839 1510 ordinem,

527 1527 819 1581 episcopatum
857 1528 922 1567 vel
961 1528 1087 1567 aliam
1119 1528 1437 1568 ecclesiasticam
1473 1527 1709 1581 prelaciam,
1743 1527 1840 1581 quia

526 1597 690 1651 presciti
749 1597 1012 1637 ascribuntur
1073 1598 1124 1636 ad
1192 1598 1272 1637 tale
1325 1597 1514 1637 officium
1566 1597 1839 1637 solummodo

528 1668 773 1720 temporale,
818 1681 904 1707 non
949 1676 995 1708 ut
1039 1677 1279 1708 mereantur
1322 1667 1639 1719 beatitudinem,
1685 1667 1756 1707 sed
1794 1675 1841 1707 ut
1857 1682 1898 1704 20

527 1738 760 1791 mitigando
806 1751 961 1791 penam
1007 1751 1080 1791 per
1122 1737 1313 1778 accidens
1357 1737 1518 1790 prosint
1562 1736 1743 1776 ecclesie.
1789 1737 1842 1776 Et

526 1808 582 1847 ita
627 1807 869 1847 conceditur
912 1809 1029 1861 quod
1073 1808 1260 1848 Scarioth
1314 1817 1353 1847 et
1405 1807 1492 1847 eius
1535 1807 1674 1846 vicarii
1727 1816 1842 1847 erant

528 1878 722 1931 apostoli,
755 1877 982 1930 presbiteri,
1022 1878 1208 1931 episcopi
1242 1886 1281 1917 et
1312 1877 1471 1931 prelati,
1503 1877 1704 1917 habentes
1742 1891 1838 1930 pro-

528 1947 824 2001 porcionaliter
845 1948 896 1988 ad
919 1961 1043 1987 suum
1077 1947 1264 1987 officium
1297 1955 1563 2000 potestatem,
1596 1956 1636 1986 et
1666 1948 1717 1987 ad
1750 1956 1838 1986 tan-

527 2027 619 2058 tum
663 2027 765 2071 aput
808 2018 947 2058 Deum
991 2026 1089 2057 sunt
1131 2017 1301 2057 habiles.
1347 2018 1476 2066 Quod
1528 2025 1669 2056 autem
1721 2017 1841 2057 Iudas
1859 2021 1897 2054 25

529 2088 607 2129 fuit
639 2088 872 2141 apostolus,
906 2096 1020 2141 patet
1060 2087 1234 2127 Matthei
1266 2088 1342 2138 XO,
1375 2086 1445 2126 ubi
1478 2086 1583 2126 inter
1617 2087 1842 2126 duodecim

528 2172 636 2211 quos
676 2158 868 2198 Christus
908 2159 1086 2212 elegerat
1124 2165 1408 2210 computatur,
1442 2165 1481 2196 et
1513 2157 1657 2196 beatus
1696 2157 1842 2196 Petrus

527 2236 700 2267 testatur
733 2229 848 2281 quod
880 2228 1050 2267 sortitus
1076 2236 1136 2266 est
1158 2235 1313 2266 sortem
1336 2226 1551 2265 ministerii
1581 2228 1841 2279 apostolatus

529 2306 568 2337 et
600 2298 715 2351 quod
748 2298 797 2337 de
829 2297 901 2336 illo
935 2297 1137 2350 scriptum
1170 2305 1230 2335 est
1257 2297 1423 2335 Psalmo
1447 2296 1612 2348 CV1110‚
1647 2296 1690 2335 8:
1715 2296 1843 2335 Fiant

528 2367 615 2407 dies
660 2368 748 2406 eius
784 2368 917 2420 pauci
960 2373 998 2406 et
1040 2367 1323 2419 episcopatum
1371 2367 1460 2405 eius
1493 2366 1674 2418 accipiat
1713 2367 1900 2416 alter;30

530 2447 569 2477 et
602 2438 658 2476 sic
692 2451 788 2477 cum
821 2437 1035 2490 singulum
1070 2437 1248 2475 istorum
1281 2436 1331 2474 sit
1364 2450 1521 2475 nomen
1555 2435 1695 2487 officii,
1729 2445 1843 2489 patet

529 2509 645 2561 quod
669 2521 755 2547 non
777 2506 982 2560 sequitur:
1019 2507 1138 2545 Iudas
1172 2515 1231 2545 est
1263 2506 1493 2559 apostOIUS,
1528 2505 1749 2558 episcopus
1777 2506 1842 2544 vel

530 2578 735 2629 sacerdos,
780 2591 877 2630 ergo
923 2586 983 2616 est
1027 2577 1266 2616 membrum
1299 2576 1363 2615 vel
1395 2576 1446 2615 de
1478 2583 1616 2615 sancta
1658 2576 1839 2617 ecclesia.

584 2735 612 2760 4.
635 2729 714 2752 serta
730 2725 792 2752 sive
812 2729 947 2752 sertum:
964 2733 1080 2752 corona
1100 2724 1230 2755 ducalis,
1248 2725 1361 2759 regalis
1376 2723 1440 2751 sive
1460 2723 1638 2758 imperialis.
1712 2723 1740 2750 6.
1763 2724 1788 2752 A
1810 2724 1839 2751 in

533 2780 649 2806 marg:
672 2770 841 2799 Character
860 2771 981 2799 ordinis
1001 2776 1046 2798 est
1067 2772 1207 2799 delebilis
1229 2772 1256 2798 in
1281 2771 1432 2806 rarescitis,
1460 2770 1511 2797 sed
1548 2777 1607 2796 non
1642 2772 1686 2796 sic
1718 2770 1747 2796 in
1774 2778 1841 2802 pre-

533 2819 705 2845 destinatis.
833 2817 862 2845 6.
884 2818 922 2844 13:
945 2818 1113 2844 secundam
1137 2818 1239 2844 vitam.
1358 2818 1401 2845 16.
1422 2816 1459 2843 ss:
1481 2820 1667 2843 caracterem
1685 2832 1712 2835 —
1731 2817 1841 2842 habent

532 2864 625 2892 deest.
769 2864 809 2892 32.
834 2863 871 2891 B:
894 2869 964 2898 post
984 2865 1079 2900 quod.
