<?xml version="1.0" encoding="UTF-8"?>
<!DOCTYPE html PUBLIC "-//W3C//DTD XHTML 1.0 Transitional//EN"
    "http://www.w3.org/TR/xhtml1/DTD/xhtml1-transitional.dtd">
<html xmlns="http://www.w3.org/1999/xhtml" xml:lang="en" lang="en">
 <head>
  <title>
</title>
<meta http-equiv="Content-Type" content="text/html;charset=utf-8" />
  <meta name='ocr-system' content='tesseract 3.04.00' />
  <meta name='ocr-capabilities' content='ocr_page ocr_carea ocr_par ocr_line ocrx_word'/>
</head>
<body>
  <div class='ocr_page' id='page_1' title='image "./tractatusdeeccle00wycl_0182.png"; bbox 0 0 2051 3343; ppageno 0'>
   <div class='ocr_carea' id='block_1_1' title="bbox 172 202 1779 260">
    <p class='ocr_par' dir='ltr' id='par_1_1' title="bbox 172 202 1779 260">
     <span class='ocr_line' id='line_1_1' title="bbox 172 202 1779 260; baseline -0.009 -6"><span class='ocrx_word' id='word_1_1' title='bbox 172 204 246 254; x_wconf 75' lang='lat'>148</span> <span class='ocrx_word' id='word_1_2' title='bbox 868 216 1090 248; x_wconf 81' lang='lat' dir='ltr'>JOHANNIS</span> <span class='ocrx_word' id='word_1_3' title='bbox 1116 216 1313 248; x_wconf 75' lang='lat' dir='ltr'>WYCLIF.</span> <span class='ocrx_word' id='word_1_4' title='bbox 1577 202 1684 260; x_wconf 83' lang='lat' dir='ltr'>[CAP.</span> <span class='ocrx_word' id='word_1_5' title='bbox 1707 211 1779 240; x_wconf 84' lang='lat' dir='ltr'>vn.</span> 
     </span>
    </p>
   </div>
   <div class='ocr_carea' id='block_1_2' title="bbox 165 318 1921 395">
    <p class='ocr_par' dir='ltr' id='par_1_2' title="bbox 165 318 1921 395">
     <span class='ocr_line' id='line_1_2' title="bbox 165 318 1921 395; baseline 0.003 -39"><span class='ocrx_word' id='word_1_6' title='bbox 165 325 281 387; x_wconf 43' lang='lat' dir='ltr'>Sfflgsa</span> <span class='ocrx_word' id='word_1_7' title='bbox 294 326 442 395; x_wconf 49' lang='lat' dir='ltr'>liffffiggcoge</span> <span class='ocrx_word' id='word_1_8' title='bbox 458 318 647 358; x_wconf 87' lang='lat' dir='ltr'>culariter</span> <span class='ocrx_word' id='word_1_9' title='bbox 691 320 957 372; x_wconf 82' lang='lat' dir='ltr'>explicatum.</span> <span class='ocrx_word' id='word_1_10' title='bbox 1009 321 1122 360; x_wconf 88' lang='lat' dir='ltr'>Cum</span> <span class='ocrx_word' id='word_1_11' title='bbox 1154 334 1252 372; x_wconf 85' lang='lat' dir='ltr'>ergo</span> <span class='ocrx_word' id='word_1_12' title='bbox 1285 333 1370 358; x_wconf 91' lang='lat' dir='ltr'>non</span> <span class='ocrx_word' id='word_1_13' title='bbox 1404 320 1455 359; x_wconf 88' lang='lat' dir='ltr'>sit</span> <span class='ocrx_word' id='word_1_14' title='bbox 1487 320 1528 358; x_wconf 84' lang='lat' dir='ltr'>in</span> <span class='ocrx_word' id='word_1_15' title='bbox 1562 327 1767 372; x_wconf 81' lang='lat' dir='ltr'>potestate</span> <span class='ocrx_word' id='word_1_16' title='bbox 1789 329 1921 373; x_wconf 72' lang='lat' dir='ltr'>149¹²F</span> 
     </span>
    </p>
   </div>
   <div class='ocr_carea' id='block_1_3' title="bbox 163 388 1801 860">
    <p class='ocr_par' dir='ltr' id='par_1_3' title="bbox 163 388 1801 860">
     <span class='ocr_line' id='line_1_3' title="bbox 164 388 1769 455; baseline -0.001 -26"><span class='ocrx_word' id='word_1_17' title='bbox 164 395 286 455; x_wconf 34' lang='lat' dir='ltr'>beyond</span> <span class='ocrx_word' id='word_1_18' title='bbox 312 397 440 435; x_wconf 33' lang='lat' dir='ltr'>the-ex-</span> <span class='ocrx_word' id='word_1_19' title='bbox 456 388 655 441; x_wconf 90' lang='lat' dir='ltr'>principis</span> <span class='ocrx_word' id='word_1_20' title='bbox 700 390 925 428; x_wconf 83' lang='lat' dir='ltr'>concedere</span> <span class='ocrx_word' id='word_1_21' title='bbox 970 390 1087 442; x_wconf 88' lang='lat' dir='ltr'>quod</span> <span class='ocrx_word' id='word_1_22' title='bbox 1128 398 1313 443; x_wconf 85' lang='lat' dir='ltr'>vergeret</span> <span class='ocrx_word' id='word_1_23' title='bbox 1356 390 1407 428; x_wconf 87' lang='lat' dir='ltr'>ad</span> <span class='ocrx_word' id='word_1_24' title='bbox 1444 389 1520 428; x_wconf 90' lang='lat' dir='ltr'>Dei</span> <span class='ocrx_word' id='word_1_25' title='bbox 1560 388 1769 440; x_wconf 90' lang='lat' dir='ltr'>iniuriam,</span> 
     </span>
     <span class='ocr_line' id='line_1_4' title="bbox 163 435 1770 512; baseline -0.001 -13"><span class='ocrx_word' id='word_1_26' title='bbox 163 435 441 502; x_wconf 49' lang='lat' dir='ltr'>polfctlltwmgizilriltfflf</span> <span class='ocrx_word' id='word_1_27' title='bbox 456 458 508 496; x_wconf 89' lang='lat' dir='ltr'>ad</span> <span class='ocrx_word' id='word_1_28' title='bbox 540 458 873 498; x_wconf 87' lang='lat' dir='ltr'>destruccionem</span> <span class='ocrx_word' id='word_1_29' title='bbox 904 458 1019 512; x_wconf 82' lang='lat' dir='ltr'>regni</span> <span class='ocrx_word' id='word_1_30' title='bbox 1052 459 1128 510; x_wconf 90' lang='lat' dir='ltr'>sui,</span> <span class='ocrx_word' id='word_1_31' title='bbox 1174 460 1225 498; x_wconf 90' lang='lat' dir='ltr'>ad</span> <span class='ocrx_word' id='word_1_32' title='bbox 1265 458 1582 498; x_wconf 84' lang='lat' dir='ltr'>enervacionem</span> <span class='ocrx_word' id='word_1_33' title='bbox 1621 459 1770 512; x_wconf 88' lang='lat' dir='ltr'>regalie</span> 
     </span>
     <span class='ocr_line' id='line_1_5' title="bbox 455 527 1771 582; baseline 0.002 -16"><span class='ocrx_word' id='word_1_34' title='bbox 455 536 494 566; x_wconf 92' lang='lat' dir='ltr'>et</span> <span class='ocrx_word' id='word_1_35' title='bbox 525 527 667 580; x_wconf 88' lang='lat' dir='ltr'>legum</span> <span class='ocrx_word' id='word_1_36' title='bbox 699 541 773 581; x_wconf 88' lang='lat' dir='ltr'>per</span> <span class='ocrx_word' id='word_1_37' title='bbox 805 542 908 581; x_wconf 85' lang='lat' dir='ltr'>quas</span> <span class='ocrx_word' id='word_1_38' title='bbox 940 536 1098 581; x_wconf 88' lang='lat' dir='ltr'>regeret</span> <span class='ocrx_word' id='word_1_39' title='bbox 1129 542 1307 582; x_wconf 86' lang='lat' dir='ltr'>regnum</span> <span class='ocrx_word' id='word_1_40' title='bbox 1339 542 1478 579; x_wconf 88' lang='lat' dir='ltr'>suum,</span> <span class='ocrx_word' id='word_1_41' title='bbox 1509 536 1623 581; x_wconf 92' lang='lat' dir='ltr'>patet</span> <span class='ocrx_word' id='word_1_42' title='bbox 1654 529 1771 581; x_wconf 91' lang='lat' dir='ltr'>quod</span> 
     </span>
     <span class='ocr_line' id='line_1_6' title="bbox 453 597 1801 651; baseline 0.001 -16"><span class='ocrx_word' id='word_1_43' title='bbox 453 597 558 636; x_wconf 88' lang='lat' dir='ltr'>illud</span> <span class='ocrx_word' id='word_1_44' title='bbox 602 597 873 650; x_wconf 88' lang='lat' dir='ltr'>suppositum</span> <span class='ocrx_word' id='word_1_45' title='bbox 918 597 960 635; x_wconf 90' lang='lat' dir='ltr'>in</span> <span class='ocrx_word' id='word_1_46' title='bbox 1006 611 1102 637; x_wconf 87' lang='lat' dir='ltr'>casu</span> <span class='ocrx_word' id='word_1_47' title='bbox 1135 598 1256 637; x_wconf 86' lang='lat' dir='ltr'>nobis</span> <span class='ocrx_word' id='word_1_48' title='bbox 1291 598 1482 651; x_wconf 85' lang='lat' dir='ltr'>exposito</span> <span class='ocrx_word' id='word_1_49' title='bbox 1516 611 1603 638; x_wconf 91' lang='lat' dir='ltr'>non</span> <span class='ocrx_word' id='word_1_50' title='bbox 1634 597 1801 637; x_wconf 73' lang='lat' dir='ltr'>indu-5</span> 
     </span>
     <span class='ocr_line' id='line_1_7' title="bbox 455 666 1770 720; baseline 0.002 -16"><span class='ocrx_word' id='word_1_51' title='bbox 455 666 565 706; x_wconf 86' lang='lat' dir='ltr'>ditur</span> <span class='ocrx_word' id='word_1_52' title='bbox 610 666 653 705; x_wconf 92' lang='lat' dir='ltr'>in</span> <span class='ocrx_word' id='word_1_53' title='bbox 696 667 770 707; x_wconf 90' lang='lat' dir='ltr'>illo</span> <span class='ocrx_word' id='word_1_54' title='bbox 809 667 1029 720; x_wconf 81' lang='lat' dir='ltr'>privilegio</span> <span class='ocrx_word' id='word_1_55' title='bbox 1070 668 1264 720; x_wconf 80' lang='lat' dir='ltr'>generali.</span> <span class='ocrx_word' id='word_1_56' title='bbox 1319 667 1435 716; x_wconf 86' lang='lat' dir='ltr'>Quid</span> <span class='ocrx_word' id='word_1_57' title='bbox 1478 680 1611 720; x_wconf 91' lang='lat' dir='ltr'>queso</span> <span class='ocrx_word' id='word_1_58' title='bbox 1664 666 1770 706; x_wconf 90' lang='lat' dir='ltr'>foret</span> 
     </span>
     <span class='ocr_line' id='line_1_8' title="bbox 452 736 1770 791; baseline 0.002 -17"><span class='ocrx_word' id='word_1_59' title='bbox 452 736 584 789; x_wconf 85' lang='lat' dir='ltr'>magis</span> <span class='ocrx_word' id='word_1_60' title='bbox 627 737 679 775; x_wconf 90' lang='lat' dir='ltr'>ad</span> <span class='ocrx_word' id='word_1_61' title='bbox 723 737 798 776; x_wconf 88' lang='lat' dir='ltr'>Dei</span> <span class='ocrx_word' id='word_1_62' title='bbox 843 737 1039 776; x_wconf 78' lang='lat' dir='ltr'>iniuriam</span> <span class='ocrx_word' id='word_1_63' title='bbox 1083 751 1210 791; x_wconf 90' lang='lat' dir='ltr'>quarn</span> <span class='ocrx_word' id='word_1_64' title='bbox 1256 736 1388 776; x_wconf 84' lang='lat' dir='ltr'>facere</span> <span class='ocrx_word' id='word_1_65' title='bbox 1432 737 1611 776; x_wconf 89' lang='lat' dir='ltr'>domum</span> <span class='ocrx_word' id='word_1_66' title='bbox 1650 750 1770 776; x_wconf 88' lang='lat' dir='ltr'>suam</span> 
     </span>
     <span class='ocr_line' id='line_1_9' title="bbox 191 804 1767 860; baseline -0.001 -13"><span class='ocrx_word' id='word_1_67' title='bbox 191 813 297 840; x_wconf 74' lang='lat' dir='ltr'>orthe</span> <span class='ocrx_word' id='word_1_68' title='bbox 319 817 407 847; x_wconf 72' lang='lat' dir='ltr'>grant</span> <span class='ocrx_word' id='word_1_69' title='bbox 452 806 698 857; x_wconf 80' lang='lat' dir='ltr'>speluncam</span> <span class='ocrx_word' id='word_1_70' title='bbox 742 804 980 846; x_wconf 81' lang='lat' dir='ltr'>latronum?</span> <span class='ocrx_word' id='word_1_71' title='bbox 1024 816 1097 847; x_wconf 86' lang='lat' dir='ltr'>aut</span> <span class='ocrx_word' id='word_1_72' title='bbox 1141 807 1243 860; x_wconf 88' lang='lat' dir='ltr'>quid</span> <span class='ocrx_word' id='word_1_73' title='bbox 1282 806 1387 846; x_wconf 87' lang='lat' dir='ltr'>foret</span> <span class='ocrx_word' id='word_1_74' title='bbox 1418 806 1550 859; x_wconf 84' lang='lat' dir='ltr'>magis</span> <span class='ocrx_word' id='word_1_75' title='bbox 1583 807 1767 846; x_wconf 89' lang='lat' dir='ltr'>destruc-</span> 
     </span>
    </p>
   </div>
   <div class='ocr_carea' id='block_1_4' title="bbox 160 848 1769 930">
    <p class='ocr_par' dir='ltr' id='par_1_4' title="bbox 160 848 1769 930">
     <span class='ocr_line' id='line_1_10' title="bbox 160 848 1769 930; baseline -0.002 -13"><span class='ocrx_word' id='word_1_76' title='bbox 160 848 264 909; x_wconf 42' lang='lat' dir='ltr'>{qulsd</span> <span class='ocrx_word' id='word_1_77' title='bbox 282 848 435 917; x_wconf 48' lang='lat' dir='ltr'>irijtipioads</span> <span class='ocrx_word' id='word_1_78' title='bbox 451 875 585 915; x_wconf 86' lang='lat' dir='ltr'>tivum</span> <span class='ocrx_word' id='word_1_79' title='bbox 636 889 863 928; x_wconf 87' lang='lat' dir='ltr'>regnorum</span> <span class='ocrx_word' id='word_1_80' title='bbox 917 891 1046 930; x_wconf 84' lang='lat' dir='ltr'>quam</span> <span class='ocrx_word' id='word_1_81' title='bbox 1090 885 1306 930; x_wconf 84' lang='lat' dir='ltr'>protegere</span> <span class='ocrx_word' id='word_1_82' title='bbox 1357 876 1399 915; x_wconf 87' lang='lat' dir='ltr'>in</span> <span class='ocrx_word' id='word_1_83' title='bbox 1443 876 1550 915; x_wconf 91' lang='lat' dir='ltr'>nidis</span> <span class='ocrx_word' id='word_1_84' title='bbox 1595 877 1647 914; x_wconf 88' lang='lat' dir='ltr'>ad</span> <span class='ocrx_word' id='word_1_85' title='bbox 1688 876 1769 915; x_wconf 87' lang='lat' dir='ltr'>hoc</span> 
     </span>
    </p>
   </div>
   <div class='ocr_carea' id='block_1_5' title="bbox 153 917 1827 2048">
    <p class='ocr_par' dir='ltr' id='par_1_5' title="bbox 160 917 1827 1978">
     <span class='ocr_line' id='line_1_11' title="bbox 160 917 1827 999; baseline -0.001 -13"><span class='ocrx_word' id='word_1_86' title='bbox 160 922 190 944; x_wconf 51' lang='lat' dir='ltr'>to</span> <span class='ocrx_word' id='word_1_87' title='bbox 211 917 437 986; x_wconf 35' lang='lat' dir='ltr'>{iiiiizdaonnki-the</span> <span class='ocrx_word' id='word_1_88' title='bbox 451 945 659 997; x_wconf 86' lang='lat' dir='ltr'>deputatis</span> <span class='ocrx_word' id='word_1_89' title='bbox 692 945 833 986; x_wconf 89' lang='lat' dir='ltr'>hostes</span> <span class='ocrx_word' id='word_1_90' title='bbox 857 946 933 985; x_wconf 93' lang='lat' dir='ltr'>Dei</span> <span class='ocrx_word' id='word_1_91' title='bbox 966 946 1136 985; x_wconf 83' lang='lat' dir='ltr'>ecclesie</span> <span class='ocrx_word' id='word_1_92' title='bbox 1169 955 1292 999; x_wconf 89' lang='lat' dir='ltr'>atque</span> <span class='ocrx_word' id='word_1_93' title='bbox 1325 946 1452 999; x_wconf 90' lang='lat' dir='ltr'>regni.</span> <span class='ocrx_word' id='word_1_94' title='bbox 1494 945 1769 985; x_wconf 87' lang='lat' dir='ltr'>Ecclesiastici</span> <span class='ocrx_word' id='word_1_95' title='bbox 1789 963 1827 986; x_wconf 91' lang='lat'>10</span> 
     </span>
     <span class='ocr_line' id='line_1_12' title="bbox 450 1015 1768 1070; baseline 0.003 -18"><span class='ocrx_word' id='word_1_96' title='bbox 450 1015 522 1066; x_wconf 78' lang='lat' dir='ltr'>XO,</span> <span class='ocrx_word' id='word_1_97' title='bbox 547 1015 570 1053; x_wconf 81' lang='lat'>8</span> <span class='ocrx_word' id='word_1_98' title='bbox 595 1015 803 1056; x_wconf 86' lang='lat' dir='ltr'>scribitur:</span> <span class='ocrx_word' id='word_1_99' title='bbox 833 1017 1032 1070; x_wconf 78' lang='lat' dir='ltr'>Regnum</span> <span class='ocrx_word' id='word_1_100' title='bbox 1066 1016 1115 1056; x_wconf 84' lang='lat' dir='ltr'>de</span> <span class='ocrx_word' id='word_1_101' title='bbox 1145 1023 1273 1070; x_wconf 79' lang='lat' dir='ltr'>gente</span> <span class='ocrx_word' id='word_1_102' title='bbox 1294 1017 1336 1056; x_wconf 86' lang='lat' dir='ltr'>in</span> <span class='ocrx_word' id='word_1_103' title='bbox 1358 1023 1527 1070; x_wconf 81' lang='lat' dir='ltr'>gentem</span> <span class='ocrx_word' id='word_1_104' title='bbox 1553 1016 1768 1070; x_wconf 81' lang='lat' dir='ltr'>transfer-</span> 
     </span>
     <span class='ocr_line' id='line_1_13' title="bbox 449 1087 1768 1137; baseline 0.002 -14"><span class='ocrx_word' id='word_1_105' title='bbox 449 1091 521 1123; x_wconf 84' lang='lat' dir='ltr'>tur</span> <span class='ocrx_word' id='word_1_106' title='bbox 541 1092 725 1137; x_wconf 74' lang='lat' dir='ltr'>propter</span> <span class='ocrx_word' id='word_1_107' title='bbox 749 1087 1001 1135; x_wconf 76' lang='lat' dir='ltr'>iniusticias,</span> <span class='ocrx_word' id='word_1_108' title='bbox 1026 1087 1227 1137; x_wconf 80' lang='lat' dir='ltr'>iniurias,</span> <span class='ocrx_word' id='word_1_109' title='bbox 1261 1087 1543 1126; x_wconf 80' lang='lat' dir='ltr'>contumelias</span> <span class='ocrx_word' id='word_1_110' title='bbox 1566 1094 1605 1126; x_wconf 84' lang='lat' dir='ltr'>et</span> <span class='ocrx_word' id='word_1_111' title='bbox 1628 1087 1768 1126; x_wconf 78' lang='lat' dir='ltr'>diver-</span> 
     </span>
     <span class='ocr_line' id='line_1_14' title="bbox 446 1154 1768 1210; baseline 0.002 -17"><span class='ocrx_word' id='word_1_112' title='bbox 446 1167 516 1194; x_wconf 77' lang='lat' dir='ltr'>sos</span> <span class='ocrx_word' id='word_1_113' title='bbox 549 1154 684 1195; x_wconf 78' lang='lat' dir='ltr'>dolos.</span> <span class='ocrx_word' id='word_1_114' title='bbox 719 1156 832 1196; x_wconf 90' lang='lat' dir='ltr'>Cum</span> <span class='ocrx_word' id='word_1_115' title='bbox 864 1171 960 1210; x_wconf 89' lang='lat' dir='ltr'>ergo</span> <span class='ocrx_word' id='word_1_116' title='bbox 996 1156 1231 1196; x_wconf 90' lang='lat' dir='ltr'>secundum</span> <span class='ocrx_word' id='word_1_117' title='bbox 1264 1165 1428 1195; x_wconf 87' lang='lat' dir='ltr'>sanctos</span> <span class='ocrx_word' id='word_1_118' title='bbox 1452 1155 1523 1209; x_wconf 89' lang='lat' dir='ltr'>qui</span> <span class='ocrx_word' id='word_1_119' title='bbox 1547 1156 1768 1195; x_wconf 87' lang='lat' dir='ltr'>emendare</span> 
     </span>
     <span class='ocr_line' id='line_1_15' title="bbox 447 1225 1768 1280; baseline 0.002 -18"><span class='ocrx_word' id='word_1_120' title='bbox 447 1232 587 1276; x_wconf 89' lang='lat' dir='ltr'>potest</span> <span class='ocrx_word' id='word_1_121' title='bbox 633 1234 673 1264; x_wconf 91' lang='lat' dir='ltr'>et</span> <span class='ocrx_word' id='word_1_122' title='bbox 715 1225 888 1278; x_wconf 83' lang='lat' dir='ltr'>negligit</span> <span class='ocrx_word' id='word_1_123' title='bbox 930 1227 1086 1280; x_wconf 87' lang='lat' dir='ltr'>absque</span> <span class='ocrx_word' id='word_1_124' title='bbox 1131 1226 1260 1266; x_wconf 92' lang='lat' dir='ltr'>dubio</span> <span class='ocrx_word' id='word_1_125' title='bbox 1308 1225 1551 1279; x_wconf 82' lang='lat' dir='ltr'>participem</span> <span class='ocrx_word' id='word_1_126' title='bbox 1587 1225 1768 1265; x_wconf 87' lang='lat' dir='ltr'>criminis</span> 
     </span>
     <span class='ocr_line' id='line_1_16' title="bbox 447 1294 1824 1349; baseline 0.001 -17"><span class='ocrx_word' id='word_1_127' title='bbox 447 1302 493 1333; x_wconf 90' lang='lat' dir='ltr'>ut</span> <span class='ocrx_word' id='word_1_128' title='bbox 525 1294 582 1333; x_wconf 88' lang='lat' dir='ltr'>sic</span> <span class='ocrx_word' id='word_1_129' title='bbox 615 1308 656 1333; x_wconf 88' lang='lat' dir='ltr'>se</span> <span class='ocrx_word' id='word_1_130' title='bbox 691 1295 919 1343; x_wconf 81' lang='lat' dir='ltr'>constituit,</span> <span class='ocrx_word' id='word_1_131' title='bbox 973 1296 1068 1336; x_wconf 88' lang='lat' dir='ltr'>ideo</span> <span class='ocrx_word' id='word_1_132' title='bbox 1101 1305 1215 1349; x_wconf 88' lang='lat' dir='ltr'>patet</span> <span class='ocrx_word' id='word_1_133' title='bbox 1247 1309 1377 1349; x_wconf 88' lang='lat' dir='ltr'>quam</span> <span class='ocrx_word' id='word_1_134' title='bbox 1409 1303 1598 1348; x_wconf 86' lang='lat' dir='ltr'>patenter</span> <span class='ocrx_word' id='word_1_135' title='bbox 1630 1295 1766 1334; x_wconf 89' lang='lat' dir='ltr'>mina·</span> <span class='ocrx_word' id='word_1_136' title='bbox 1788 1302 1824 1334; x_wconf 90' lang='lat'>15</span> 
     </span>
     <span class='ocr_line' id='line_1_17' title="bbox 446 1365 1766 1419; baseline 0.002 -17"><span class='ocrx_word' id='word_1_137' title='bbox 446 1372 559 1403; x_wconf 88' lang='lat' dir='ltr'>retur</span> <span class='ocrx_word' id='word_1_138' title='bbox 603 1365 770 1404; x_wconf 80' lang='lat' dir='ltr'>ruissam</span> <span class='ocrx_word' id='word_1_139' title='bbox 804 1379 933 1419; x_wconf 86' lang='lat' dir='ltr'>regno</span> <span class='ocrx_word' id='word_1_140' title='bbox 973 1366 1064 1405; x_wconf 85' lang='lat' dir='ltr'>talis</span> <span class='ocrx_word' id='word_1_141' title='bbox 1113 1366 1259 1406; x_wconf 90' lang='lat' dir='ltr'>erroris</span> <span class='ocrx_word' id='word_1_142' title='bbox 1303 1365 1529 1405; x_wconf 85' lang='lat' dir='ltr'>tolerancia</span> <span class='ocrx_word' id='word_1_143' title='bbox 1574 1365 1658 1404; x_wconf 88' lang='lat' dir='ltr'>sive</span> <span class='ocrx_word' id='word_1_144' title='bbox 1695 1366 1766 1405; x_wconf 91' lang='lat' dir='ltr'>de-</span> 
     </span>
     <span class='ocr_line' id='line_1_18' title="bbox 447 1433 1765 1489; baseline 0.002 -17"><span class='ocrx_word' id='word_1_145' title='bbox 447 1433 592 1473; x_wconf 88' lang='lat' dir='ltr'>fensio.</span> <span class='ocrx_word' id='word_1_146' title='bbox 626 1435 748 1475; x_wconf 88' lang='lat' dir='ltr'>Unde</span> <span class='ocrx_word' id='word_1_147' title='bbox 781 1436 880 1476; x_wconf 86' lang='lat' dir='ltr'>alias</span> <span class='ocrx_word' id='word_1_148' title='bbox 925 1444 1144 1476; x_wconf 89' lang='lat' dir='ltr'>ostensum</span> <span class='ocrx_word' id='word_1_149' title='bbox 1189 1444 1249 1476; x_wconf 90' lang='lat' dir='ltr'>est</span> <span class='ocrx_word' id='word_1_150' title='bbox 1288 1437 1403 1489; x_wconf 89' lang='lat' dir='ltr'>quod</span> <span class='ocrx_word' id='word_1_151' title='bbox 1446 1435 1765 1487; x_wconf 88' lang='lat' dir='ltr'>monasterium,</span> 
     </span>
     <span class='ocr_line' id='line_1_19' title="bbox 444 1503 1766 1558; baseline 0.001 -16"><span class='ocrx_word' id='word_1_152' title='bbox 444 1503 601 1555; x_wconf 70' lang='lat' dir='ltr'>habens</span> <span class='ocrx_word' id='word_1_153' title='bbox 647 1504 887 1545; x_wconf 79' lang='lat' dir='ltr'>facultatem</span> <span class='ocrx_word' id='word_1_154' title='bbox 938 1507 990 1545; x_wconf 86' lang='lat' dir='ltr'>ad</span> <span class='ocrx_word' id='word_1_155' title='bbox 1042 1506 1356 1546; x_wconf 87' lang='lat' dir='ltr'>defendendum</span> <span class='ocrx_word' id='word_1_156' title='bbox 1399 1505 1633 1558; x_wconf 90' lang='lat' dir='ltr'>proditores</span> <span class='ocrx_word' id='word_1_157' title='bbox 1676 1505 1766 1556; x_wconf 86' lang='lat' dir='ltr'>Dei,</span> 
     </span>
     <span class='ocr_line' id='line_1_20' title="bbox 446 1573 1765 1629; baseline 0.002 -17"><span class='ocrx_word' id='word_1_158' title='bbox 446 1573 683 1614; x_wconf 85' lang='lat' dir='ltr'>cuiusmodi</span> <span class='ocrx_word' id='word_1_159' title='bbox 727 1584 824 1615; x_wconf 81' lang='lat' dir='ltr'>sunt</span> <span class='ocrx_word' id='word_1_160' title='bbox 863 1575 1014 1629; x_wconf 88' lang='lat' dir='ltr'>singuli</span> <span class='ocrx_word' id='word_1_161' title='bbox 1063 1576 1289 1629; x_wconf 88' lang='lat' dir='ltr'>criminosi,</span> <span class='ocrx_word' id='word_1_162' title='bbox 1335 1589 1420 1615; x_wconf 94' lang='lat' dir='ltr'>non</span> <span class='ocrx_word' id='word_1_163' title='bbox 1468 1575 1592 1614; x_wconf 84' lang='lat' dir='ltr'>habet</span> <span class='ocrx_word' id='word_1_164' title='bbox 1632 1584 1678 1614; x_wconf 91' lang='lat' dir='ltr'>ut</span> <span class='ocrx_word' id='word_1_165' title='bbox 1709 1575 1765 1614; x_wconf 87' lang='lat' dir='ltr'>sic</span> 
     </span>
     <span class='ocr_line' id='line_1_21' title="bbox 445 1643 1825 1699; baseline -0.001 -17"><span class='ocrx_word' id='word_1_166' title='bbox 445 1643 725 1697; x_wconf 87' lang='lat' dir='ltr'>privilegium,</span> <span class='ocrx_word' id='word_1_167' title='bbox 760 1645 831 1684; x_wconf 88' lang='lat' dir='ltr'>sed</span> <span class='ocrx_word' id='word_1_168' title='bbox 864 1647 1012 1698; x_wconf 88' lang='lat' dir='ltr'>pocius</span> <span class='ocrx_word' id='word_1_169' title='bbox 1036 1645 1332 1699; x_wconf 81' lang='lat' dir='ltr'>corruptelam.</span> <span class='ocrx_word' id='word_1_170' title='bbox 1357 1645 1478 1685; x_wconf 83' lang='lat' dir='ltr'>Unde</span> <span class='ocrx_word' id='word_1_171' title='bbox 1502 1644 1608 1684; x_wconf 85' lang='lat' dir='ltr'>sicut</span> <span class='ocrx_word' id='word_1_172' title='bbox 1629 1644 1764 1684; x_wconf 90' lang='lat' dir='ltr'>monti</span> <span class='ocrx_word' id='word_1_173' title='bbox 1782 1659 1825 1681; x_wconf 92' lang='lat'>20</span> 
     </span>
     <span class='ocr_line' id='line_1_22' title="bbox 445 1712 1766 1768; baseline 0.002 -17"><span class='ocrx_word' id='word_1_174' title='bbox 445 1712 582 1752; x_wconf 88' lang='lat' dir='ltr'>Ethne</span> <span class='ocrx_word' id='word_1_175' title='bbox 626 1727 713 1753; x_wconf 91' lang='lat' dir='ltr'>non</span> <span class='ocrx_word' id='word_1_176' title='bbox 758 1723 879 1754; x_wconf 88' lang='lat' dir='ltr'>sonat</span> <span class='ocrx_word' id='word_1_177' title='bbox 917 1715 959 1754; x_wconf 88' lang='lat' dir='ltr'>in</span> <span class='ocrx_word' id='word_1_178' title='bbox 993 1715 1262 1768; x_wconf 85' lang='lat' dir='ltr'>privilegium</span> <span class='ocrx_word' id='word_1_179' title='bbox 1294 1715 1409 1768; x_wconf 89' lang='lat' dir='ltr'>quod</span> <span class='ocrx_word' id='word_1_180' title='bbox 1442 1714 1629 1754; x_wconf 88' lang='lat' dir='ltr'>includat</span> <span class='ocrx_word' id='word_1_181' title='bbox 1660 1715 1766 1754; x_wconf 86' lang='lat' dir='ltr'>ultra</span> 
     </span>
     <span class='ocr_line' id='line_1_23' title="bbox 444 1782 1765 1838; baseline 0.002 -17"><span class='ocrx_word' id='word_1_182' title='bbox 444 1782 548 1823; x_wconf 88' lang='lat' dir='ltr'>alios</span> <span class='ocrx_word' id='word_1_183' title='bbox 593 1792 760 1823; x_wconf 88' lang='lat' dir='ltr'>montes</span> <span class='ocrx_word' id='word_1_184' title='bbox 803 1784 948 1837; x_wconf 88' lang='lat' dir='ltr'>ignem</span> <span class='ocrx_word' id='word_1_185' title='bbox 992 1785 1145 1825; x_wconf 88' lang='lat' dir='ltr'>suimet</span> <span class='ocrx_word' id='word_1_186' title='bbox 1189 1784 1549 1838; x_wconf 88' lang='lat' dir='ltr'>consumptivum,</span> <span class='ocrx_word' id='word_1_187' title='bbox 1595 1784 1651 1824; x_wconf 76' lang='lat' dir='ltr'>sle</span> <span class='ocrx_word' id='word_1_188' title='bbox 1690 1798 1765 1824; x_wconf 88' lang='lat' dir='ltr'>nec</span> 
     </span>
     <span class='ocr_line' id='line_1_24' title="bbox 444 1852 1764 1908; baseline 0.003 -17"><span class='ocrx_word' id='word_1_189' title='bbox 444 1852 556 1892; x_wconf 88' lang='lat' dir='ltr'>dicto</span> <span class='ocrx_word' id='word_1_190' title='bbox 580 1853 836 1893; x_wconf 86' lang='lat' dir='ltr'>monasterio</span> <span class='ocrx_word' id='word_1_191' title='bbox 860 1854 966 1894; x_wconf 89' lang='lat' dir='ltr'>foret</span> <span class='ocrx_word' id='word_1_192' title='bbox 987 1854 1253 1908; x_wconf 83' lang='lat' dir='ltr'>privilegium</span> <span class='ocrx_word' id='word_1_193' title='bbox 1276 1854 1447 1895; x_wconf 80' lang='lat' dir='ltr'>facultas</span> <span class='ocrx_word' id='word_1_194' title='bbox 1472 1854 1640 1895; x_wconf 88' lang='lat' dir='ltr'>fovendi</span> <span class='ocrx_word' id='word_1_195' title='bbox 1667 1869 1764 1908; x_wconf 90' lang='lat' dir='ltr'>pro-</span> 
     </span>
     <span class='ocr_line' id='line_1_25' title="bbox 443 1923 1765 1978; baseline 0.003 -16"><span class='ocrx_word' id='word_1_196' title='bbox 443 1923 621 1963; x_wconf 87' lang='lat' dir='ltr'>ditorem</span> <span class='ocrx_word' id='word_1_197' title='bbox 646 1923 721 1963; x_wconf 91' lang='lat' dir='ltr'>Dei</span> <span class='ocrx_word' id='word_1_198' title='bbox 744 1932 831 1963; x_wconf 85' lang='lat' dir='ltr'>tam</span> <span class='ocrx_word' id='word_1_199' title='bbox 863 1924 925 1964; x_wconf 89' lang='lat' dir='ltr'>sui</span> <span class='ocrx_word' id='word_1_200' title='bbox 958 1938 1087 1978; x_wconf 84' lang='lat' dir='ltr'>quan]</span> <span class='ocrx_word' id='word_1_201' title='bbox 1119 1925 1247 1965; x_wconf 87' lang='lat' dir='ltr'>totius</span> <span class='ocrx_word' id='word_1_202' title='bbox 1270 1925 1421 1978; x_wconf 88' lang='lat' dir='ltr'>Anglie</span> <span class='ocrx_word' id='word_1_203' title='bbox 1453 1925 1765 1966; x_wconf 88' lang='lat' dir='ltr'>destructivum.</span> 
     </span>
    </p>

    <p class='ocr_par' dir='ltr' id='par_1_6' title="bbox 153 1992 1818 2048">
     <span class='ocr_line' id='line_1_26' title="bbox 153 1992 1818 2048; baseline 0 -15"><span class='ocrx_word' id='word_1_204' title='bbox 153 2006 202 2034; x_wconf 79' lang='grc' dir='ltr'>Αιι</span> <span class='ocrx_word' id='word_1_205' title='bbox 224 2013 257 2033; x_wconf 74' lang='lat' dir='ltr'>ro</span> <span class='ocrx_word' id='word_1_206' title='bbox 281 2006 429 2040; x_wconf 58' lang='lat' dir='ltr'>nigrants</span> <span class='ocrx_word' id='word_1_207' title='bbox 503 1992 620 2045; x_wconf 90' lang='lat' dir='ltr'>Item,</span> <span class='ocrx_word' id='word_1_208' title='bbox 665 2007 739 2033; x_wconf 92' lang='lat' dir='ltr'>nec</span> <span class='ocrx_word' id='word_1_209' title='bbox 772 1994 857 2048; x_wconf 86' lang='lat' dir='ltr'>regi</span> <span class='ocrx_word' id='word_1_210' title='bbox 894 1994 989 2034; x_wconf 87' lang='lat' dir='ltr'>licet</span> <span class='ocrx_word' id='word_1_211' title='bbox 1021 1994 1287 2048; x_wconf 87' lang='lat' dir='ltr'>privilegium</span> <span class='ocrx_word' id='word_1_212' title='bbox 1318 1994 1398 2035; x_wconf 88' lang='lat' dir='ltr'>tale</span> <span class='ocrx_word' id='word_1_213' title='bbox 1431 1995 1659 2035; x_wconf 90' lang='lat' dir='ltr'>concedere</span> <span class='ocrx_word' id='word_1_214' title='bbox 1691 1998 1818 2035; x_wconf 79' lang='lat' dir='ltr'>necGr</span> 
     </span>
    </p>
   </div>
   <div class='ocr_carea' id='block_1_6' title="bbox 154 2042 1766 2117">
    <p class='ocr_par' dir='ltr' id='par_1_7' title="bbox 154 2042 1766 2117">
     <span class='ocr_line' id='line_1_27' title="bbox 154 2042 1766 2117; baseline 0.002 -15"><span class='ocrx_word' id='word_1_215' title='bbox 154 2042 429 2110; x_wconf 50' lang='lat' dir='ltr'>mggtodeoiotshsshe</span> <span class='ocrx_word' id='word_1_216' title='bbox 444 2063 645 2102; x_wconf 86' lang='lat' dir='ltr'>sacerdoti</span> <span class='ocrx_word' id='word_1_217' title='bbox 690 2077 768 2103; x_wconf 91' lang='lat' dir='ltr'>suo</span> <span class='ocrx_word' id='word_1_218' title='bbox 812 2064 998 2117; x_wconf 90' lang='lat' dir='ltr'>accipere</span> <span class='ocrx_word' id='word_1_219' title='bbox 1049 2064 1127 2104; x_wconf 89' lang='lat' dir='ltr'>nisi</span> <span class='ocrx_word' id='word_1_220' title='bbox 1172 2078 1219 2104; x_wconf 83' lang='lat' dir='ltr'>ex</span> <span class='ocrx_word' id='word_1_221' title='bbox 1263 2064 1386 2104; x_wconf 89' lang='lat' dir='ltr'>titulo</span> <span class='ocrx_word' id='word_1_222' title='bbox 1431 2064 1658 2105; x_wconf 87' lang='lat' dir='ltr'>elemosine</span> <span class='ocrx_word' id='word_1_223' title='bbox 1700 2065 1766 2105; x_wconf 84' lang='lat' dir='ltr'>vel</span> 
     </span>
    </p>
   </div>
   <div class='ocr_carea' id='block_1_7' title="bbox 230 2112 1820 2538">
    <p class='ocr_par' dir='ltr' id='par_1_8' title="bbox 230 2112 1820 2538">
     <span class='ocr_line' id='line_1_28' title="bbox 230 2112 1762 2188; baseline 0.003 -18"><span class='ocrx_word' id='word_1_224' title='bbox 230 2112 351 2148; x_wconf 75' lang='lat' dir='ltr'>people,</span> <span class='ocrx_word' id='word_1_225' title='bbox 442 2132 725 2173; x_wconf 88' lang='lat' dir='ltr'>misericordie</span> <span class='ocrx_word' id='word_1_226' title='bbox 769 2142 809 2173; x_wconf 88' lang='lat' dir='ltr'>et</span> <span class='ocrx_word' id='word_1_227' title='bbox 852 2134 904 2173; x_wconf 88' lang='lat' dir='ltr'>ad</span> <span class='ocrx_word' id='word_1_228' title='bbox 946 2134 1191 2187; x_wconf 86' lang='lat' dir='ltr'>augendum</span> <span class='ocrx_word' id='word_1_229' title='bbox 1235 2134 1276 2173; x_wconf 89' lang='lat' dir='ltr'>in</span> <span class='ocrx_word' id='word_1_230' title='bbox 1326 2135 1487 2188; x_wconf 90' lang='lat' dir='ltr'>populo</span> <span class='ocrx_word' id='word_1_231' title='bbox 1533 2136 1762 2187; x_wconf 86' lang='lat' dir='ltr'>caritatem,</span> 
     </span>
     <span class='ocr_line' id='line_1_29' title="bbox 442 2203 1762 2258; baseline 0.003 -17"><span class='ocrx_word' id='word_1_232' title='bbox 442 2203 513 2241; x_wconf 90' lang='lat' dir='ltr'>sed</span> <span class='ocrx_word' id='word_1_233' title='bbox 547 2211 709 2242; x_wconf 87' lang='lat' dir='ltr'>constat</span> <span class='ocrx_word' id='word_1_234' title='bbox 744 2204 859 2256; x_wconf 89' lang='lat' dir='ltr'>quod</span> <span class='ocrx_word' id='word_1_235' title='bbox 892 2217 980 2243; x_wconf 92' lang='lat' dir='ltr'>non</span> <span class='ocrx_word' id='word_1_236' title='bbox 1014 2212 1074 2243; x_wconf 90' lang='lat' dir='ltr'>est</span> <span class='ocrx_word' id='word_1_237' title='bbox 1107 2204 1335 2244; x_wconf 83' lang='lat' dir='ltr'>elemosina</span> <span class='ocrx_word' id='word_1_238' title='bbox 1366 2205 1431 2243; x_wconf 78' lang='lat' dir='ltr'>vel</span> <span class='ocrx_word' id='word_1_239' title='bbox 1464 2219 1572 2258; x_wconf 91' lang='lat' dir='ltr'>opus</span> <span class='ocrx_word' id='word_1_240' title='bbox 1602 2205 1762 2245; x_wconf 88' lang='lat' dir='ltr'>miseri-</span> 
     </span>
     <span class='ocr_line' id='line_1_30' title="bbox 442 2272 1762 2329; baseline 0.003 -18"><span class='ocrx_word' id='word_1_241' title='bbox 442 2272 581 2312; x_wconf 90' lang='lat' dir='ltr'>cordie</span> <span class='ocrx_word' id='word_1_242' title='bbox 614 2273 709 2312; x_wconf 90' lang='lat' dir='ltr'>dare</span> <span class='ocrx_word' id='word_1_243' title='bbox 742 2272 934 2312; x_wconf 85' lang='lat' dir='ltr'>abbathie</span> <span class='ocrx_word' id='word_1_244' title='bbox 965 2273 1198 2325; x_wconf 84' lang='lat' dir='ltr'>licenciam,</span> <span class='ocrx_word' id='word_1_245' title='bbox 1237 2283 1283 2314; x_wconf 90' lang='lat' dir='ltr'>ut</span> <span class='ocrx_word' id='word_1_246' title='bbox 1327 2275 1527 2315; x_wconf 85' lang='lat' dir='ltr'>sustineat</span> <span class='ocrx_word' id='word_1_247' title='bbox 1558 2284 1762 2329; x_wconf 89' lang='lat' dir='ltr'>perpetuo</span> 
     </span>
     <span class='ocr_line' id='line_1_31' title="bbox 442 2342 1820 2398; baseline 0.004 -18"><span class='ocrx_word' id='word_1_248' title='bbox 442 2342 687 2393; x_wconf 88' lang='lat' dir='ltr'>debitorem,</span> <span class='ocrx_word' id='word_1_249' title='bbox 721 2356 772 2381; x_wconf 93' lang='lat' dir='ltr'>ne</span> <span class='ocrx_word' id='word_1_250' title='bbox 805 2356 996 2396; x_wconf 86' lang='lat' dir='ltr'>unquam</span> <span class='ocrx_word' id='word_1_251' title='bbox 1019 2343 1253 2392; x_wconf 84' lang='lat' dir='ltr'>satisfaciat,</span> <span class='ocrx_word' id='word_1_252' title='bbox 1277 2344 1343 2383; x_wconf 78' lang='lat' dir='ltr'>vel</span> <span class='ocrx_word' id='word_1_253' title='bbox 1366 2346 1483 2398; x_wconf 90' lang='lat' dir='ltr'>quod</span> <span class='ocrx_word' id='word_1_254' title='bbox 1504 2345 1760 2398; x_wconf 88' lang='lat' dir='ltr'>voluptuose</span> <span class='ocrx_word' id='word_1_255' title='bbox 1778 2345 1820 2378; x_wconf 85' lang='lat'>30</span> 
     </span>
     <span class='ocr_line' id='line_1_32' title="bbox 439 2411 1759 2468; baseline 0.003 -18"><span class='ocrx_word' id='word_1_256' title='bbox 439 2411 618 2451; x_wconf 78' lang='lat' dir='ltr'>vivendo</span> <span class='ocrx_word' id='word_1_257' title='bbox 649 2412 782 2451; x_wconf 87' lang='lat' dir='ltr'>aliena</span> <span class='ocrx_word' id='word_1_258' title='bbox 805 2421 1041 2465; x_wconf 81' lang='lat' dir='ltr'>consumat,</span> <span class='ocrx_word' id='word_1_259' title='bbox 1071 2426 1294 2467; x_wconf 86' lang='lat' dir='ltr'>quousque</span> <span class='ocrx_word' id='word_1_260' title='bbox 1318 2413 1450 2454; x_wconf 89' lang='lat' dir='ltr'>factus</span> <span class='ocrx_word' id='word_1_261' title='bbox 1484 2414 1606 2454; x_wconf 89' lang='lat' dir='ltr'>fuerit</span> <span class='ocrx_word' id='word_1_262' title='bbox 1636 2414 1759 2468; x_wconf 89' lang='lat' dir='ltr'>inpo-</span> 
     </span>
     <span class='ocr_line' id='line_1_33' title="bbox 440 2482 1761 2538; baseline 0.003 -19"><span class='ocrx_word' id='word_1_263' title='bbox 440 2489 529 2520; x_wconf 87' lang='lat' dir='ltr'>tens</span> <span class='ocrx_word' id='word_1_264' title='bbox 563 2482 613 2520; x_wconf 85' lang='lat' dir='ltr'>ad</span> <span class='ocrx_word' id='word_1_265' title='bbox 647 2482 909 2522; x_wconf 84' lang='lat' dir='ltr'>solvendum.</span> <span class='ocrx_word' id='word_1_266' title='bbox 936 2482 1045 2522; x_wconf 87' lang='lat' dir='ltr'>Cum</span> <span class='ocrx_word' id='word_1_267' title='bbox 1076 2483 1187 2523; x_wconf 89' lang='lat' dir='ltr'>enim</span> <span class='ocrx_word' id='word_1_268' title='bbox 1217 2485 1450 2523; x_wconf 89' lang='lat' dir='ltr'>secundum</span> <span class='ocrx_word' id='word_1_269' title='bbox 1473 2484 1761 2538; x_wconf 85' lang='lat' dir='ltr'>Augustinum</span> 
     </span>
    </p>
   </div>
   <div class='ocr_carea' id='block_1_8' title="bbox 440 2551 1757 2605">
    <p class='ocr_par' dir='ltr' id='par_1_9' title="bbox 440 2551 1757 2605">
     <span class='ocr_line' id='line_1_34' title="bbox 440 2551 1757 2605; baseline 0.003 -16"><span class='ocrx_word' id='word_1_270' title='bbox 440 2564 523 2590; x_wconf 87' lang='lat' dir='ltr'>non</span> <span class='ocrx_word' id='word_1_271' title='bbox 569 2551 798 2591; x_wconf 81' lang='lat' dir='ltr'>dimittitur</span> <span class='ocrx_word' id='word_1_272' title='bbox 833 2558 1075 2605; x_wconf 79' lang='lat' dir='ltr'>peccatum,</span> <span class='ocrx_word' id='word_1_273' title='bbox 1122 2554 1206 2593; x_wconf 78' lang='lat' dir='ltr'>nisi</span> <span class='ocrx_word' id='word_1_274' title='bbox 1249 2554 1502 2593; x_wconf 77' lang='lat' dir='ltr'>restituatur</span> <span class='ocrx_word' id='word_1_275' title='bbox 1551 2553 1757 2605; x_wconf 83' lang='lat' dir='ltr'>ablatum,</span> 
     </span>
    </p>
   </div>
   <div class='ocr_carea' id='block_1_9' title="bbox 439 2687 1756 2764">
    <p class='ocr_par' dir='ltr' id='par_1_10' title="bbox 439 2687 1756 2764">
     <span class='ocr_line' id='line_1_35' title="bbox 515 2687 1753 2718; baseline 0.002 -4"><span class='ocrx_word' id='word_1_276' title='bbox 515 2687 538 2715; x_wconf 87' lang='lat'>5.</span> <span class='ocrx_word' id='word_1_277' title='bbox 563 2687 604 2714; x_wconf 83' lang='lat' dir='ltr'>D:</span> <span class='ocrx_word' id='word_1_278' title='bbox 632 2687 723 2716; x_wconf 83' lang='lat' dir='ltr'>istud.</span> <span class='ocrx_word' id='word_1_279' title='bbox 867 2696 907 2717; x_wconf 81' lang='grc' dir='ltr'>ιο.</span> <span class='ocrx_word' id='word_1_280' title='bbox 932 2696 966 2716; x_wconf 90' lang='lat'>11.</span> <span class='ocrx_word' id='word_1_281' title='bbox 989 2688 1034 2715; x_wconf 90' lang='lat' dir='ltr'>D:</span> <span class='ocrx_word' id='word_1_282' title='bbox 1066 2688 1149 2716; x_wconf 83' lang='lat' dir='ltr'>Eccl.</span> <span class='ocrx_word' id='word_1_283' title='bbox 1173 2688 1238 2716; x_wconf 88' lang='lat' dir='ltr'>XX.</span> <span class='ocrx_word' id='word_1_284' title='bbox 1383 2697 1416 2717; x_wconf 83' lang='lat'>11.</span> <span class='ocrx_word' id='word_1_285' title='bbox 1437 2690 1465 2717; x_wconf 89' lang='lat' dir='ltr'><strong>A</strong></span> <span class='ocrx_word' id='word_1_286' title='bbox 1485 2689 1523 2717; x_wconf 87' lang='lat' dir='ltr'>B:</span> <span class='ocrx_word' id='word_1_287' title='bbox 1546 2689 1753 2718; x_wconf 76' lang='lat' dir='ltr'>transferetur.</span> 
     </span>
     <span class='ocr_line' id='line_1_36' title="bbox 439 2732 1756 2764; baseline 0.003 -4"><span class='ocrx_word' id='word_1_288' title='bbox 439 2732 475 2761; x_wconf 76' lang='lat'>15.</span> <span class='ocrx_word' id='word_1_289' title='bbox 514 2734 556 2760; x_wconf 84' lang='lat' dir='ltr'>D:</span> <span class='ocrx_word' id='word_1_290' title='bbox 578 2734 647 2761; x_wconf 78' lang='lat' dir='ltr'>ideo</span> <span class='ocrx_word' id='word_1_291' title='bbox 670 2735 764 2762; x_wconf 84' lang='lat' dir='ltr'>deest.</span> <span class='ocrx_word' id='word_1_292' title='bbox 928 2735 973 2763; x_wconf 85' lang='lat'>26.</span> <span class='ocrx_word' id='word_1_293' title='bbox 1002 2734 1044 2761; x_wconf 87' lang='lat' dir='ltr'>D:</span> <span class='ocrx_word' id='word_1_294' title='bbox 1074 2734 1188 2762; x_wconf 89' lang='lat' dir='ltr'>Iterum</span> <span class='ocrx_word' id='word_1_295' title='bbox 1210 2744 1276 2763; x_wconf 84' lang='lat' dir='ltr'>nee.</span> <span class='ocrx_word' id='word_1_296' title='bbox 1436 2735 1475 2763; x_wconf 80' lang='lat'>31.</span> <span class='ocrx_word' id='word_1_297' title='bbox 1506 2735 1548 2763; x_wconf 86' lang='lat' dir='ltr'>D:</span> <span class='ocrx_word' id='word_1_298' title='bbox 1581 2736 1678 2764; x_wconf 76' lang='lat' dir='ltr'>factus</span> <span class='ocrx_word' id='word_1_299' title='bbox 1708 2737 1756 2764; x_wconf 72' lang='lat' dir='ltr'>sit.</span> 
     </span>
    </p>
   </div>
   <div class='ocr_carea' id='block_1_10' title="bbox 500 2829 1757 2875">
    <p class='ocr_par' dir='ltr' id='par_1_11' title="bbox 500 2829 1757 2875">
     <span class='ocr_line' id='line_1_37' title="bbox 500 2829 1757 2875; baseline 0.004 -15"><span class='ocrx_word' id='word_1_300' title='bbox 500 2829 551 2861; x_wconf 77' lang='lat'>32.</span> <span class='ocrx_word' id='word_1_301' title='bbox 582 2832 728 2873; x_wconf 82' lang='lat' dir='ltr'>August.</span> <span class='ocrx_word' id='word_1_302' title='bbox 756 2830 864 2873; x_wconf 77' lang='lat' dir='ltr'>Epist.</span> <span class='ocrx_word' id='word_1_303' title='bbox 893 2831 933 2862; x_wconf 86' lang='lat' dir='ltr'>ad</span> <span class='ocrx_word' id='word_1_304' title='bbox 962 2831 1094 2864; x_wconf 84' lang='lat' dir='ltr'>Maced.</span> <span class='ocrx_word' id='word_1_305' title='bbox 1123 2833 1239 2873; x_wconf 84' lang='lat' dir='ltr'>CLIII,</span> <span class='ocrx_word' id='word_1_306' title='bbox 1281 2833 1373 2875; x_wconf 89' lang='lat' dir='ltr'>Opp.</span> <span class='ocrx_word' id='word_1_307' title='bbox 1414 2839 1497 2865; x_wconf 82' lang='lat' dir='ltr'>tom.</span> <span class='ocrx_word' id='word_1_308' title='bbox 1536 2834 1574 2873; x_wconf 87' lang='lat' dir='ltr'>II,</span> <span class='ocrx_word' id='word_1_309' title='bbox 1615 2832 1678 2866; x_wconf 81' lang='lat'>532</span> <span class='ocrx_word' id='word_1_310' title='bbox 1717 2834 1757 2865; x_wconf 91' lang='lat' dir='ltr'>A.</span> 
     </span>
    </p>
   </div>
  </div>
 </body>
</html>
