2051 3273
207 258 379 318 CAP.1X.]
708 270 767 301 DE
796 270 1030 301 ECCLESIA.

57 376 533 430 K155⁰dampnabilem,
583 382 741 428 quanto
786 373 918 427 magis
962 373 1251 412 necessitando
1295 386 1519 425 personam

207 447 301 488 cleri
334 447 398 487 cui
432 447 526 499 plus
558 453 763 498 repugnat
794 442 1060 483 conversacio
1093 438 1308 482 secularis?
1362 443 1520 481 Revera

208 517 238 557 si
262 517 352 556 talis
381 515 621 569 ignorancia
644 514 821 553 omnino
855 522 1035 564 excusat,
1069 526 1141 565 per
1164 512 1275 551 idem
1308 518 1520 551 excusaret

208 586 437 640 quemlibet
464 585 690 636 viciosum3
723 598 835 635 nam,
871 593 914 622 ut
942 591 1055 635 patet
1087 582 1225 635 primo
1256 581 1516 629 Effiicorum,

175 656 315 699 5sicut
355 655 493 694 omnis
537 655 668 694 homo
713 653 871 706 appetit
917 652 1157 692 naturaliter
1201 665 1288 691 esse
1321 650 1430 702 felix,
1466 650 1521 689 sic

208 725 365 778 appetit
408 724 545 763 media
588 737 669 777 que
714 723 842 762 credit
886 723 1035 761 ducere
1067 723 1118 761 ad
1151 721 1264 760 hunc
1297 719 1438 767 finem,
1478 729 1523 758 ut

206 795 488 846 voluptuosus
541 793 661 845 ponit
720 792 957 831 felicitatem
1011 792 1050 830 in
1105 791 1266 831 cibariis
1324 790 1522 838 delicatis,

209 863 446 903 luxuriosus
503 863 545 901 in
604 862 763 902 actibus
817 862 1014 911 venereis,
1078 876 1224 901 avarus
1274 861 1315 899 in
1375 860 1524 900 mundi

211 933 383 983 diviciis,
431 933 634 985 superbus
679 932 720 970 in
753 931 978 971 mundanis
1017 931 1263 982 honoribus,
1309 940 1348 970 et
1380 930 1435 969 sic
1476 931 1525 969 de

157 1026 195 1046 10
211 1002 299 1041 aliis
330 1002 371 1041 in
406 1002 559 1056 quibus
592 1002 788 1055 ignorans
820 1001 1001 1054 amplius
1035 1002 1274 1041 delectatur.
1320 1001 1397 1040 Sed
1432 1000 1524 1053 quis

212 1072 363 1111 diceret
406 1072 693 1125 ignoranciam
736 1073 863 1111 talem
907 1071 1148 1124 simpliciter
1193 1067 1408 1110 excusare?
1460 1070 1525 1109 Sic

211 1155 307 1193 ergo
355 1142 493 1194 posito
539 1143 654 1195 quod
699 1141 826 1181 Cesar
864 1155 910 1180 ex
950 1141 1189 1194 ignorancia
1227 1139 1446 1180 crediderit
1485 1154 1526 1178 se

210 1220 392 1263 prestare
424 1212 513 1250 Deo
547 1211 800 1264 obsequium
829 1210 870 1249 in
898 1211 1037 1249 dando
1062 1210 1170 1250 clero
1195 1210 1347 1249 Christi
1378 1209 1523 1248 mundi

211 1281 400 1333 gloriam,
446 1281 551 1321 sicut
597 1290 657 1321 est
701 1281 944 1320 accusabilis
991 1295 1038 1320 ex
1084 1280 1292 1320 eleccione
1332 1280 1444 1319 fatua
1488 1289 1527 1318 et

159 1363 353 1393 1fiamore
404 1360 646 1403 prepostero
690 1350 924 1390 affectando
971 1351 1067 1389 talia
1112 1350 1187 1389 sibi
1233 1350 1324 1402 ipsi,
1370 1350 1425 1388 sic
1466 1358 1525 1388 est

211 1421 305 1472 plus
328 1421 571 1460 accusabilis
594 1421 843 1460 retardando
867 1420 1095 1473 proditorie
1119 1429 1158 1461 et
1181 1434 1279 1460 cum
1307 1420 1526 1458 mundano

211 1490 350 1529 toxico
398 1490 620 1543 precipuos
673 1490 826 1530 milites
879 1490 1079 1530 exercitus
1120 1489 1343 1529 christiani.
1396 1489 1527 1528 Aliter

213 1559 325 1599 enim
373 1559 478 1599 foret
523 1560 752 1600 elemosina
786 1560 1045 1614 privilegiare
1078 1560 1235 1599 clerum
1269 1559 1401 1598 eciam
1434 1560 1525 1598 reli-

211 1629 394 1682 giosum,
447 1623 497 1668 'ut
545 1630 597 1669 sit
648 1630 1035 1682 voluptuosissime,
1084 1629 1445 1668 delectabilissime
1490 1634 1530 1668 et

156 1698 549 1751 20splendidissime
597 1699 770 1745 cibatus,
816 1708 1015 1739 uxoratus
1061 1709 1099 1738 et
1136 1699 1177 1737 in
1224 1699 1339 1738 omni
1380 1699 1527 1738 mundi

211 1768 340 1821 gloria
373 1782 443 1820 pre
477 1768 675 1808 omnibus
720 1769 975 1808 secularibus
1009 1769 1267 1820 predotatus.
1314 1769 1394 1807 Sed
1427 1768 1526 1821 quid

210 1838 427 1890 privilegio
459 1838 529 1876 tali
562 1835 774 1877 insanius?
806 1839 926 1878 Unde
958 1839 1046 1877 sola
1075 1838 1240 1885 fabrica,
1275 1852 1371 1877 cum
1405 1852 1529 1890 super

212 1907 419 1946 fallaciam
452 1907 791 1960 equivocacionis
825 1908 1028 1961 privilegii
1063 1908 1217 1960 decipit
1238 1917 1379 1947 totum
1403 1922 1525 1946 mun-

211 1978 326 2028 dum,
366 1977 462 2030 quia
495 1991 592 2016 cum
624 1978 824 2017 dominus
856 1978 1099 2030 temporalis
1140 1978 1281 2030 potuit
1319 1977 1528 2016 meritorie

156 2058 193 2090 25
212 2048 438 2086 concedere
483 2047 556 2086 hec
602 2047 828 2100 privilegia,
875 2047 981 2087 sicut
1014 2048 1147 2087 clerus
1179 2062 1227 2087 ea
1258 2047 1456 2099 accipere,
1491 2056 1530 2085 et

212 2116 349 2168 potuit
380 2117 592 2169 utrimque
614 2131 702 2156 esse
726 2117 1006 2169 dampnabilis
1030 2117 1160 2157 fastus
1194 2127 1232 2157 et
1265 2117 1525 2170 ignorancia:

211 2186 306 2225 ideo
352 2195 543 2225 neutram
587 2195 749 2238 partem
797 2200 949 2237 assero,
996 2201 1071 2226 nec
1104 2188 1218 2240 quod
1259 2187 1527 2226 succedentes

212 2256 441 2295 abutuntur
484 2256 714 2308 privilegio,
755 2258 826 2295 sed
859 2256 1075 2296 veritatem
1113 2257 1447 2296 condicionalem
1482 2266 1527 2296 ut

212 2325 340 2365 fidem
384 2325 651 2364 christianam
704 2325 967 2365 defendendo
1012 2326 1252 2379 relinquens
1305 2326 1528 2378 prepositis

156 2395 426 2436 3overitatem
462 2397 511 2434 de
543 2396 678 2434 inesse
711 2409 759 2434 ex
791 2396 986 2448 operibus
1018 2395 1299 2434 iudicandam.

170 2473 202 2505 L
276 2465 437 2513 Quinto
491 2465 677 2517 arguitur
720 2479 793 2517 per
834 2465 915 2504 hoc
962 2466 1076 2518 quod
1125 2465 1236 2504 iuxta
1282 2479 1377 2516 sepe
1423 2465 1529 2504 dicta

219 2543 439 2586 paupertas
487 2534 721 2586 evangelica
765 2543 803 2573 et
848 2534 1025 2573 omnino
1071 2534 1300 2586 spiritualia
1351 2534 1530 2586 insignia

218 2617 298 2657 que
331 2603 523 2643 Christus
557 2604 761 2643 concessit
795 2617 867 2643 sue
900 2604 1070 2642 ecclesie
1105 2612 1214 2642 stant
1249 2617 1345 2642 cum
1370 2617 1531 2642 cesarea

275 2728 316 2755 16.
337 2736 377 2763 ¹7.
397 2728 428 2755 In
452 2728 542 2755 codd.
565 2728 720 2755 mundana
747 2728 858 2754 toxica.
1002 2735 1045 2753 ¹22·
1077 2728 1104 2754 A
1132 2727 1159 2754 in
1185 2735 1300 2761 marga
1322 2727 1530 2755 Protestacio:

216 2774 274 2801 hoc
294 2775 422 2801 verbum
444 2775 610 2802 extinctum
633 2780 687 2801 est.
833 2774 870 2802 31.
893 2775 920 2800 A
940 2773 970 2799 in
992 2781 1109 2808 marg:
1141 2773 1256 2808 Quinta
1277 2774 1427 2801 obiecciO.

274 2892 306 2922 4.
333 2881 416 2923 Cap.
443 2882 478 2921 ΙΙ,
508 2882 560 2913 ΙΙΙ.

1379 2936 1414 2970 13

1734 255 1806 306 193

1564 378 1734 412 ignorance
1757 378 1780 405 is

1546 418 1600 440 not
1620 415 1733 449 always
1754 421 1790 439 an

1613 456 1734 475 excuse.

1573 2473 1596 2499 It
1623 2473 1648 2500 is
1675 2473 1789 2508 argued

1578 2508 1642 2534 that
1662 2511 1789 2535 endow-

1563 2548 1646 2569 ment
1672 2542 1697 2569 is
1726 2551 1801 2569 con—

1629 2578 1739 2604 sistent
