2051 3273
279 735 453 771 Augustine

261 772 384 797 reaches
416 771 480 796 that

252 806 300 832 the
322 804 445 832 Church
468 804 493 831 is

294 839 374 866 from
395 840 445 866 the

261 874 432 909 beginning
451 872 485 900 of

244 910 293 936 the
312 909 412 935 world
432 908 492 936 and

243 945 305 971 [liat
323 944 344 971 it
365 944 498 970 consists

259 980 293 1005 os
313 984 374 1005 two
395 983 489 1012 parts,

258 1013 406 1048 heavenly
426 1014 484 1041 and

308 1049 432 1084 eartlily.

941 200 1164 233 JOHANNIS
1190 200 1386 233 WYCLIF.
1599 187 1705 244 [CAP.
1724 196 1833 224 xvm.

520 320 690 355 novum,
726 320 871 345 verum
907 306 1038 345 eciam
1073 318 1126 344 ex
1158 305 1233 343 illa
1265 318 1344 358 que
1376 305 1416 343 in
1452 305 1551 344 celis
1584 318 1753 358 semper
1784 315 1933 359 ex189“
1956 315 1986 348 Τ

519 390 600 430 quo
644 376 812 415 condita
858 382 919 415 est
964 375 1121 414 cohesit
1164 374 1331 413 domino
1377 387 1452 414 nec
1500 375 1633 414 ullum
1674 375 1835 414 malum

518 447 586 486 sui
618 459 743 485 casus
777 452 838 484 est
869 451 1066 497 experta‘,
1095 444 1168 483 hec
1200 444 1376 484 ecclesia
1409 445 1449 483 in
1483 445 1642 484 sanctis
1671 445 1836 498 angelis

519 516 640 555 beata
666 515 859 567 persistit
891 521 929 553 et
959 527 1036 553 sue
1060 514 1180 566 parti
1204 514 1507 567 peregrinanti
1536 514 1645 553 sicut
1676 520 1838 566 oportet

520 585 768 638 opitulatur,
802 584 900 636 quia
936 590 1115 636 utraque
1149 596 1234 622 una
1264 584 1345 622 erit
1366 584 1597 623 eternitatis
1621 584 1836 623 consorcio
1854 592 1870 625 5

520 662 558 694 et
605 667 719 693 nunc
765 666 850 692 una
890 659 951 692 est
987 653 1154 692 vinculo
1188 653 1391 692 caritatis.
1439 653 1517 692 Iste
1550 661 1717 692 sanctus
1750 653 1836 705 epi-

522 737 674 776 scopus
698 722 885 762 condidit
910 721 1078 761 ecclesie
1101 721 1287 761 libellum
1304 736 1431 775 quem
1453 722 1616 761 vocavit
1631 723 1877 765 Manualea

521 795 572 832 ad
594 792 724 833 finem
748 793 863 845 quod
886 791 1027 830 fideles
1051 800 1159 830 recte
1191 791 1425 845 intelligant
1456 790 1583 831 fidem
1609 805 1742 843 suam,
1768 792 1837 831 ubi

523 863 664 916 quoad
702 862 889 914 primum
920 861 1143 900 articulum
1186 870 1304 900 notat
1343 862 1565 914 quomodo
1597 861 1837 901 immediate

523 941 619 985 post
637 931 894 971 eternitatem
910 930 1100 970 trinitatis
1115 930 1308 981 increate,
1320 931 1399 970 hoc
1416 941 1490 981 est,
1506 931 1546 969 in
1563 931 1710 970 mundi
1726 931 1836 984 prin·
1857 951 1895 972 10

525 1001 634 1054 cipio
656 1010 797 1040 secuta
813 1009 873 1040 est
896 1009 1036 1040 sancta
1051 1008 1182 1040 mater
1197 1000 1368 1039 ecclesia
1382 1000 1424 1039 in
1448 1014 1528 1054 qua
1545 1001 1595 1040 sit
1612 1000 1838 1040 trinitatisss
1858 1009 1934 1055 180b

522 1070 729 1110 habitacio
759 1079 797 1110 et
825 1083 1013 1123 expresse
1044 1070 1146 1109 duas
1185 1078 1321 1122 partes
1355 1070 1465 1109 illius
1495 1070 1634 1110 totalis
1670 1070 1877 1113 ecclesieb

524 1140 678 1180 scilicet
703 1141 898 1180 celestem
913 1148 951 1179 et
966 1148 1172 1179 terrenam
1187 1149 1505 1179 commemorat.
1526 1140 1661 1191 Unde,
1676 1149 1722 1180 ut
1745 1153 1838 1192 spes

522 1219 665 1249 nostra
696 1210 738 1249 in
770 1211 847 1249 ista
878 1209 958 1249 fide
990 1209 1192 1249 catholica
1232 1209 1515 1260 confirmetur,
1552 1209 1766 1249 ordinatur
1797 1209 1838 1248 in

521 1294 684 1335 ympno
714 1279 883 1319 ecclesie
912 1280 1027 1333 quod
1059 1288 1285 1332 postquam
1307 1279 1422 1318 nulla
1445 1288 1585 1318 nostra
1607 1279 1649 1318 in
1673 1279 1838 1319 Christo
1858 1289 1895 1320 15

522 1350 680 1403 accepit
704 1349 884 1389 cesivam
907 1349 948 1388 in
973 1349 1076 1400 celo,
1104 1358 1142 1388 et
1171 1350 1341 1401 angelus
1366 1362 1592 1389 conservus
1614 1349 1840 1389 hominum

477 1452 480 1455 .
522 1419 737 1473 prohibuit
760 1434 801 1459 se
824 1419 985 1459 adorari
1015 1433 1038 1458 a
1058 1419 1261 1469 Johanne,
1285 1419 1566 1472 Apocalypsis
1590 1419 1839 1472 penultimo,

523 1499 569 1530 ut
602 1490 657 1530 sic
690 1498 861 1530 caveant
893 1488 1035 1529 fideles
1067 1489 1374 1542 peregrinantes
1409 1503 1432 1528 a
1464 1489 1660 1528 domino:

877 1559 1132 1611 Triumpliat
1164 1559 1236 1597 ille
1267 1558 1489 1611 splendide

867 1629 920 1668 Et
954 1629 1111 1682 dignus
1143 1628 1425 1680 amplitudine
1855 1648 1897 1669 20

871 1698 959 1738 Soli
983 1699 1160 1751 polique
1184 1698 1375 1750 patriam

877 1768 1015 1808 Unam
1039 1767 1157 1821 facit
1188 1768 1509 1820 rempublicam,

524 1838 642 1892 quasi
665 1838 836 1878 diceret:
871 1838 1011 1891 Caput
1041 1837 1209 1877 ecclesie
1234 1837 1441 1888 Christus,
1472 1838 1584 1877 Deus
1616 1847 1758 1877 noster
1780 1847 1840 1877 est

524 1909 675 1962 dignus
715 1922 762 1948 ex
800 1908 950 1947 merito
984 1907 1189 1960 passionis
1223 1921 1295 1947 sue
1328 1907 1478 1946 habere
1510 1907 1719 1946 civitatem
1753 1916 1839 1947 tam

524 1979 724 2030 amplam,
777 1991 858 2031 que
905 1977 956 2017 sit
999 1977 1140 2017 totalis
1185 1976 1357 2016 ecclesia
1401 1975 1506 2016 facta
1565 1990 1612 2015 ex
1669 1977 1893 2017 ecclesiazfi

524 2048 732 2087 militante
763 2047 806 2086 in
840 2047 932 2086 solo
967 2055 1005 2086 et
1037 2046 1326 2099 triumphante
1358 2046 1401 2084 in
1434 2046 1548 2098 polo.

584 2117 791 2167 Quamvis
836 2116 949 2156 enim
987 2130 1063 2169 pro
1095 2116 1265 2156 instanti
1305 2129 1390 2169 quo
1424 2115 1555 2155 factus
1588 2124 1647 2155 est
1679 2116 1887 2169 primusV

524 2189 656 2228 homo
690 2186 768 2226 fuit
800 2187 870 2226 illa
902 2186 1072 2226 ecclesia
1105 2185 1344 2236 constituta,
1379 2194 1517 2224 tamen
1554 2199 1665 2225 novo
1707 2186 1838 2225 modo

525 2267 622 2311 post
652 2256 943 2297 ascensionem
976 2256 1053 2295 fuit
1084 2270 1177 2308 pars
1211 2255 1298 2295 eius
1330 2255 1501 2294 inferior
1532 2268 1656 2308 super
1677 2264 1837 2307 partem

526 2327 612 2367 eius
652 2326 911 2379 superiorem
942 2326 985 2365 in
1018 2325 1235 2364 celestibus
1260 2325 1475 2364 collocata.
1509 2325 1674 2364 Partem
1696 2333 1838 2364 auten]
1855 2336 1895 2368 30

526 2397 612 2436 eius
660 2395 899 2435 inferiorem
950 2395 1137 2448 intelligo
1185 2403 1318 2434 totam
1367 2403 1557 2434 naturam
1607 2394 1838 2434 humanam

527 2480 608 2520 que
641 2465 874 2505 secundum
909 2473 1070 2518 partem
1092 2478 1213 2504 suam
1236 2477 1316 2517 que
1340 2473 1398 2504 est
1422 2464 1577 2504 Christi
1599 2464 1837 2504 humanitas

581 2602 656 2635 4.1n
671 2601 778 2629 codd.:
800 2600 940 2636 perstitit.
1049 2600 1085 2628 15.
1106 2600 1189 2628 nulla
1203 2609 1209 2635 ;
1229 2605 1325 2628 recte:
1347 2604 1458 2627 natura
1564 2607 1610 2636 27.
1622 2598 1666 2627 A:
1680 2599 1779 2627 factus
1791 2604 1836 2627 est

526 2648 636 2676 factus.

593 2765 640 2797 19·
660 2755 689 2786 A
710 2764 809 2785 verse
828 2754 917 2785 from
938 2753 996 2785 the
1015 2754 1122 2795 hymn
1144 2753 1303 2785 “Chorus
1329 2763 1441 2785 novae
1461 2753 1700 2785 Hierusalem''
1719 2753 1752 2784 in
1779 2752 1836 2784 the

530 2813 651 2844 Sarum
687 2812 859 2854 Breviary,
893 2819 926 2844 at
953 2812 1101 2855 Vespers
1134 2822 1179 2843 on
1206 2812 1347 2855 Sunday
1374 2811 1458 2843 after
1483 2811 1604 2843 Easter
1631 2809 1835 2855 (Matthew).
