2051 3343
216 228 369 287 eman]
723 243 782 275 DE
807 242 1042 276 ECCLESIA.

62 355 289 398 M133⁰est,
334 350 375 388 in
416 348 594 388 ecclesia
633 354 672 387 et
701 347 940 400 palliantes
972 360 997 386 α
1030 349 1167 400 capite
1212 362 1295 389 non
1336 350 1537 390 recedere

213 425 365 459 contra
397 424 528 471 caput
548 419 747 458 sentiunt.
782 417 976 457 Heretici
997 416 1133 471 inquit
1156 431 1250 457 cum
1275 425 1372 458 ante
1394 419 1533 460 credi-

213 488 354 528 derint
383 488 614 540 scripturis
641 501 721 541 que
752 500 778 526 a
811 487 965 539 spiritu
997 494 1146 527 sancto
1178 489 1337 541 scripte
1367 496 1469 529 sunt
1499 496 1537 529 et

214 558 333 606 edite,
376 557 655 612 transferunt
687 570 733 596 se
765 557 823 596 ad
856 569 989 596 novas
1021 556 1242 597 doctrinas
1274 564 1312 597 et
1331 558 1533 612 fermen-

121 635 199 672 133d
212 634 298 667 tum
315 627 619 680 phariseorum
644 625 667 649 ’l‘
691 632 730 665 et
752 625 956 665 mandata
978 626 1210 674 hominum,
1235 627 1423 681 dumque
1444 642 1534 669 ser-

212 710 376 737 monem
400 697 485 736 Dei
505 702 817 747 contempnunt,
851 697 998 736 socrui
1019 709 1095 736 sue
1108 696 1291 750 faciunt
1311 698 1531 738 iniuriam.

271 766 462 807 Christus
481 780 579 820 ergo
599 780 647 806 ex
661 766 746 806 vita
761 774 800 806 et
817 766 1006 806 doctrina
1019 766 1133 806 venit
1150 766 1365 807 confutare
1383 767 1534 808 hereti-

213 851 296 889 cos,
310 845 357 876 ut
375 835 662 876 discernantur
674 850 697 875 a
711 834 905 875 fidelibus
923 844 962 876 et
978 837 1256 889 postmodum
1279 846 1534 890 separentur.

212 907 265 946 Et
295 905 351 946 ita
383 905 588 945 subtiliter
619 914 658 945 et
690 905 893 945 catholice
925 914 1064 959 potest
1096 906 1272 959 intelligi
1301 908 1536 948 secundum

158 997 197 1019 10
212 975 325 1015 hunc
349 983 544 1015 sanctum
566 989 638 1028 per
660 974 808 1027 filium,
841 973 971 1015 filiam
994 983 1033 1015 et
1054 989 1211 1015 nurum
1232 976 1439 1017 hereticus
1463 978 1535 1031 qui

211 1054 403 1098 pretense
436 1053 475 1084 et
507 1044 607 1084 false
640 1058 682 1084 se
714 1044 907 1085 nominat
944 1044 1079 1084 filium
1111 1045 1188 1085 Dei
1220 1045 1362 1098 patris,
1404 1045 1536 1087 filiam

211 1113 354 1154 matris
377 1127 463 1165 sue,
494 1113 701 1166 sapiencie
723 1114 799 1153 Dei
821 1114 948 1167 patris
972 1123 1011 1154 et
1033 1128 1189 1155 nurum
1211 1115 1380 1168 spiritus
1404 1117 1535 1157 sancti

1765 249 1813 289 41

212 1193 251 1224 et
269 1184 325 1223 sic
342 1183 690 1234 cognatissimum
710 1183 895 1224 trinitati.
916 1184 997 1224 Sed
1010 1185 1093 1225 vita
1116 1193 1155 1225 et
1175 1185 1364 1225 doctrina
1379 1185 1534 1226 Christi
1573 1194 1642 1222 The
1663 1195 1713 1224 life
1734 1195 1794 1223 and

1587 1231 1733 1266 teaching
1752 1230 1788 1258 of

212 1262 309 1293 sunt
330 1253 542 1306 optimum
566 1253 798 1306 speculum,
830 1254 901 1293 ubi
923 1263 1103 1308 possunt
1126 1254 1200 1294 hec
1223 1255 1412 1307 discerni,
1437 1269 1534 1296 cum
1547 1264 1825 1336 gligisstbssrgvhfflfi

1522 1326 1529 1332 .
1633 1321 1641 1335 ,

159 1335 196 1368 15
212 1323 484 1363 manifestum
515 1323 567 1363 sit
599 1324 714 1377 quod
746 1323 884 1364 omnis
928 1324 1059 1364 homo
1093 1334 1131 1365 et
1164 1326 1304 1365 solum
1336 1325 1428 1366 talis
1461 1336 1680 1379 quineretics
1700 1343 1771 1368 may
1786 1336 1824 1363 be

212 1402 272 1433 est
304 1393 346 1431 in
377 1393 460 1433 vita
492 1402 531 1432 et
555 1392 742 1433 doctrina
766 1393 935 1434 Christo
960 1395 1192 1435 contrarius
1217 1404 1276 1435 est
1309 1395 1530 1447 hereticus,

212 1471 252 1502 et
283 1461 421 1502 omnis
454 1462 701 1503 christianus
735 1472 774 1503 et
807 1463 946 1503 solum
978 1464 1070 1504 talis
1104 1464 1177 1518 qui
1210 1474 1271 1505 est
1302 1465 1346 1504 in
1378 1465 1462 1505 vita
1494 1474 1533 1505 et

212 1532 401 1572 doctrina
433 1531 601 1573 Christo
634 1532 861 1573 conformis
901 1542 962 1573 est
993 1543 1039 1574 ut
1071 1534 1127 1574 sic
1160 1534 1210 1573 ab
1242 1534 1377 1574 heresi
1410 1535 1527 1574 elon-

212 1610 344 1655 gatus.
379 1601 570 1642 Christus
605 1616 702 1656 ergo
734 1603 848 1643 venit
879 1617 965 1643 non
999 1604 1050 1643 ad
1083 1603 1324 1644 faciendum
1350 1605 1532 1658 primam

156 1694 196 1716 20
211 1671 524 1725 separacionem
556 1686 636 1726 que
681 1681 742 1712 est
773 1673 943 1726 proprie
986 1687 1059 1726 per
1090 1683 1326 1727 peccatum,
1376 1675 1448 1715 sed
1480 1676 1532 1714 ad

210 1741 449 1782 faciendum
472 1750 730 1796 sequentem,
757 1751 800 1782 ut
829 1756 903 1796 per
926 1757 1025 1783 eum
1052 1743 1339 1784 discernantur
1361 1743 1531 1785 heretici

210 1821 249 1852 et
280 1812 331 1852 ab
364 1812 535 1852 ecclesia
567 1820 822 1865 separentur.
869 1813 922 1853 Et
953 1812 1030 1853 hec
1062 1813 1332 1868 racio-quare
1367 1823 1532 1867 oportet

211 1895 385 1921 omnem
417 1881 672 1922 catholicum
705 1896 957 1936 cognoscere
990 1883 1239 1937 scripturam
1271 1897 1442 1926 sacram.
1477 1886 1530 1924 Et

210 1960 345 1993 certus
389 1965 484 1992 sum
528 1952 656 2006 quod,
700 1951 796 1992 licet
841 1952 989 2006 prelati
1021 1953 1152 1993 nostri
1190 1953 1328 2006 ipsam
1360 1962 1399 1994 et
1431 1968 1530 2007 pro-

152 2032 192 2064 25
209 2021 384 2062 fessores
410 2036 508 2062 suos
524 2021 728 2075 dissipant
750 2030 788 2062 et
812 2023 1073 2074 conculcant,
1095 2023 1254 2076 lapides
1274 2024 1530 2076 clamabunt,

208 2091 289 2132 hoc
322 2100 395 2144 est,
430 2091 634 2132 seculares
667 2091 829 2132 domini
860 2092 902 2131 in
927 2106 1051 2132 sensu
1085 2093 1285 2146 scripture
1308 2107 1331 2133 a
1354 2093 1530 2134 domino

207 2161 403 2202 illustrati
449 2161 674 2202 defendent
723 2161 851 2202 fidem
892 2162 1154 2215 catholicam,
1203 2163 1300 2217 quia
1350 2163 1531 2216 pharisei

209 2232 398 2271 volentes
442 2231 639 2271 obturare
684 2245 755 2271 ora
787 2231 1094 2285 discipulorum
1127 2232 1377 2285 scripturam
1408 2233 1531 2273 istam

209 2300 508 2341 confitencium
526 2301 748 2342 audierunt
766 2301 957 2342 divinum
978 2313 1250 2355 responsum:
1268 2303 1375 2342 Dico
1398 2303 1530 2354 vobis,

153 2379 195 2412 30
210 2372 309 2425 quia
332 2372 370 2411 si
391 2372 450 2411 lziz‘
472 2372 688 2411 tacuerint
710 2372 876 2424 lapides
898 2373 1160 2422 clamabunt,
1186 2374 1298 2412 Luce
1313 2373 1445 2425 X1X0,
1460 2385 1529 2424 40.

210 2442 409 2495 Magnam
442 2440 553 2480 enim
584 2440 672 2480 vim
702 2440 827 2481 habet
858 2442 1007 2482 veritas
1040 2442 1353 2496 scripturarum.

268 2609 289 2629 1.
302 2600 335 2628 In
349 2600 440 2628 codd.
452 2599 542 2628 false:
562 2601 622 2628 hoc
633 2605 679 2628 est
693 2600 833 2629 ecclesia.
946 2610 975 2634 4.
990 2601 1027 2628 B:
1043 2601 1285 2637 transferuntur;
1307 2602 1350 2630 ibi
1373 2603 1403 2630 in
1420 2603 1529 2633 codd.:

211 2655 282 2676 ecce
296 2646 494 2675 transferunt.
592 2655 622 2682 9.
642 2646 682 2674 B:
703 2651 835 2683 possunt
854 2647 993 2683 intelligi.
1080 2655 1116 2675 12.
1140 2647 1160 2674 Β
1182 2648 1212 2676 in
1233 2656 1337 2683 marg:
1360 2649 1529 2685 Quomodo

209 2693 362 2721 hereticus
383 2698 428 2722 est
448 2694 529 2722 filius
550 2694 658 2722 matris
679 2703 733 2722 sue
754 2694 910 2731 sapiencie
932 2694 987 2721 Dei
1009 2694 1114 2730 patris.
1207 2695 1243 2723 13.
1265 2695 1303 2722 B:
1325 2694 1386 2723 Sed
1408 2701 1436 2723 et
1455 2696 1526 2724 vita.

210 2748 254 2774 14.
275 2740 372 2775 AAl:
404 2740 457 2768 ubi
477 2744 622 2776 poterunt
642 2741 786 2769 discerni.
808 2741 870 2768 AB
891 2741 921 2768 in
942 2749 1043 2776 marg:
1073 2740 1254 2769 Conclusio.
1397 2742 1437 2769 18.
1459 2742 1480 2769 B
1501 2743 1531 2770 in

208 2794 311 2822 marg:
331 2785 426 2815 Nota:
448 2787 522 2823 quid
543 2791 588 2815 est
606 2787 760 2815 hereticus
862 2795 902 2815 21.
918 2787 939 2814 Β
961 2788 990 2815 in
1012 2796 1100 2823 marg
1121 2788 1171 2822 (ad
1192 2788 1288 2824 prior.
1307 2788 1363 2815 loc.
1387 2789 1529 2824 pertinet)

207 2832 294 2860 Tulit
313 2841 362 2861 me
382 2838 479 2861 mater
499 2841 567 2861 mea
580 2834 612 2861 in
627 2841 688 2861 uno
703 2834 888 2870 capillorum
904 2842 1056 2862 meorum.
1165 2842 1210 2870 27.
1232 2834 1273 2861 B:
1294 2835 1479 2863 catholicam
1500 2840 1529 2863 et

209 2878 352 2914 pharisei.
459 2878 505 2907 28.
527 2881 571 2908 A:
592 2880 744 2908 abturare.
817 2880 864 2909 30.
886 2880 908 2908 B
927 2881 959 2908 in
980 2889 1081 2916 marg:
1105 2881 1189 2908 Luce
1208 2888 1250 2916 19.

1601 1369 1774 1398 discerned.
