2051 3343
200 237 287 266 CAP.
301 228 371 287 iv]
698 242 759 274 DE
786 241 1019 274 ECCLESIA.
1751 233 1803 285 69

46 356 75 389 S
106 344 304 398 137flsicut
344 345 581 398 voluptates
617 347 883 399 temporales,
923 346 1104 385 decimas
1136 347 1202 386 vel
1232 346 1435 399 honores3
1475 356 1516 387 et

195 428 342 454 omnes
373 415 474 454 tales
501 425 599 455 sunt
617 415 817 455 venenosi
836 415 1004 455 heretici
1030 413 1094 457 (ut
1115 425 1230 468 patet
1254 416 1361 456 libro
1384 426 1513 465 sexto,

193 492 369 524 tractatu
400 485 451 524 de
479 484 644 539 heresi).

745 634 868 674 CAP.
893 634 960 675 IV.

145 759 180 792 A
249 750 308 790 Ut
339 750 447 790 dicta
479 751 529 789 de
562 759 704 790 sancta
735 759 866 790 matre
899 751 1069 790 ecclesia
1099 751 1235 804 magis
1270 762 1509 805 appareant,
1572 772 1754 800 obiection:

161 819 371 861 lobicitur
401 820 518 860 aliter
549 828 693 859 contra
732 819 852 859 dicta.
910 819 1065 871 Primo,
1109 821 1299 874 inquam,
1346 822 1510 863 videtur
1542 806 1649 869 {rt-gi}
1666 807 1789 869 {¹233}

192 889 308 942 quod
322 889 574 929 continuum
588 889 860 943 quantitative
876 889 1148 943 componitur
1165 904 1214 930 ex
1227 905 1316 931 non
1332 893 1510 945 quantis,
1526 882 1802 939 ῆῗέἓὲᾆὲῗξῖῃῗ

192 959 291 1013 quia
323 968 463 998 sancta
493 968 627 999 mater
649 958 820 999 ecclesia
842 972 922 1013 que
946 969 1007 999 est
1028 973 1181 1013 corpus
1201 960 1355 1001 Christi
1376 962 1510 1002 misti·
1526 946 1729 1009 numbbferssffi
1752 947 1802 974 the

192 1042 288 1068 cum
312 1028 582 1081 componitur
604 1028 878 1082 quantitative
911 1042 960 1068 ex
990 1029 1134 1069 multis
1164 1030 1334 1070 milibus
1367 1032 1510 1072 beato-

137 1112 286 1138 1orum
315 1097 551 1151 spirituum,
592 1107 631 1138 et
667 1112 740 1151 per
787 1111 1063 1151 consequens,
1112 1112 1264 1153 corpus
1306 1114 1348 1140 se
1387 1100 1513 1141 habet

190 1168 235 1207 in
275 1167 557 1221 proporcione
604 1167 803 1206 racionali
854 1168 1089 1207 secundum
1133 1170 1411 1223 quantitatem
1459 1171 1513 1210 ad

189 1237 508 1277 multitudinem
539 1236 767 1289 spirituum
798 1237 1030 1279 beatorum.
1055 1238 1137 1278 Sed
1166 1238 1233 1279 hic
1268 1239 1511 1280 conceditur

191 1306 419 1358 conclusio,
469 1316 513 1347 ut
554 1315 670 1360 patet
715 1308 766 1346 de
810 1307 979 1347 attomis
1011 1308 1228 1361 principiis
1269 1323 1510 1363 corporum,

190 1376 240 1415 de
284 1376 451 1429 punctis
494 1376 700 1416 linearum
746 1385 785 1417 et
827 1376 883 1416 sic
923 1378 973 1415 de
1004 1376 1257 1418 instantibus
1291 1392 1389 1419 cum
1421 1380 1509 1420 aliis

135 1450 172 1483 15
187 1446 374 1499 partibus
405 1445 728 1485 indivisibilibus
760 1446 1078 1486 continuorum.
1109 1448 1164 1487 Et
1186 1448 1243 1487 sic
1267 1449 1511 1489 conceditur

187 1515 304 1568 quod
348 1525 489 1555 sancta
533 1525 665 1555 mater
709 1516 878 1555 ecclesia
910 1525 970 1556 est
1011 1517 1303 1570 comparabilis
1336 1518 1379 1557 in
1409 1532 1508 1572 pro·
1524 1505 1798 1567 Τῃέῗξζῖ-Ξζῃς

185 1585 388 1639 porcione
419 1585 632 1637 racionali,
665 1586 797 1625 eciam
828 1586 1062 1625 secundum
1095 1587 1375 1639 quantitatem
1396 1573 1604 1636 mul-⁵⁹2³}
1618 1574 1798 1644 ἓῃζξιῖἒῇῗῌ

185 1655 375 1695 titudinis
398 1655 614 1695 celestium
637 1655 874 1708 spirituum.
900 1656 1196 1705 Quantitatem
1218 1657 1311 1697 dico
1328 1658 1506 1710 virtutis,
1538 1643 1731 1712 ὼωὲἑςὲῗῖ
1750 1650 1782 1670 ⁰³

186 1739 273 1764 non
314 1725 438 1765 molis
451 1737 463 1777 ;
515 1726 588 1765 sed
628 1724 743 1763 illam
786 1724 1118 1778 proporcionem
1161 1727 1282 1767 novit
1325 1742 1507 1781 sponsus

128 1808 171 1830 20
187 1795 369 1845 ecclesie,
419 1808 495 1835 nec
553 1803 720 1848 oportet
777 1808 825 1834 ex
873 1794 971 1834 hinc
1034 1809 1121 1835 esse
1177 1797 1509 1850 proporcionem

185 1865 438 1905 racionalem
474 1864 581 1905 inter
618 1878 769 1918 corpus
802 1872 841 1903 et
872 1864 1070 1916 animam,
1102 1865 1169 1905 vel
1200 1866 1389 1907 animam
1420 1882 1508 1908 esse

185 1944 348 1988 partem
391 1935 714 1989 quantitatis-am
756 1949 801 1975 ac
844 1935 1137 1989 quiditativam
1176 1935 1405 1976 formaliter
1443 1938 1507 1977 sui

185 2005 422 2058 compositi.
466 2005 641 2056 Ymmo,
677 2005 968 2058 equivocando
1012 2005 1055 2044 in
1099 2005 1270 2045 nomine
1304 2007 1506 2060 corporis,

187 2074 360 2114 concedi
398 2083 538 2127 potest
576 2075 692 2128 quod
723 2074 952 2114 multitudo
987 2075 1208 2114 beatorum
1242 2077 1505 2128 angelorum,
1565 2104 1624 2123 one
1643 2096 1775 2134 hatris-

128 2143 169 2177 25
186 2144 292 2184 sicut
323 2144 402 2184 fuit
432 2144 602 2184 ecclesia
635 2154 681 2184 ut
713 2154 772 2183 est
804 2145 949 2195 modo,
983 2144 1039 2183 sic
1072 2143 1151 2184 fuit
1173 2159 1325 2198 corpus
1350 2146 1505 2186 Christi
1521 2132 1718 2204 dfigffifssffi
1734 2138 1796 2193 grie

185 2214 415 2261 misticum,
449 2223 488 2254 et
514 2213 570 2253 ita
592 2214 739 2253 eadem
762 2214 934 2253 ecclesia
954 2214 1102 2254 habuit
1123 2215 1351 2268 aliquando
1375 2230 1505 2257 unam
1596 2208 1628 2228 ⁰³
1648 2209 1731 2228 men.

185 2284 504 2338 quantitativam
535 2284 815 2335 medietatem,
848 2298 936 2323 non
957 2285 1071 2324 mole
1096 2285 1168 2323 sed
1190 2297 1390 2337 numer03
1424 2300 1505 2340 que

185 2353 262 2393 fuit
296 2367 498 2393 numerus
533 2354 793 2406 angelorum,
821 2363 860 2394 et
881 2354 960 2393 alia
979 2354 1182 2394 medietas
1204 2354 1283 2395 fuit
1303 2369 1505 2396 numerus

183 2422 411 2462 hominum
442 2423 573 2462 eciam
605 2424 839 2462 secundum
870 2432 1064 2463 naturam
1096 2437 1357 2476 corpoream.

59 2490 93 2523 B
117 2493 141 2525 2
242 2492 436 2532 Secundo
487 2492 667 2532 obicitur
716 2505 790 2545 per
841 2493 921 2532 hoc
972 2494 1088 2546 quod
1138 2493 1252 2532 iuxta
1302 2494 1411 2534 dicta
1455 2495 1505 2534 de

185 2560 386 2614 quiditate
430 2561 599 2601 ecclesie
643 2561 787 2600 omnia
825 2575 905 2615 que
944 2561 1113 2602 fuerunt
1143 2563 1208 2601 vel
1249 2573 1370 2603 erunt
1408 2573 1505 2603 sunt

239 2671 265 2699 5.
286 2673 315 2700 Α
344 2674 374 2701 in
405 2681 519 2709 marg:
543 2673 644 2701 Prima
673 2675 823 2702 obieccio.
966 2674 1003 2702 13.
1024 2674 1086 2702 AB
1115 2675 1147 2702 in
1176 2682 1287 2710 marga
1319 2674 1502 2711 Responsio.

185 2717 231 2745 30.
252 2720 282 2746 A
306 2718 336 2746 in
362 2727 480 2754 marg:
508 2718 711 2755 Composicio
739 2726 844 2748 sancte
865 2721 970 2748 matris
995 2722 1027 2748 in
1055 2720 1183 2748 ecclesie
1213 2727 1242 2749 et
1262 2722 1401 2756 parcium
1429 2731 1502 2758 pro-

185 2765 293 2800 porcio
313 2764 429 2798 (Below
449 2765 540 2800 137³).

246 2847 277 2880 3.
303 2848 357 2880 Ad
384 2858 457 2892 cap.
485 2848 538 2881 ΙΙΙ.
567 2849 608 2881 cf.
635 2850 710 2881 Hus
737 2850 829 2893 Opp.
848 2851 870 2882 I.
898 2852 972 2883 Fol.
997 2849 1086 2896 roob,
1113 2848 1197 2884 205*
1224 2858 1286 2883 etc.
