2051 3273
199 240 280 266 220

221 2095 281 2122 &Vc
303 2096 450 2123 maintain

226 2131 289 2158 that
310 2132 359 2158 1110
379 2132 452 2165 king

218 2171 332 2192 cannot
354 2165 421 2199 give
441 2174 455 2191 a

201 2200 348 2236 privilege
366 2206 397 2227 to
419 2201 474 2227 rob

261 2243 296 2262 οι·
317 2235 417 2262 detain

243 2270 440 2305 wrongt‘ully.

920 236 1143 267 JOHANNIS
1170 235 1364 267 WYCLIF.
1631 221 1737 280 [CAP.
1760 234 1798 262 x.

486 345 588 382 illud
635 352 800 395 sonant,
834 353 924 382 tum
959 341 1089 381 eciam
1134 341 1232 394 quia
1265 341 1381 380 aliter
1413 341 1519 381 foret
1550 341 1675 380 nimis
1708 355 1796 381 sus-
1819 352 1949 398 159¹⁷M

486 422 671 466 pectum,
717 414 909 466 negando
952 412 1081 465 laycis
1128 412 1491 464 complementum
1545 411 1704 451 iusticie
1761 421 1800 452 et

486 483 677 523 faciendo
723 483 833 522 clero
876 481 1099 522 iusticiam.
1147 482 1228 522 Sed
1270 490 1371 521 tunc
1417 482 1618 535 sequitur,
1663 481 1800 534 primo

485 554 602 606 quod
654 566 723 592 rex
779 552 852 605 qui
904 552 1044 604 potuit
1101 552 1330 591 concedere
1388 560 1434 590 ut
1498 551 1800 590 sceleratissimi

486 622 680 662 homines
723 622 765 660 in
809 631 1062 674 perpetuum
1109 621 1259 661 iniuste
1292 620 1504 660 detineant
1535 621 1730 673 reliquias
1763 630 1834 665 et5

487 706 738 746 quecunque
786 692 897 731 bona
940 691 1142 730 immunis
1186 690 1354 730 ecclesie
1392 700 1534 744 posset
1577 691 1803 731 concedere

487 772 532 802 ut
574 761 671 801 iusti
716 761 906 801 auferant
950 760 1201 813 temporalia
1232 761 1283 799 ab
1317 760 1488 799 ecclesia
1521 760 1801 813 delinquente.

486 834 596 873 Nam
632 846 704 885 per
736 846 778 871 se
810 840 962 871 notum
984 840 1044 870 est
1076 831 1193 884 quod
1214 830 1283 869 ille
1313 830 1384 883 qui
1409 838 1549 884 potest
1576 831 1803 870 concedere

486 902 620 954 magis
665 902 912 953 elongatum
943 915 965 939 a
999 900 1219 940 communi
1263 899 1350 939 iure
1392 908 1532 953 potest
1576 901 1803 940 concedere

489 971 796 1012 consonancius
834 970 912 1010 iuri
957 970 1046 1010 Dei.
1092 971 1144 1009 Et
1190 970 1341 1009 iterum
1384 979 1537 1009 notum
1583 979 1644 1010 est
1687 971 1861 1023 quod1o

487 1043 623 1082 maius
648 1050 865 1094 peccatum
892 1040 999 1080 foret
1030 1039 1196 1090 iniuste,
1225 1039 1490 1092 pertinaciter
1523 1048 1562 1079 et
1594 1039 1802 1080 obstinate

487 1112 670 1152 detinere
715 1125 804 1151 rem
849 1110 1059 1161 alienam,⁴
1088 1123 1217 1163 quarn
1271 1109 1376 1149 foret
1426 1109 1582 1149 iniusta
1628 1110 1802 1161 ablacio,

487 1182 584 1236 quia
616 1195 691 1235 pro
714 1181 854 1234 primo
879 1189 939 1220 est
972 1180 1104 1219 homo
1129 1179 1560 1219 excommunicandus
1583 1188 1804 1233 tamquam

485 1252 707 1303 hereticus,
744 1261 784 1291 et
815 1265 892 1304 pro
917 1251 1104 1290 secundo
1130 1263 1229 1301 non,
1262 1249 1341 1288 nisi
1375 1248 1537 1289 affuerit
1575 1258 1803 1289 contumax

487 1323 731 1372 obstinacia,
775 1330 821 1360 ut
866 1329 1069 1359 noverant
1101 1320 1260 1372 legiste.
1294 1320 1392 1358 Ideo
1426 1333 1511 1358 non
1545 1319 1737 1371 dubium,
1770 1319 1802 1358 si
1823 1330 1860 1362 15

487 1407 554 1432 rex
600 1401 739 1445 potest
792 1391 1019 1430 concedere
1063 1389 1329 1442 privilegium
1378 1398 1424 1428 ut
1468 1389 1643 1442 quilibet
1689 1389 1805 1442 regni

489 1461 550 1501 sui
584 1462 733 1501 habeat
764 1461 1000 1499 libertatem
1032 1460 1083 1497 ad
1117 1468 1322 1511 perpetuo
1347 1458 1622 1498 detinendum
1652 1458 1804 1498 iniuste

489 1532 625 1570 ablata
669 1532 719 1570 de
763 1539 905 1569 sancta
950 1539 1080 1568 matre
1114 1528 1299 1578 ecclesia,
1332 1528 1470 1567 multo
1503 1528 1635 1580 magis
1667 1538 1806 1580 potest

490 1602 717 1641 concedere
748 1599 981 1650 licenciam,
1015 1609 1061 1639 ut
1094 1598 1189 1638 iusti
1223 1598 1413 1637 auferant
1436 1598 1687 1638 elemosinas
1710 1612 1804 1638 suas

489 1672 642 1725 quibus
676 1671 915 1710 fraudantes
947 1683 1125 1723 regnum
1158 1678 1197 1708 et
1229 1677 1417 1708 sanctam
1446 1668 1900 1721 niatren1sseccle-1590

489 1742 592 1780 siam
627 1742 871 1780 abutuntur.
903 1739 1026 1779 Unde
1057 1739 1343 1779 inconsonum
1375 1738 1531 1778 factum
1564 1748 1626 1778 est
1658 1747 1697 1778 et
1728 1739 1804 1778 sibi

488 1811 565 1864 ipsi
590 1810 847 1851 contrarium
868 1819 956 1849 tam
979 1809 1184 1848 ferventer
1215 1808 1437 1848 defendere
1459 1808 1562 1848 illud
1585 1818 1805 1862 tamquam

489 1881 754 1934 privilegium
800 1879 1055 1920 catholicum
1100 1888 1140 1919 et
1184 1878 1343 1918 solicite
1386 1878 1586 1929 laborare,
1633 1879 1804 1931 quando

488 1952 675 1991 raciones
720 1950 933 2002 deficiunt,
977 1950 1029 1988 ad
1074 1948 1397 2001 dampnandum
1442 1948 1554 1987 aliud
1586 1956 1806 2001 tamquam

488 2021 732 2062 hereticum.
1822 2025 1861 2057 25

548 2092 638 2144 Ego
671 2099 813 2129 autem
836 2089 930 2129 dico
954 2088 1264 2128 consonancius
1296 2101 1372 2140 pro
1405 2087 1633 2140 privilegiis
1665 2094 1855 2127 sancteN

490 2161 632 2200 matris
656 2160 825 2200 ecclesie
848 2159 964 2212 quod
988 2172 1056 2197 rex
1079 2172 1165 2197 non
1190 2166 1328 2210 potest
1350 2157 1548 2210 cuiquam
1579 2157 1805 2196 concedere

489 2230 726 2270 libertatem
750 2230 801 2269 ad
823 2229 1006 2268 violente
1039 2227 1316 2267 auferendum
1339 2236 1378 2266 et
1400 2227 1537 2266 multo
1567 2226 1806 2266 evidencius

491 2301 542 2339 ad
576 2300 728 2339 iniuste
758 2299 1034 2338 detinendum
1066 2297 1239 2350 aliquod
1272 2298 1435 2336 bonum
1467 2298 1517 2336 de
1549 2309 1807 2350 quocunque

490 2370 683 2410 membro
731 2369 912 2420 ecclesie,
958 2368 1037 2407 nisi
1069 2367 1183 2420 prius
1216 2367 1446 2420 peccaverit
1477 2367 1558 2407 hoc
1590 2367 1804 2406 merendo.
1823 2372 1864 2405 30

492 2441 578 2479 Nec
602 2449 662 2479 est
676 2440 741 2479 hic
766 2439 1002 2492 sophisma:
1018 2439 1105 2477 Rex
1129 2436 1320 2477 concedit
1342 2436 1533 2476 malefico
1556 2437 1805 2486 libertatem,

492 2519 538 2549 ut
569 2523 657 2548 non
698 2509 898 2562 puniatur
931 2517 970 2548 et
1002 2516 1049 2548 ut
1080 2516 1247 2547 maneat
1278 2507 1319 2546 in
1354 2516 1607 2559 perpetuum
1638 2506 1805 2545 inaccu-

491 2591 606 2621 satus
638 2582 689 2621 de
722 2580 909 2631 crimine,
950 2579 1021 2618 sed
1053 2592 1140 2617 non
1174 2577 1367 2618 concedit
1398 2577 1474 2616 sibi
1506 2573 1736 2616 licenciam¹
1756 2576 1807 2614 ad

492 2651 756 2705 peccandum
787 2651 853 2691 vel
886 2649 1087 2703 cuiquam
1119 2647 1425 2699 iniuriandum3
1458 2660 1558 2686 nam
1591 2646 1808 2686 licenciare

544 2822 569 2849 3.
593 2823 620 2849 A
640 2823 669 2849 in
691 2830 805 2856 marga
827 2821 912 2848 Bona
932 2821 1025 2849 racio.
1146 2820 1182 2848 15.
1204 2820 1244 2854 A¹
1264 2819 1414 2847 correxit:
1437 2822 1598 2846 noverunt.
1714 2825 1759 2853 27.
1781 2818 1807 2845 A

493 2870 522 2896 in
545 2876 659 2903 marg:
682 2867 861 2896 Conclusio.
