2051 3343
220 240 406 299 meva]
733 253 793 285 DE
818 252 1052 286 ECCLESIA.
1750 238 1823 291 143

78 370 112 403 A
135 367 213 410 148¹>
228 358 430 398 minando
462 359 580 411 quod
611 357 767 397 exirent
789 359 838 396 de
860 366 965 397 terra
987 365 1129 397 nostra
1151 355 1364 396 coniuncti
1387 355 1538 395 nostris

229 427 473 480 capitalibus
505 427 697 479 inimicis,
730 427 927 466 dicuntur
951 440 1067 466 arma
1092 424 1168 464 sibi
1192 439 1369 477 parasse,
1401 424 1538 465 literas

227 495 327 535 salvi
361 497 594 536 conductus
631 496 682 536 ab
720 495 912 535 hostibus
952 509 1195 548 procurasse
1234 504 1275 535 et
1313 494 1538 535 consilium

226 565 388 605 domini
420 565 551 606 nostri
583 565 689 619 regis
720 573 939 619 tamquam
963 564 1118 605 falsum
1139 565 1307 618 publice
1330 563 1536 604 difidasse.

191 646 207 678 5
283 635 373 675 Istis
427 635 657 689 suppositis
696 648 793 675 cum
837 635 981 675 multis
1020 634 1109 674 aliis
1148 648 1230 688 que
1274 648 1386 674 nunc
1431 636 1617 674 essethe
1638 637 1821 673 questionis

1550 671 1650 699 wheth
1657 680 1688 700 er
1707 672 1730 700 it
1758 681 1821 700 was

223 704 347 744 nimis
391 704 568 758 longum
601 704 812 754 disserere,
845 704 1031 758 queritur
1061 713 1203 744 utrum
1235 703 1331 743 licet
1368 703 1451 756 regi
1497 712 1536 743 et
1561 706 1817 776 szrvtfflffitgritszkne-

220 787 349 827 regno
383 787 460 814 suo
492 774 535 813 in
559 787 654 813 casu
671 774 750 813 isto
784 773 912 813 facere
945 783 991 814 ut
1023 773 1120 812 dicti
1146 773 1295 826 captivi
1320 773 1369 811 de
1391 773 1533 812 West-
1580 778 1796 846 Sggzgffiyogt

221 842 480 883 monasterio
504 842 782 882 extrahantur.
817 843 870 882 Et
893 842 1038 882 dicunt
1061 843 1275 882 canoniste
1300 851 1339 882 et
1362 842 1534 881 civiliste
1567 845 1800 873 Westminster.

221 920 309 952 tam
339 911 455 966 regni
488 912 621 951 nostri
653 925 783 965 quam
814 911 979 964 imperii
1014 913 1143 965 quod,
1176 912 1397 965 supposita
1428 911 1532 950 veri—

166 1000 205 1021 10
220 989 302 1021 tate
335 995 465 1032 caSUS,
499 995 585 1021 non
619 982 811 1021 obstante
850 994 1106 1034 quocunque
1139 981 1357 1034 privilegio
1391 981 1531 1021 West-

219 1051 463 1090 monasterii
494 1050 590 1090 licet
623 1065 694 1090 eos
726 1050 948 1090 extrahere.
983 1050 1192 1104 Theologi
1225 1059 1367 1090 autem
1390 1050 1534 1089 dicunt

219 1120 480 1160 concorditer
500 1121 630 1173 quod,
654 1120 872 1173 supposita
893 1119 1063 1159 veritate
1086 1133 1203 1159 casus
1227 1120 1416 1172 expositi,
1439 1120 1534 1159 licet

217 1203 288 1229 eos
322 1190 545 1241 extrahere,
579 1190 784 1229 servando
816 1198 956 1229 tamen
990 1203 1060 1228 eos
1092 1189 1134 1228 in
1156 1189 1241 1228 vita
1264 1198 1303 1229 et
1334 1189 1530 1228 membris

213 1259 460 1299 incolumes.
505 1260 550 1298 In
582 1259 663 1298 isto
707 1267 848 1299 autem
894 1258 1069 1299 articulo
1114 1258 1286 1298 intendo
1320 1258 1532 1298 condicio·
1549 1270 1820 1307 Takingthecase

161 1334 198 1368 15
214 1329 360 1369 naliter
383 1343 431 1368 ex
453 1328 752 1381 supposicione
772 1328 955 1368 veritatis
979 1341 1096 1367 casus
1121 1328 1270 1367 narrati
1294 1329 1531 1381 procedere,
1548 1307 1820 1369 siitiv‘sssiizvsifrffie‘

214 1406 253 1438 et
285 1412 360 1438 nec
392 1398 653 1438 invasionem
685 1397 808 1437 occisi
841 1411 920 1437 nec
943 1411 1060 1437 suam
1085 1397 1340 1437 occisionem
1362 1407 1534 1451 propter
1604 1375 1761 1438 fi'gastiissff

212 1467 499 1520 ignoranciam
532 1468 693 1507 occulte
726 1467 1041 1507 circumstancie
1074 1467 1360 1520 comprobare.

163 1542 198 1576 B
271 1536 436 1586 Quibus
481 1537 708 1590 suppositis
744 1536 958 1576 conclusio
992 1537 1289 1589 theologorum
1334 1537 1531 1576 suadetur
1546 1556 1565 1575 1.
1588 1548 1686 1587 Gpd's
1706 1547 1764 1576 law
1785 1557 1817 1577 as

211 1605 437 1659 tripliciter.
462 1607 542 1646 Pro
566 1606 704 1659 primo
728 1615 977 1660 argumento
1010 1619 1209 1659 suppono
1224 1606 1361 1658 primo
1394 1607 1530 1659 legem
1595 1591 1687 1655 ἓὶιᾶἷῗ,
1705 1584 1759 1653 {ff

154 1689 196 1711 20
212 1676 374 1715 domini
397 1676 533 1715 Exodi
554 1677 672 1716 XX10
705 1676 903 1729 capitulo,
940 1688 1000 1727 14,
1025 1677 1165 1715 datam
1187 1675 1344 1729 Moysi:
1370 1676 1416 1715 Si
1437 1677 1530 1728 quis

209 1745 260 1785 de
292 1745 507 1786 industria
552 1746 757 1786 occiderit
789 1747 1049 1798 proximum
1081 1758 1206 1785 suum
1240 1752 1278 1785 et
1305 1758 1392 1797 per
1424 1746 1527 1785 insi-

209 1814 315 1867 dias,
348 1816 400 1855 ab
435 1817 567 1856 altari
610 1828 702 1855 meo
741 1815 898 1855 evellas
942 1828 1053 1866 eum,
1094 1821 1139 1854 ut
1170 1814 1408 1864 occidatur,
1457 1814 1526 1854 ubi

208 1893 378 1925 notatur
408 1886 546 1938 primo
587 1899 635 1924 ex
674 1893 820 1924 natura
858 1884 1158 1924 condicionalis
1197 1885 1313 1937 quod
1344 1885 1408 1924 lex
1451 1884 1527 1923 ista

208 1953 330 1994 debet
361 1968 449 1994 esse
480 1963 695 2008 perpetua.
730 1954 923 1994 Secundo
956 1962 1126 1993 notatur
1147 1954 1263 2007 quod
1295 1967 1412 1993 mora
1436 1953 1526 1993 talis

151 2022 249 2062 25in
282 2024 517 2064 sanctuario
540 2037 626 2063 non
660 2024 783 2063 debet
815 2037 901 2062 esse
935 2037 982 2062 ex
1016 2023 1158 2076 aliquo
1180 2023 1399 2076 privilegio
1431 2036 1524 2075 per-

206 2102 336 2146 petuo
369 2094 614 2147 constipata,
637 2093 732 2132 ideo
756 2092 855 2132 dicit
877 2093 1033 2132 evellas
1056 2105 1165 2131 eum.
1185 2091 1334 2131 Tercio
1357 2100 1526 2131 notatur

207 2165 322 2216 quod
345 2177 537 2202 summus
558 2163 709 2216 gradus
733 2161 960 2201 sanctitatis
982 2161 1062 2200 loci
1086 2174 1173 2200 non
1196 2161 1319 2200 debet
1341 2160 1523 2214 aliquem

205 2232 332 2270 talem
376 2232 416 2271 in
450 2232 715 2272 immunitate
748 2231 1021 2271 ecclesiastica
1054 2243 1309 2282 conservare,
1344 2244 1439 2270 cum
1473 2231 1523 2269 ab

206 2301 321 2339 altari
354 2301 425 2355 qui
458 2309 518 2341 est
548 2301 665 2341 locus
699 2301 967 2353 dignissimus
1001 2299 1169 2339 ecclesie
1201 2299 1291 2339 talis
1312 2299 1523 2338 homicida

148 2371 190 2404 30
208 2369 325 2408 evelli
359 2370 517 2410 debeat.

265 2438 459 2478 Secundo
476 2447 741 2492 supponatur
758 2438 914 2478 factum
932 2438 1131 2491 sapientis
1151 2437 1256 2490 regis
1280 2438 1521 2478 Salomonis
1564 2457 1588 2477 2.
1610 2447 1678 2477 The
1699 2458 1771 2485 pre-

793 2508 800 2515 .
902 2508 910 2515 .
1043 2508 1050 2514 .
1089 2509 1095 2513 .
1587 2485 1698 2512 cedent
1718 2485 1754 2512 of

207 2507 281 2546 IIlo
311 2509 479 2561 Regum
515 2513 558 2546 2⁰
591 2522 696 2561 cap„
731 2508 803 2548 ubl
836 2508 931 2547 feclt
963 2509 1096 2547 occ1d1
1140 2508 1242 2546 Joab
1288 2508 1339 2547 ad
1389 2521 1518 2547 cornu
1546 2517 1702 2581 801031101'13
1717 2520 1787 2547 with

1644 2562 1680 2581 oa
1707 2575 1713 2581 .

259 2641 278 2661 1.
298 2633 327 2660 A
345 2633 400 2666 Al:
444 2631 576 2659 convicti
612 2632 780 2666 (coniucti).
931 2642 961 2666 4.
983 2633 1012 2659 A
1030 2631 1060 2659 in
1083 2639 1198 2667 marga
1237 2631 1347 2659 Utrum
1388 2632 1457 2660 licet
1486 2633 1515 2660 in

206 2687 281 2707 casu
300 2679 379 2706 infra
399 2679 502 2714 posito
529 2678 674 2705 invadere
700 2678 934 2706 monasterium.
1077 2678 1106 2705 6.
1126 2679 1155 2704 A
1175 2678 1205 2704 in
1226 2686 1341 2713 marg:
1373 2677 1518 2714 Questio.

205 2725 233 2753 8.
263 2727 292 2753 A
319 2725 349 2752 in
370 2732 486 2760 marga
512 2724 685 2759 Responsio
711 2725 899 2760 legistarum.
1045 2732 1079 2751 11.
1099 2724 1128 2751 A
1153 2723 1184 2751 in
1206 2732 1323 2759 marg:
1346 2724 1518 2760 Responsia

203 2772 432 2806 theologorum.
554 2771 591 2799 15.
613 2772 641 2798 A
663 2771 701 2805 A1
721 2770 760 2797 B:
783 2779 872 2798 casus
900 2772 994 2799 deest.
1098 2778 1140 2798 22.
1161 2772 1190 2798 A
1212 2770 1241 2797 in
1263 2778 1377 2805 marg.:
1400 2772 1519 2808 Duplex

204 2817 398 2853 supposicio.
542 2818 585 2845 23.
608 2817 651 2844 D:
678 2822 784 2845 natura
805 2817 1012 2845 condicionali
1150 2816 1187 2844 31.
1214 2816 1256 2843 B:
1289 2816 1465 2845 Salomonis
1488 2834 1518 2838 -

203 2865 235 2892 in
264 2865 485 2892 thabernaculo
505 2864 599 2891 deest.
