2051 3273
211 261 299 289 CAP.
321 252 435 309 xvii]
709 266 768 297 DE
795 265 1027 297 ECCLESIA.

58 379 96 413 Η
121 379 195 420 184⁰
209 369 336 409 misso
360 370 440 409 isto
463 369 615 423 triplici
637 379 866 422 assumpto,
891 370 1007 422 quod
1029 378 1169 408 tamen
1195 382 1280 407 non
1306 368 1519 419 probatur,

210 453 295 478 non
341 439 487 478 exinde
531 439 717 492 sequitur
762 453 833 492 per
877 439 1019 478 locum
1051 453 1073 477 a
1105 438 1228 477 simili
1261 439 1376 490 quod
1405 438 1521 476 Jesus

209 508 465 561 principium
503 517 611 548 secte
649 517 788 547 nostre
821 508 871 547 sit
904 507 1164 559 christianus,
1198 507 1296 561 quia
1327 507 1369 545 in
1403 506 1521 546 dictis

209 577 428 629 generibus
477 577 555 617 fuit
598 591 733 617 unum
780 577 1037 630 principium
1068 585 1162 616 ante
1194 576 1416 628 predictos,
1450 576 1522 614 sed

176 655 295 688 5non
327 655 464 699 potest
496 660 583 685 esse
614 647 747 685 homo
770 645 882 699 prior
904 645 1102 699 dignitate
1125 645 1239 698 prius
1268 644 1521 697 principians

207 728 338 767 genus
384 724 589 766 nostrum,
637 729 765 768 quam
810 715 887 754 fuit
931 715 1129 754 dominus
1160 715 1277 754 Jesus
1310 713 1520 764 Christus3

208 798 306 823 nam
350 784 427 824 fuit
469 794 563 824 ante
606 786 732 824 Jacob
765 798 874 824 unus
907 784 968 823 vir
1000 783 1148 823 clarius
1179 784 1324 822 videns
1369 784 1519 834 Deum,

208 853 284 893 fuit
327 864 421 894 ante
465 854 702 893 Romulum
745 867 855 892 unus
898 853 1031 892 homo
1064 852 1321 905 principium
1361 852 1520 904 generis

207 924 517 972 Romanorum,
565 932 603 962 et
648 923 724 962 fuit
769 932 864 961 ante
897 922 1065 961 Arrium
1112 935 1221 961 unus
1264 921 1521 960 heresiarcha

155 1010 192 1032 10
207 993 278 1045 qui
311 992 573 1045 pertinaciter
605 992 778 1031 asseruit
799 993 943 1031 Jesum
975 1001 1169 1030 nostrum
1203 991 1328 1030 fuisse
1361 991 1518 1030 solum-

206 1063 337 1101 modo
375 1072 620 1113 creaturam‚
660 1071 705 1101 ut
744 1070 857 1114 patet
889 1063 939 1100 de
972 1062 1152 1114 dyabolo
1187 1071 1226 1101 et
1263 1061 1520 1114 principibus

207 1133 485 1172 sacerdotum.
546 1132 626 1171 Sed
686 1130 1012 1170 fundamentum
1065 1132 1176 1171 aliud
1230 1131 1399 1170 ecclesie
1455 1131 1520 1170 vel

205 1201 365 1254 generis
397 1200 607 1241 christiani
641 1214 766 1239 nemo
799 1209 939 1253 potest
972 1214 1130 1253 ponere
1162 1210 1298 1252 preter
1328 1200 1370 1239 id
1402 1201 1520 1253 quod

206 1270 395 1322 positum
434 1279 493 1309 est
532 1269 722 1309 Christus
755 1270 883 1309 Jesus.
919 1270 1017 1309 Ideo
1051 1271 1285 1309 secundum
1318 1269 1517 1322 Augusti-

154 1345 189 1377 15
205 1352 309 1378 num
341 1353 466 1392 super
487 1339 733 1389 „Iohannem‚
759 1338 923 1378 Omelia
946 1339 1106 1387 ultima,
1132 1353 1213 1378 non
1238 1353 1263 1378 α
1287 1339 1517 1379 christiano

205 1408 360 1448 dicitur
401 1409 597 1448 Christus
635 1408 708 1447 sed
739 1415 936 1457 econtra‚·
998 1408 1156 1462 aliquid
1200 1408 1313 1447 enim
1353 1417 1519 1461 oportet

205 1491 363 1518 nomen
396 1478 605 1518 christiani
637 1478 786 1517 addere
820 1491 944 1530 super
967 1477 1199 1529 Christum,
1224 1478 1329 1517 sicut
1351 1486 1518 1530 oportet

203 1548 417 1587 residuum
461 1549 613 1587 domus
661 1561 974 1600 presupponere
1023 1547 1360 1587 fundamentum.
1396 1547 1518 1587 Unde

205 1615 256 1672 (si
302 1631 388 1656 non
434 1616 571 1670 fallor)
619 1631 705 1656 non
752 1616 929 1656 habetur
971 1617 1266 1656 testimonium
1305 1631 1327 1655 a
1366 1617 1516 1656 sanctis

149 1701 190 1723 20
205 1686 446 1726 doctoribus
479 1687 593 1739 quod
624 1687 742 1725 Jesus
765 1686 958 1726 Christus
982 1686 1113 1726 fuerat
1135 1686 1396 1725 christianus.
1420 1687 1517 1725 Non

205 1755 317 1795 enim
362 1756 548 1809 sequitur
580 1756 658 1795 hoc
692 1769 739 1794 ex
773 1769 897 1795 sensu
933 1755 1194 1806 Crisostomi‚
1229 1755 1395 1795 Omelia
1428 1756 1517 1794 Llla

206 1825 355 1878 Operis
388 1826 633 1878 Imperfecd,
658 1825 832 1865 dicentis
855 1827 970 1878 quod
993 1839 1047 1865 ex
1078 1827 1155 1865 hoc
1186 1825 1340 1864 dicitur
1361 1826 1517 1878 aliquis

205 1896 476 1944 christianus,
514 1895 625 1948 quod
662 1902 806 1935 servat
838 1896 1064 1943 iusticiam,
1097 1909 1196 1934 nam
1228 1894 1410 1934 intencio
1443 1908 1517 1933 sua

207 1974 276 2004 est¹
299 1964 432 2004 dicere
465 1966 581 2018 quod
605 1965 743 2004 solum
765 1965 1002 2004 membrum
1028 1964 1194 2015 Christi,
1219 1964 1302 2003 sive
1334 1963 1515 2003 militans

149 2038 188 2070 25
205 2034 291 2073 sive
323 2034 601 2087 triumphans,
636 2044 695 2073 est
727 2034 892 2087 proprie
931 2034 1199 2085 christianus3
1244 2033 1359 2073 aliter
1404 2033 1516 2072 enim

205 2103 357 2143 diceret
400 2105 516 2157 quod
559 2103 718 2143 trinitas
775 2113 813 2143 et
869 2117 995 2143 omne
1040 2104 1281 2142 membrum
1333 2102 1514 2156 dyaboli,

203 2186 350 2226 ymmo
389 2173 572 2227 quelibet
612 2182 797 2212 creatura
830 2172 934 2212 foret
966 2173 1225 2223 christianus,
1260 2186 1358 2211 cum
1389 2186 1515 2211 omne

203 2242 283 2281 tale
336 2243 464 2282 modo
517 2256 593 2282 suo
645 2252 778 2282 servat
820 2242 1039 2281 iusticiam.
1085 2243 1194 2281 Nam
1239 2243 1289 2280 de
1333 2241 1517 2294 qualibet

204 2321 389 2351 creatura
430 2312 590 2351 iustum
632 2321 692 2351 est
735 2313 848 2365 quod
892 2326 934 2351 se
972 2312 1121 2352 habeat
1154 2320 1200 2351 ut
1231 2312 1343 2352 Deus
1380 2309 1516 2363 ipsam

148 2383 189 2416 30
205 2382 429 2421 decreverit
473 2396 515 2421 se
562 2382 724 2421 habere.
768 2383 854 2421 Nec
902 2381 1106 2434 sequitur:
1140 2379 1385 2433 Porphirius
1418 2378 1517 2419 dicit

205 2452 318 2505 quod
369 2465 501 2504 genus
556 2451 810 2504 quandoque
863 2450 1045 2490 sumitur
1095 2464 1170 2503 pro
1231 2449 1515 2503 generacionis

255 2620 369 2648 18—20.
386 2621 426 2648 B:
441 2621 531 2649 Unde
543 2638 572 2642 —
584 2622 682 2649 fuerat
698 2621 791 2648 deest.
865 2630 905 2654 14.
926 2622 994 2648 Ain
1011 2629 1125 2656 marga:
1142 2622 1349 2655 Augustinus.
1422 2627 1461 2647 21.
1484 2620 1513 2647 A

202 2667 232 2694 in
250 2675 364 2702 marg.:
389 2667 613 2696 Crisostomus.
722 2667 762 2695 25.
784 2667 813 2694 A
832 2667 862 2694 in
884 2675 999 2703 marg:
1021 2667 1083 2702 Qui
1104 2672 1148 2694 est
1169 2667 1294 2702 proprie
1314 2666 1512 2694 christianus.

265 2807 314 2840 15.
342 2810 430 2849 Aug.
458 2809 494 2840 ln
520 2808 598 2840 Joh.
618 2808 679 2840 Ev.
707 2818 781 2850 cap.
809 2809 893 2840 XXI.
920 2808 1033 2840 Tract.
1058 2808 1210 2841 CXXIV.
1236 2808 1332 2851 Opp.
1356 2808 1514 2848 tom.11[‚

202 2877 281 2910 pars
308 2868 346 2908 11,
371 2877 448 2910 pag.
476 2865 552 2898 822.
650 2876 702 2898 22.
730 2866 830 2909 Opus
855 2866 1098 2909 Imperfectum
1127 2867 1144 2898 1,
1174 2877 1200 2898 c.
1227 2877 1304 2910 pag.
1333 2867 1514 2899 CCXVIII.

1355 2924 1395 2956 26

1726 265 1803 302 401
