2051 3343
234 232 256 267 ὅ
949 243 1172 275 JOHANNIS
1200 243 1394 275 WYCLIF.
1690 228 1796 287 [CAP.
1817 241 1839 268 1.

515 348 704 398 pertinet
750 348 820 399 qui
863 355 923 387 est
958 348 998 386 in
1044 348 1223 386 caritate
1258 348 1586 401 compaginatus
1620 347 1839 399 lapidibus
1862 359 1936 392 1280
1957 360 1991 393 D

519 416 647 465 vivis;
668 417 740 468 qui
762 424 903 455 autem
928 418 1151 455 caritatem
1177 430 1259 456 non
1284 417 1494 469 habuerit,
1513 416 1672 469 finalis
1688 430 1839 469 perse-

520 487 719 525 verancie
742 487 915 525 ruinam
928 485 1062 539 facit,
1094 486 1171 525 sed
1202 486 1354 525 domus
1386 492 1481 525 stat.
1517 486 1570 525 Et
1591 493 1690 538 post
1721 487 1842 526 docet

522 555 639 607 quod
672 568 799 593 nemo
833 554 954 593 debet
987 568 1035 593 ex
1067 563 1257 607 pretense
1290 554 1507 607 potestatis
1536 555 1688 594 vicaria
1719 569 1840 608 pom-

521 637 617 677 pare
650 624 714 662 vel
747 623 896 662 minari
929 624 1045 677 quod
1078 624 1128 663 ab
1162 638 1211 663 eo
1245 624 1454 676 dependet
1493 633 1624 664 status
1660 624 1874 676 ecclesie‚5

521 693 627 732 sicut
670 691 856 732 fecerunt
887 692 1004 732 Judei
1044 707 1091 732 ex
1129 691 1335 733 filiacione
1380 702 1419 733 et
1465 693 1616 733 merito
1661 693 1841 745 Abrahe,

523 762 620 815 quia
652 762 745 802 filiis
777 762 1019 802 imitacione
1051 762 1256 802 Virtutum
1289 771 1328 801 et
1360 775 1446 802 non
1479 762 1572 801 filiis
1606 763 1738 803 carnis
1771 764 1841 803 de-

520 832 816 886 generantibus
849 832 1109 885 promittitur
1140 832 1357 872 hereditas.
1408 833 1461 871 Et
1493 832 1548 872 sic
1581 841 1641 872 est
1672 832 1844 872 indubie

520 903 663 957 quoad
708 901 862 942 Christi
905 901 1092 942 vicarios.
1138 903 1290 955 Itaque
1328 902 1467 955 inquit
1497 902 1763 954 Augustinus
1796 903 1836 940 in

249 962 437 1024 Thegggse
458 961 492 989 of
520 974 601 1013 hiis
644 978 704 1011 est
744 972 897 1011 domus
930 972 1014 1010 Dei
1068 984 1173 1024 quos
1212 971 1524 1024 predestinavit
1558 978 1597 1011 et
1633 971 1900 1024 prescivitm

510 1047 890 1094 perseveraturos,
931 1041 982 1080 de
1015 1041 1165 1093 quibus
1203 1041 1361 1081 dictum
1395 1047 1477 1081 est:
1529 1040 1608 1081 Ubi
1637 1048 1842 1081 steterunt

519 1112 642 1152 sedes
674 1113 780 1153 eius.
825 1111 881 1151 Et
923 1112 980 1150 lzii
1025 1111 1098 1163 qui
1144 1124 1226 1150 non
1265 1117 1567 1163 perseverant,
1613 1123 1695 1150 non
1740 1118 1840 1150 sunt

520 1182 600 1233 ipsi
631 1182 827 1233 ecclesia,
861 1194 945 1221 non
979 1182 1060 1234 ipsi
1084 1182 1306 1233 pertinent
1339 1179 1395 1219 ad
1426 1179 1536 1219 illud
1553 1180 1678 1219 modo
1705 1181 1844 1219 taber-

522 1252 724 1291 naculum
760 1259 799 1292 et
828 1259 929 1291 tunc
961 1252 1148 1298 domum,
1171 1250 1247 1290 sed
1268 1249 1406 1289 solum
1441 1250 1481 1288 in
1505 1249 1586 1289 hiis
1606 1251 1843 1302 quiperse-

521 1322 771 1361 veraverint
803 1334 938 1374 usque
972 1322 1013 1360 in
1033 1320 1187 1374 finem.
1862 1333 1899 1366 15

579 1390 701 1431 Unde
745 1390 851 1430 sicut
887 1390 1008 1429 Deus
1040 1391 1198 1430 iuravit
1236 1389 1390 1442 David,
1437 1389 1550 1442 quod
1594 1388 1646 1428 de
1675 1389 1888 1443 fructuE

522 1461 684 1501 ventris
715 1460 783 1500 sui
807 1457 981 1513 (scilicet
1004 1458 1233 1510 Christum,
1266 1459 1339 1511 qui
1373 1458 1451 1498 fuit
1483 1468 1605 1498 natus
1628 1458 1678 1497 de
1700 1467 1841 1498 ventre

522 1529 708 1583 virginis,
754 1536 793 1568 et
836 1542 910 1581 per
954 1541 1230 1582 consequens,
1282 1529 1332 1567 de
1376 1528 1448 1568 illo
1492 1528 1665 1568 homine
1709 1541 1840 1567 manu

522 1598 636 1654 forti)
676 1605 865 1651 poneret
908 1611 1036 1650 super
1079 1598 1221 1637 sedem
1267 1608 1412 1637 suam:
1457 1598 1513 1638 ita
1555 1597 1705 1637 iuravit
1747 1597 1841 1636 filiis

522 1669 620 1720 suis,
643 1670 719 1708 sub
743 1667 990 1707 condicione
1011 1676 1165 1718 tamen,
1188 1668 1224 1707 si
1246 1667 1522 1707 custodierint
1543 1673 1838 1707 testamentum
1857 1689 1899 1711 20

523 1745 562 1779 et
594 1739 836 1779 testimonia
882 1736 1048 1776 Christi.
1100 1737 1164 1776 Ne
1207 1736 1344 1789 inquit
1384 1736 1648 1789 Augustinus
1687 1737 1842 1790 aliquis

524 1810 765 1848 minaretur
795 1807 1027 1859 promissis
1059 1806 1142 1845 Dei
1186 1812 1226 1846 et
1262 1807 1304 1845 in
1330 1813 1541 1858 potestate
1586 1820 1666 1846 sua
1707 1815 1842 1859 ponat

524 1877 635 1930 quod
659 1877 863 1929 promisit
895 1876 1029 1926 Deus,
1064 1881 1108 1914 ut
1139 1876 1405 1927 impleretur,
1437 1876 1532 1915 ideo
1565 1877 1736 1928 iuravit,
1767 1891 1840 1917 an-

526 1956 693 1987 nectens
727 1945 1036 1996 condicionem,
1086 1958 1137 1984 ne
1170 1947 1257 1984 iam
1290 1946 1498 1999 glorieris
1531 1945 1582 1985 de
1608 1948 1840 1997 promissis

524 2025 563 2057 et
595 2017 785 2056 dimittas
816 2022 855 2055 te
890 2028 972 2054 non
997 2013 1256 2064 custssodirffi
1288 2022 1389 2054 tunc
1421 2016 1507 2054 eris
1525 2015 1653 2068 filius
1676 2016 1840 2066 David,
1861 2025 1938 2058 128‘1

523 2087 561 2126 si
592 2085 868 2125 custodieris:
899 2087 937 2124 si
969 2091 1110 2124 autem
1146 2097 1243 2136 non,
1289 2098 1371 2124 non
1413 2085 1498 2124 eris
1517 2084 1645 2137 filius
1682 2086 1839 2126 David.

525 2156 648 2195 Filiis
681 2154 824 2194 David
858 2155 1062 2206 promisit
1094 2156 1232 2206 Deus3
1276 2154 1362 2193 noli
1405 2153 1546 2193 dicere
1578 2154 1707 2207 filius
1745 2168 1839 2195 sum

526 2224 684 2275 David,
719 2226 757 2263 si
789 2224 1055 2278 degeneras;
1085 2226 1179 2265 sola
1214 2223 1343 2263 vidua
1375 2223 1536 2264 sedebit
1579 2225 1621 2263 in
1661 2225 1839 2264 ecclesia

279 2280 467 2342 Τρῑῖῇιζζῖἷοξξ
526 2294 762 2334 benedicta.
809 2295 913 2332 Tota
946 2296 1126 2334 ecclesia
1161 2307 1246 2333 una
1282 2293 1409 2334 vidua
1444 2300 1520 2342 est,
1554 2294 1678 2333 cuius
1710 2307 1839 2334 mem-

295 2350 456 2377 widowed.
527 2364 605 2404 bra
640 2370 741 2404 sunt
766 2377 989 2416 pauperes
1020 2364 1223 2413 saturati,
1256 2364 1354 2415 quia
1378 2363 1537 2402 deserti
1568 2369 1666 2403 sunt
1686 2364 1727 2403 in
1762 2364 1840 2403 lzoc
1855 2373 1897 2405 30

525 2435 689 2482 seculo,
725 2434 839 2485 quod
873 2446 958 2472 non
1001 2433 1264 2486 desponsant
1295 2433 1552 2472 hereditarie
1591 2432 1666 2472 sed
1708 2433 1838 2472 relin-

528 2509 675 2555 quunt,
711 2516 794 2542 non
829 2509 1004 2555 sperant
1037 2504 1078 2542 in
1111 2503 1276 2542 diviciis
1309 2503 1542 2542 honoribus
1576 2503 1643 2542 vel
1675 2503 1839 2553 amicis,

524 2572 599 2612 sed
630 2573 667 2611 si
697 2572 853 2611 habent
874 2579 1180 2625 contempnunt
1201 2572 1420 2624 sperando
1451 2585 1563 2623 pure
1583 2572 1624 2610 in
1651 2571 1834 2611 domino.

584 2693 614 2718 4.
635 2683 769 2711 Vicaria.
791 2685 822 2712 In
845 2685 952 2712 codd.:
974 2684 1098 2712 vicarie¹
1247 2692 1287 2711 ιο.
1310 2684 1383 2711 Ain
1407 2692 1508 2719 marg:
1539 2685 1649 2712 domus
1671 2684 1737 2711 Dei.
1760 2683 1781 2710 B
1807 2684 1836 2711 in

528 2738 629 2764 marg:
651 2731 775 2758 Presciti
797 2739 857 2758 non
879 2731 1032 2765 pertinent
1053 2731 1089 2758 ad
1111 2729 1273 2758 ecclesiam
1295 2730 1486 2758 catholicam.
1578 2737 1624 2765 29.
1641 2731 1669 2758 A
1690 2731 1719 2758 in
1735 2738 1838 2765 marg:

527 2775 606 2803 Tota
628 2777 756 2804 ecclesia
777 2781 821 2804 est
842 2777 945 2804 vidua.

585 2870 616 2902 9.
644 2860 730 2901 Aug.
759 2860 812 2891 loc
851 2859 904 2891 cit.
931 2870 1007 2902 pag.
1041 2860 1136 2900 1480.
1233 2870 1285 2892 21.
1313 2860 1401 2892 Psal.
1428 2860 1577 2900 CXXXI,
1610 2871 1749 2892 11-12,
