2051 3343
261 256 435 314 CAP.V1.]
764 267 825 300 DE
851 266 1088 301 ECCLEsm.
1773 275 1781 299 ¹
1796 260 1848 312 39

98 374 557 430 v-147diustificacione
588 380 627 413 et
662 372 1007 427 glorz'ficacione,
1048 381 1163 426 patet
1201 374 1318 428 quod
1362 383 1422 413 est
1468 375 1563 414 dare

249 444 626 498 correspondentes
648 443 699 482 ad
714 442 1123 496 predestinacionem
1138 443 1214 483 Dei
1230 452 1418 484 eternam
1433 457 1564 484 unam

246 513 651 569 predestinacionem
664 513 874 566 passivam
888 526 970 566 que
987 512 1143 566 incepit
1163 512 1270 553 sicut
1285 513 1442 567 incepit
1462 528 1562 566 esse,

246 584 362 638 quod
393 584 471 623 iste
506 592 567 623 est
599 582 919 635 predestinatus,
954 583 1007 622 Et
1037 582 1107 621 illa
1128 583 1432 635 predestinacio
1466 598 1565 625 cum

213 664 229 697 5
245 653 295 694 sit
317 653 568 707 precipuum
589 652 753 692 donum
775 651 851 691 Dei
873 651 1103 704 gratissime
1127 653 1287 705 datum,
1311 666 1410 693 cum
1432 667 1560 694 nemo
1589 661 1839 690 Predestination

1578 696 1603 723 is
1633 696 1732 724 God's
1762 697 1846 725 chief

245 732 384 778 potest
415 722 564 763 mereri
597 735 715 762 suam
761 721 1184 775 predestinacionem,
1230 736 1279 762 eo
1316 724 1432 777 quod
1476 737 1562 764 non
1589 731 1842 795 girfss'nafflrgr‘itm

244 801 382 847 potest
432 791 566 831 inesse
619 791 697 830 nisi
741 790 839 830 insit
882 790 1021 844 primo
1073 791 1245 832 instanti
1278 793 1562 846 predestinati,
1631 806 1747 839 ¹cannot
1767 801 1805 828 be

242 862 337 902 ideo
369 870 483 915 patet
515 875 562 901 ex
595 860 811 901 communi
843 874 1037 900 sermone
1070 861 1182 901 dicto
1216 862 1266 902 de
1291 862 1425 916 gracia
1447 864 1565 916 quod
1595 836 1842 909 uffixgzrsrzcagrffid

243 932 313 972 illa
351 931 654 985 predestinacio
687 939 748 971 est
778 930 914 985 gracia
945 931 1158 985 precipua,
1203 932 1275 972 sed
1318 932 1469 973 dicitur
1511 934 1564 973 ad
1601 910 1629 932 ιο
1651 905 1823 933 fulnlment.

192 1002 417 1057 maliquid,
453 1002 558 1042 sicut
598 1001 787 1052 sciencia,
831 1000 1031 1041 meritum
1077 1010 1116 1042 et
1159 1002 1294 1042 multa
1338 1002 1435 1042 talia
1481 1017 1563 1057 que

243 1080 449 1112 vocantur
481 1071 714 1126 qualitates.
748 1071 873 1111 Nulla
906 1071 1020 1111 enim
1051 1071 1228 1125 qualitas
1262 1080 1323 1112 est
1343 1086 1406 1113 res
1438 1074 1561 1113 abso-

242 1143 342 1195 luta,
375 1150 526 1195 potens
564 1154 637 1194 per
669 1155 711 1181 se
744 1141 929 1193 existere,
974 1150 1013 1182 et
1056 1141 1113 1181 sic
1158 1141 1401 1181 conceditur
1444 1142 1562 1196 quod

243 1225 330 1252 non
392 1220 532 1265 potest
585 1211 716 1264 perdi,
773 1225 871 1251 cum
927 1211 977 1251 sit
1033 1210 1360 1252 fundamentum
1403 1211 1560 1265 glorifi-

244 1281 401 1321 cacioni
434 1282 498 1321 vel
542 1280 803 1333 beatitudini,
835 1294 918 1334 que
951 1294 1026 1321 nec
1058 1281 1192 1320 eciam
1243 1290 1383 1335 potest
1429 1281 1560 1335 perdi.

190 1363 226 1395 15
243 1352 353 1391 Nam
385 1351 417 1391 si
450 1351 629 1391 alterum
660 1350 839 1391 istorum
877 1351 1077 1404 perditur,
1120 1351 1263 1405 ipsum
1307 1350 1399 1404 fuit,
1445 1361 1485 1392 et
1529 1351 1562 1391 si

241 1435 430 1475 unquam
464 1420 554 1473 fuit,
588 1435 685 1461 cum
724 1434 811 1460 non
863 1429 1002 1474 potest
1054 1434 1141 1461 esse
1193 1421 1427 1462 accidenter
1467 1435 1559 1475 pre-

241 1490 469 1532 destinacio
502 1491 566 1531 vel
591 1490 820 1538 beatitudo,
837 1490 978 1544 ipsum
993 1504 1157 1544 semper
1188 1490 1274 1543 erit,
1294 1499 1334 1531 et
1353 1505 1427 1544 per
1459 1505 1559 1531 con-

240 1574 432 1615 sequens,
466 1575 553 1601 non
585 1560 784 1614 perditur,
816 1561 911 1601 ideo
945 1561 977 1601 si
999 1561 1199 1614 perditur,
1233 1574 1319 1601 non
1352 1561 1559 1614 perditur;

241 1640 280 1671 et
311 1639 425 1685 patet
456 1632 507 1671 ad
539 1630 727 1684 primum
744 1630 908 1670 mirum.

186 1714 226 1748 X
299 1702 398 1750 Quo
420 1701 472 1740 ad
505 1701 740 1740 secundum
777 1700 939 1752 dicitur,
972 1714 1069 1740 cum
1101 1713 1228 1739 nemo
1261 1701 1423 1745 dubitat
1455 1703 1558 1756 quin
1592 1715 1660 1744 The
1680 1717 1833 1756 predesti-

240 1770 364 1811 multi
403 1770 671 1824 predestinati
703 1779 928 1823 peccarunt
959 1770 1203 1823 mortaliter,
1253 1781 1339 1812 tam
1386 1782 1559 1827 peccato
1598 1756 1826 1824 naxiioiiiiiiyfm

241 1840 432 1895 originali
455 1854 584 1894 quam
598 1840 762 1892 actuali,
778 1849 824 1880 ut
846 1848 960 1894 patet
982 1841 1032 1880 de
1046 1840 1194 1893 David,
1214 1842 1336 1882 Petro
1357 1852 1396 1883 et
1410 1843 1557 1896 Paulo,

241 1919 280 1951 et
293 1910 596 1964 predestinacio
611 1924 696 1950 non
712 1920 853 1964 potest
867 1911 984 1964 perdi
1005 1911 1120 1951 iuxta
1142 1912 1263 1965 dicta,
1287 1914 1560 1956 manifestum

241 1990 301 2022 est
315 1982 430 2035 quod
446 1980 583 2034 gracia
597 1980 970 2034 predestinacionis
986 1990 1066 2022 stat
1080 1992 1359 2036 cumpeccato
1375 1985 1558 2037 mortali,

184 2064 221 2097 25
238 2060 561 2104 verumptamen
593 2060 799 2105 repugnat
837 2061 1009 2105 peccato
1048 2052 1091 2091 in
1124 2053 1317 2106 spiritum
1352 2063 1559 2107 sanctum,

239 2121 346 2162 sicut
388 2121 524 2176 gracia
575 2122 739 2175 presciti
788 2122 1021 2162 secundum
1065 2132 1303 2176 presentem
1349 2124 1559 2166 iusticiam

240 2199 446 2246 repugnat
460 2191 772 2245 dampnacioni,
786 2192 881 2232 licet
903 2202 1175 2247 aggregatum
1200 2207 1247 2232 ex
1269 2193 1338 2233 illa
1360 2194 1497 2248 gracia
1521 2204 1561 2235 et

238 2261 488 2315 presciencia
510 2261 659 2301 inferat
694 2262 928 2303 necessario
958 2263 1313 2316 dampnacionem
1345 2261 1412 2319 (ut
1444 2274 1558 2318 patet

237 2331 443 2384 XXXllla,
488 2346 527 2385 q.
562 2341 722 2385 quarta,
778 2332 901 2373 Vasis
945 2334 1021 2385 ire,
1062 2342 1101 2373 et
1147 2333 1332 2386 capitulo
1366 2335 1556 2387 sequenti

184 2412 225 2445 30
239 2414 287 2441 ex
317 2400 561 2441 testimonio
585 2401 844 2456 Augustini).
871 2403 992 2443 Unde
1015 2403 1335 2443 concedendum
1358 2412 1419 2444 est
1440 2406 1556 2458 quod

238 2472 353 2511 Deus
396 2471 612 2512 infinitum
655 2473 750 2525 plus
803 2471 936 2526 diligit
987 2474 1161 2512 Petrum
1224 2474 1366 2526 quoad
1416 2488 1556 2516 mores

240 2541 371 2581 eciam
393 2542 497 2581 dum
529 2552 652 2595 negat
678 2555 789 2594 eum,
823 2556 952 2595 quam
974 2542 1106 2596 diligit
1138 2542 1328 2583 Scarioth
1361 2544 1464 2583 dum
1497 2554 1557 2586 est

289 2701 313 2730 5.
341 2701 381 2728 B:
412 2700 602 2737 principium
634 2701 764 2729 domini.
850 2710 878 2738 7.
901 2701 944 2729 A:
965 2702 1025 2730 nisi
1047 2702 1117 2731 nisi.
1217 2711 1262 2740 27.
1294 2703 1338 2731 A:
1365 2709 1551 2740 repungnat.

238 2746 284 2775 28.
305 2748 333 2775 A
362 2748 419 2783 Al:
451 2752 534 2784 patet
562 2747 660 2777 deest.

297 2898 350 2932 29.
377 2889 474 2922 Decr.
500 2889 539 2922 II.
566 2899 656 2932 pars,
683 2890 796 2924 Causa
823 2891 946 2933 XXIII,
973 2902 1006 2934 q.
1033 2892 1090 2934 IV,
1117 2902 1145 2926 c.
1171 2891 1292 2925 XXIII.
