2051 3273
228 237 313 276 414
955 230 1178 263 JOHANle
1204 230 1399 263 WYCLIF.
1604 216 1707 275 [CAP.
1728 227 1823 256 xvn.

517 345 577 375 est
620 349 704 375 una
734 348 912 388 persona
960 334 1191 374 successiva
1223 349 1245 374 a
1277 334 1481 387 principio
1515 334 1662 373 mundi
1695 348 1828 388 usque
1850 343 1981 386 186³Q,

516 405 567 444 ad
611 404 722 443 diem
758 403 913 455 iudicii,
947 412 986 443 et
1018 413 1114 456 post
1155 403 1322 443 habebit
1367 403 1435 443 illa
1478 417 1657 456 persona
1689 404 1831 444 omnia

516 473 603 513 eius
648 473 848 524 membra,
893 472 1017 512 simul
1061 481 1264 526 perpetuo
1317 473 1437 512 beata
1488 482 1527 512 et
1577 473 1687 513 illius
1737 487 1828 527 per-

261 553 467 585 Thechurch
516 556 617 583 sone
664 556 775 582 nunc
822 556 906 582 una
948 556 1041 595 pars
1086 552 1147 583 est
1192 543 1375 582 militans
1408 552 1446 582 et
1479 556 1590 583 nunc
1622 542 1713 595 alia,
1758 544 1830 582 sed

230 594 622 656 εῗεῗεῖῐῃέῖυεοὲἒέ-εἱευῖ
665 612 781 652 nulla
813 626 906 665 pars
940 621 1000 652 est
1030 611 1202 666 reliqua,
1243 612 1298 651 sic
1331 621 1418 652 tota
1440 612 1509 652 illa
1542 612 1712 652 ecclesia
1744 622 1862 655 non5

273 670 336 691 ⁵¹oe
357 666 452 697 parts,
516 691 575 721 est
620 695 713 735 pars
760 682 846 722 eius
889 682 1028 735 aliqua
1071 682 1142 721 sed
1185 695 1269 721 una
1300 682 1439 721 totalis
1472 691 1511 721 et
1550 681 1729 734 gloriosa
1766 682 1828 720 in-

515 751 876 792 communicabilis
920 765 1108 805 persona.
1157 752 1255 791 Non
1299 751 1412 790 enim
1459 751 1568 804 capit
1612 750 1831 804 ingenium

514 822 751 862 humanum
795 822 910 874 quod
951 821 1027 861 iste
1066 834 1196 874 pauce
1234 834 1410 874 persone
1456 820 1681 861 militantes
1728 834 1830 874 quas

515 891 703 931 falsarius
725 900 846 931 vocat
876 891 1153 931 universalem
1186 891 1401 931 ecclesiam
1433 891 1515 930 sint
1546 890 1623 930 alie
1654 904 1830 943 persone

515 961 775 1001 coniunctim
806 961 871 1001 vel
903 961 1081 1013 divisim,
1113 975 1260 1015 ymmo
1291 961 1342 1000 ad
1370 960 1574 1000 alietatem
1607 960 1828 1000 cuiuscun-
1849 979 1887 1000 10

515 1045 596 1085 que
641 1031 840 1084 simplicis
887 1044 1064 1084 persone
1114 1030 1300 1084 sequitur
1350 1030 1491 1070 alietas
1546 1030 1827 1070 multitudinis

517 1114 597 1154 que
630 1100 764 1153 ipsam
787 1114 1007 1153 personam
1039 1100 1214 1140 caruerit
1236 1115 1258 1139 a
1280 1100 1550 1140 multitudine
1580 1113 1661 1153 que
1693 1100 1829 1153 ipsam

515 1183 739 1222 personam
769 1179 987 1224 tamquam
1019 1178 1181 1223 partem
1203 1169 1406 1209 habuerit.
1441 1170 1538 1209 Ideo
1568 1169 1636 1209 illa
1659 1170 1830 1210 ecclesia

517 1239 718 1279 catholica
751 1253 832 1292 que
862 1240 983 1278 durat
1016 1253 1037 1278 a
1073 1239 1277 1292 principio
1301 1238 1501 1293 usquein
1524 1238 1652 1279 finem
1681 1240 1829 1280 mundi

517 1322 601 1348 non
635 1318 695 1348 est
727 1323 904 1362 persone
935 1309 1001 1348 vel
1032 1309 1260 1348 multitudo
1290 1308 1477 1348 fidelium
1508 1323 1589 1363 que
1622 1323 1733 1349 nunc
1769 1319 1829 1350 est
1850 1317 1886 1349 15

245 1391 329 1418 since
350 1391 371 1418 it
391 1391 472 1418 loses
517 1379 750 1418 secundum
783 1392 823 1417 se
856 1387 1003 1429 totam,
1037 1379 1109 1418 sed
1147 1378 1216 1417 illa
1238 1379 1468 1419 multitudo
1502 1388 1561 1418 est
1594 1392 1687 1432 pars
1718 1379 1829 1419 illius

227 1427 684 1501 ”SS‘fi'ngsssslsissESecclesie
732 1448 1081 1502 catholicessque
1133 1457 1193 1488 est
1244 1449 1285 1488 in
1332 1463 1486 1502 magno
1545 1458 1734 1502 tempore
1791 1454 1925 1489 et18f)b

227 1498 374 1566 gatligieli
394 1496 447 1558 liliis
462 1531 499 1558 au
517 1531 681 1571 semper
713 1526 809 1570 post
841 1518 952 1558 diem
985 1517 1141 1569 iudicii,
1191 1519 1261 1557 sed
1294 1518 1335 1557 in
1369 1518 1486 1557 nullo
1518 1518 1688 1558 instanti
1721 1528 1826 1559 tem-

284 1566 333 1593 the
354 1567 443 1594 elect.
516 1587 628 1640 poris
662 1597 721 1628 est
753 1602 825 1640 per
853 1597 991 1628 totum
1024 1597 1118 1627 ante
1158 1588 1437 1633 novissimum
1468 1588 1648 1628 electum
1680 1602 1755 1628 nec
1787 1589 1828 1629 in

516 1656 655 1711 aliqua
699 1666 814 1710 parte
860 1657 950 1696 talis
998 1657 1213 1710 temporis,
1255 1667 1295 1698 et
1339 1658 1429 1698 talis
1476 1658 1646 1698 ecclesia
1686 1659 1827 1712 augeri
1846 1676 1886 1696 20

516 1735 654 1779 potest
696 1727 766 1766 sed
811 1740 898 1766 non
944 1727 1093 1779 minui,
1140 1741 1224 1767 non
1270 1728 1385 1781 quod
1418 1729 1563 1767 eadem
1596 1729 1827 1768 multitudo

516 1797 894 1848 predestinatorum
941 1797 982 1836 in
1017 1811 1193 1837 numero
1232 1797 1285 1837 sit
1315 1811 1428 1837 nunc
1461 1799 1600 1851 plures
1633 1797 1828 1837 homines

518 1875 557 1905 et
602 1880 714 1907 nunc
761 1867 994 1920 paucioreS,
1054 1868 1126 1907 sed
1178 1868 1293 1921 quod
1345 1867 1457 1906 idem
1501 1880 1730 1907 commune
1777 1868 1828 1906 ad

518 1945 704 1976 sanctam
741 1938 915 1976 totalem
947 1936 1164 1976 ecclesiam
1195 1936 1447 1977 militantem
1476 1937 1527 1978 sit
1549 1951 1660 1977 nunc
1693 1937 1828 1977 maius

518 2015 556 2044 et
594 2020 705 2045 nunc
744 2006 898 2058 minus,
937 2006 1042 2046 sicut
1080 2006 1267 2060 loquitur
1302 2007 1502 2060 scriptura
1537 2009 1628 2045 Act.
1668 2007 1743 2047 VI0
1778 2006 1827 2045 de
1844 2012 1883 2044 25

516 2085 722 2116 crescente
738 2090 913 2116 numero
929 2077 1247 2129 discipulorum.
1267 2076 1382 2116 Sicut
1405 2090 1502 2129 ergo
1526 2076 1637 2115 idem
1660 2085 1827 2128 tempus

517 2145 558 2183 in
610 2159 788 2185 numero
830 2159 915 2185 non
960 2146 1188 2186 maioratur
1229 2147 1293 2185 vel
1339 2146 1585 2196 minoratur,
1638 2145 1694 2184 sic
1752 2159 1827 2184 nec

517 2216 663 2255 eadem
711 2216 880 2255 ecclesia
925 2216 967 2254 in
1010 2229 1188 2255 numero
1223 2215 1300 2254 nisi
1334 2216 1577 2268 accipiendo
1611 2215 1826 2254 ecclesiam

516 2286 797 2325 communiter
848 2299 923 2338 pro
976 2286 1109 2338 capite
1161 2294 1199 2324 et
1250 2298 1501 2338 quacunque
1559 2284 1827 2324 multitudine

515 2355 630 2395 totali
654 2355 939 2394 membrorum
965 2368 1152 2394 suorum.
1170 2354 1235 2394 Sic
1257 2355 1370 2394 enim
1392 2355 1620 2395 maioratur
1642 2355 1824 2407 ecclesia,
1842 2358 1884 2390 30

516 2434 561 2464 ut
592 2424 723 2464 homo
756 2433 889 2464 stante
920 2424 1078 2464 unitate
1111 2425 1254 2477 capitis
1286 2433 1333 2465 ut
1364 2425 1513 2466 anime.
1548 2425 1628 2465 Sed
1656 2425 1733 2464 ista
1754 2439 1823 2464 ve-

514 2494 610 2533 ritas
643 2494 861 2534 necessitat
892 2495 943 2534 ad
975 2496 1221 2547 ponendum
1248 2496 1362 2548 quod
1391 2495 1532 2534 omnia
1555 2509 1635 2548 que
1658 2494 1826 2534 fuerunt

514 2563 578 2602 vel
622 2573 741 2603 erunt
788 2572 886 2603 sunt
929 2577 1005 2617 pro
1062 2577 1138 2604 suo
1189 2573 1375 2618 ternpore
1421 2565 1637 2604 causancia
1689 2578 1824 2604 unum

514 2632 737 2686 integrum,
783 2634 900 2674 cuius
946 2646 1040 2686 pars
1085 2643 1145 2673 est
1187 2647 1263 2686 pro
1305 2642 1421 2687 parte
1453 2634 1652 2688 temporis
1685 2634 1822 2674 totalis

568 2803 607 2831 18.
630 2804 667 2831 B:
690 2805 742 2832 sed
765 2804 795 2832 in
817 2804 868 2831 illo
890 2804 1025 2832 instanti.
1116 2812 1158 2840 ¹9·
1174 2812 1220 2833 20.
1240 2804 1279 2832 B:
1301 2813 1374 2832 vero
1395 2806 1425 2832 in
1447 2805 1558 2840 aliqua.
1655 2805 1696 2833 23.
1718 2806 1745 2832 A
1765 2806 1821 2840 Alz

515 2851 685 2879 secundum
707 2851 789 2887 quod
812 2851 904 2878 idem.
