2051 3343
237 238 325 268 CAP.
343 229 410 287 VL]
740 242 797 273 DE
824 241 1058 273 ECCLEsm.
1738 224 1807 263 131

71 357 108 391 N
133 349 297 401 1460qui
329 352 530 387 exercent
560 359 692 398 opera
726 358 887 386 eorum.
922 346 975 384 Et
997 344 1074 384 ista
1096 342 1250 397 tyriaca
1283 343 1534 382 obtunderet

223 416 453 459 cauterium
511 415 805 468 rubiginosum
868 414 1022 454 diaboli
1080 414 1196 467 quod
1260 426 1348 453 non
1398 412 1533 466 gracia

224 486 457 526 sanacionis
490 485 562 526 sed
593 484 729 539 gracia
762 483 1030 538 spoliacionis
1068 482 1298 537 apponitur
1334 482 1533 522 membris

224 554 391 596 Christi.
447 554 705 595 Conceditur
756 568 853 607 ergo
919 553 1035 608 quod
1079 561 1165 593 tam
1209 552 1348 592 honor
1405 565 1535 605 quam

189 635 206 668 5
224 625 482 678 stipendium
515 633 612 665 sunt
643 624 928 678 impendenda
952 623 1107 663 Christi
1140 622 1438 674 sacerdotibus,
1463 622 1534 661 sed

131 701 209 745 146d
224 704 390 748 oportet
422 708 492 734 eos
518 709 565 734 ex
597 694 794 748 operibus
828 694 923 733 dare
944 692 970 720 “³“
991 692 1254 746 probabilem
1277 691 1534 732 evidenciam

223 765 340 818 quod
373 774 469 805 sunt
499 764 615 813 tales,
649 778 744 804 cum
770 777 896 803 nemo
922 772 1067 803 contra
1090 762 1398 803 conscienciam
1420 762 1536 801 daret

223 834 335 874 bona
386 842 525 874 sancte
576 833 718 873 matris
772 833 941 873 ecclesie
973 833 1173 872 membris
1212 831 1387 884 diaboli3
1436 845 1536 870 nam

223 904 456 943 secundum
498 904 610 956 leges
650 903 855 943 humanas
887 902 960 956 qui
994 903 1062 942 dat
1105 899 1535 955 pseudoprocuratori
1574 901 1634 930 We
1655 903 1750 938 ought
1769 906 1800 929 ¹0

1550 945 1582 965 se
1620 937 1746 964 thatwe
1789 944 1805 963 a

170 991 209 1012 10
224 973 412 1013 debitum
445 973 670 1025 creditoris,
709 982 874 1013 tenetur
917 973 959 1011 in
995 986 1150 1026 penam
1182 970 1451 1025 negligencie,
1498 978 1537 1009 et
1577 946 1747 1008 cl³11t³⁵0111y
1766 945 1826 998 &oy

223 1042 256 1082 si
288 1043 512 1096 perdiderit
545 1044 691 1083 datum
728 1042 919 1083 creditori
952 1042 1132 1082 tribuere
1165 1042 1278 1096 quod
1305 1050 1364 1081 est
1396 1054 1534 1080 suum.
1549 1007 1823 1077 trffienwplgletlssm

224 1112 362 1152 Multo
394 1113 490 1166 plus
523 1113 701 1152 creditor
721 1113 865 1152 matris
887 1127 973 1165 sue,
997 1121 1036 1152 et
1059 1111 1289 1165 specialiter
1311 1111 1343 1150 si
1366 1110 1538 1164 negligit

225 1182 456 1222 discernere
488 1192 634 1223 utrum
667 1191 833 1222 exactor
865 1182 916 1222 sit
949 1181 1083 1222 fidelis
1116 1189 1365 1235 procurator
1398 1188 1538 1220 sancte

224 1252 368 1292 matris
420 1252 603 1304 ecclesie,
660 1253 777 1306 quod
809 1252 1009 1292 iudicabit
1053 1252 1287 1291 secundum
1331 1263 1458 1303 opera
1501 1258 1541 1289 et

172 1325 209 1358 15
224 1322 385 1375 regulas
417 1322 630 1376 scripture.
667 1323 777 1362 Nam
808 1322 971 1376 liquido
1005 1330 1168 1362 constat
1200 1320 1391 1360 fidelibus
1425 1321 1541 1374 quod

226 1391 398 1444 decime,
432 1392 672 1431 oblaciones
705 1400 744 1432 et
775 1392 853 1432 alie
884 1392 1042 1445 private
1076 1391 1304 1431 elemosine
1338 1390 1541 1430 debentur

227 1470 368 1501 sancte
398 1462 519 1502 matri
544 1462 727 1502 ecclesie.
763 1463 859 1510 Qua
897 1461 1032 1502 fronte
1067 1476 1165 1515 ergo
1201 1459 1541 1502 excomunicaret

227 1530 515 1572 infructuosus
560 1531 757 1585 operibus
789 1532 1038 1584 evangelicis
1071 1531 1281 1571 subiectos
1315 1529 1539 1583 simplices,

228 1600 306 1639 nisi
339 1601 439 1640 dent
470 1601 546 1640 sibi
586 1602 698 1641 bona
737 1611 877 1641 sancte
925 1601 1069 1641 matris
1117 1600 1299 1652 ecclesie,
1349 1614 1447 1640 cum
1490 1599 1541 1638 sit

171 1682 212 1705 20
230 1670 397 1710 evidens
429 1671 570 1723 ipsum
602 1684 689 1710 non
723 1685 808 1711 esse
841 1671 890 1710 de
923 1671 1005 1721 illa,
1038 1671 1111 1710 sed
1142 1670 1185 1709 in
1216 1670 1298 1722 illa,
1321 1678 1541 1723 tamquam

229 1738 316 1778 eius
362 1740 527 1779 hostem
573 1740 821 1793 precipuum
870 1749 910 1780 et
940 1740 1121 1794 ypocrisi
1148 1748 1273 1793 atque
1311 1738 1540 1778 mendaciis

230 1808 318 1848 eius
351 1808 690 1848 infidelissimum
723 1809 998 1862 proditorem.
1031 1810 1093 1848 De
1124 1809 1204 1848 isto
1237 1808 1421 1848 inferius.

180 1880 212 1915 Ο
286 1878 412 1918 Sexto
464 1878 651 1932 arguitur
696 1887 839 1918 contra
889 1879 998 1919 dicta
1041 1879 1083 1917 in
1127 1878 1294 1918 racione
1338 1878 1538 1929 secunda3
1601 1885 1783 1925 objection:

1554 1921 1583 1949 If
1601 1920 1704 1948 Christ
1723 1929 1786 1948 was
1815 1930 1831 1948 a

226 1947 390 1987 videtur
407 1947 534 2000 enim,
559 1948 592 1988 si
615 1948 807 1988 Christus
830 1948 1100 2001 desponsavit
1122 1956 1301 1987 matrem
1325 1947 1542 1987 ecclesiam
1556 1955 1828 2018 Chiffihosssshssvas

172 2019 211 2051 25
228 2017 345 2056 cuius
379 2017 456 2057 fuit
486 2017 610 2070 filius,
645 2019 760 2071 quod
798 2017 908 2057 filius
953 2018 1059 2057 foret
1092 2019 1231 2058 senior
1274 2026 1406 2058 matre
1454 2031 1541 2069 sua,
1568 2025 1747 2087 01ᾱὲὲέἷῖἷῖ
1766 2025 1812 2052 his

227 2086 333 2126 sicut
365 2096 425 2127 est
446 2086 745 2139 honorabilior,
761 2087 910 2127 melior
924 2096 964 2127 et
987 2087 1205 2126 formalior
1227 2100 1355 2141 quam
1379 2095 1439 2126 est
1460 2087 1541 2139 illa,

227 2165 267 2195 et
299 2156 355 2195 sic
377 2156 711 2210 ydemptificaret
733 2156 809 2195 sibi
843 2170 971 2197 omne
1004 2157 1245 2196 membrum
1268 2156 1438 2196 ecclesie
1478 2155 1543 2211 (ut

227 2239 324 2279 sepe
355 2226 545 2266 innuitur
575 2226 618 2266 in
650 2227 801 2267 sanctis
835 2227 1078 2267 doctoribus
1111 2235 1151 2266 et
1183 2224 1416 2279 scriptura).

286 2295 364 2335 Hic
386 2295 535 2335 dicitur
566 2297 682 2349 quod
706 2296 896 2336 Christus
929 2295 1199 2349 desponsavit
1220 2305 1397 2336 matrem
1421 2310 1543 2335 suam
1589 2347 1595 2352 ἡ
1617 2312 1768 2341 Answer:

171 2365 214 2396 30
228 2378 309 2418 que
341 2374 401 2405 est
433 2365 572 2406 totalis
606 2366 777 2405 ecclesia
810 2379 897 2405 non
931 2367 1169 2406 secundum
1201 2379 1244 2405 se
1276 2374 1424 2416 totam,
1470 2365 1541 2405 sed
1555 2346 1612 2410 ξιξ
1633 2349 1831 2420 Ῐξξῐξὲἓᾏέᾪῖῗ

230 2434 462 2474 secundum
514 2448 775 2488 synagogam
828 2449 873 2474 ex
928 2448 1010 2488 qua
1063 2434 1255 2474 Christus
1307 2435 1543 2474 secundum

229 2517 396 2543 carnem
428 2504 595 2557 prodiit,
630 2513 669 2543 et
702 2504 758 2543 sic
790 2506 963 2558 reliquit
987 2511 1163 2557 patrem
1198 2511 1235 2544 et
1269 2513 1450 2545 matrem
1479 2504 1543 2558 (ut

229 2572 359 2612 sancti
382 2573 571 2612 doctores
589 2581 807 2626 exponunt
830 2573 991 2613 dictum
1013 2587 1139 2613 suum
1155 2573 1328 2613 Matthei
1343 2574 1474 2627 XIX0,
1500 2571 1540 2627 5)

281 2727 320 2747 12.
343 2719 500 2755 Creditor;
521 2720 652 2748 fortasse
662 2719 782 2748 debitor
802 2721 977 2756 legendum.
1034 2720 1072 2748 13.
1095 2720 1134 2748 B:
1157 2725 1202 2749 est
1216 2721 1323 2749 fidelis.
1397 2722 1439 2750 23.
1461 2723 1490 2750 A
1511 2723 1542 2750 in

229 2773 342 2801 marg:
365 2765 457 2795 Sexta
477 2766 626 2794 obieccio.
736 2767 779 2795 25.
800 2766 837 2795 B:
862 2776 918 2795 sua
939 2770 1033 2796 deest.
1131 2768 1178 2795 26.
1198 2768 1254 2803 Al:
1276 2768 1447 2797 formosior
1467 2777 1540 2806 pro:

227 2811 398 2840 formalior.
505 2821 551 2849 29.
572 2815 601 2842 A
622 2813 652 2841 in
673 2822 787 2850 marg:
809 2813 893 2842 Nota
914 2815 1002 2844 bene.
1024 2816 1215 2853 Responsio:
1239 2815 1382 2844 Christus
1403 2816 1540 2852 despon-

230 2858 308 2886 savit
327 2858 385 2886 sibi
406 2864 533 2888 matrem
549 2868 636 2888 suam
659 2860 820 2888 ecclesiam
843 2869 904 2889 non
927 2863 1099 2890 secundum
1121 2872 1155 2890 se
1174 2868 1282 2892 totam.

1412 2900 1456 2936 (με
