2051 3273
244 219 332 247 cm.
354 206 451 264 xm]
734 221 793 251 DE
820 219 1053 252 ECCLESIA.

93 338 127 370 P
153 333 282 380 1700et
313 327 386 378 qui
417 326 628 377 recipiunt
660 324 713 362 ab
746 336 794 363 eo
828 324 942 375 laici,
965 325 1056 363 sive
1074 330 1204 375 pacto
1227 327 1316 362 sive
1339 323 1555 375 beneficio,

244 396 379 434 eterni
425 394 614 433 incendii
661 393 832 446 ignibus
865 393 1137 444 deputentur.
1172 393 1224 432 Et
1256 393 1392 432 multo
1424 393 1556 445 magis

244 463 525 503 communitas
569 476 649 516 que
696 463 818 502 debet
851 476 937 501 esse
971 461 1204 515 religiosior
1237 471 1276 501 et
1308 472 1368 502 est
1400 462 1441 500 in
1476 462 1555 501 isto

243 541 413 586 peccato
446 532 697 586 pertinacior
730 541 768 571 et
811 531 1077 571 antichristus
1117 531 1382 585 profundior,
1416 532 1554 571 cuius-

211 603 359 647 5modi
383 603 518 642 forent
540 601 735 655 religiosi,
766 602 951 641 viventes
985 601 1234 651 seculariter,
1264 601 1557 641 distribuentes

244 673 355 711 bona
387 685 623 724 pauperum
649 670 892 724 cognacioni
919 684 1005 721 sue,
1030 680 1075 709 ut
1098 669 1168 710 fiat
1190 671 1353 710 mundo
1376 670 1556 722 inclitus,

242 741 489 781 militaribus
513 751 636 794 atque
666 739 863 791 iuridicis,
898 748 943 779 ut
975 739 1201 779 defendant
1230 754 1328 779 suos
1356 741 1556 791 redditus,

243 821 283 851 et
315 811 449 866 (quod
495 810 601 850 foret
645 810 895 863 pessimum)
938 810 969 849 si
1012 811 1155 849 darent
1200 810 1448 862 cognacioni
1483 824 1556 849 sue

244 881 474 920 carnalibus
514 890 551 919 et
588 880 754 919 famulis
802 880 1052 919 inhabilibus
1096 879 1458 932 presentacionem
1503 881 1554 919 ad

191 973 229 994 10
245 949 443 990 beneficia
465 949 738 989 ecclesiastica
759 949 910 989 virtute
933 949 1032 989 iuris
1054 958 1313 1002 patronatus,
1339 950 1391 989 Et
1413 950 1557 989 omnia

246 1021 323 1060 ista
355 1020 491 1059 innuit
524 1020 667 1059 beatus
701 1019 939 1071 Gregorius.

198 1104 232 1144 Q
304 1089 477 1129 Tercius
520 1090 671 1142 gradus
704 1089 900 1128 clericalis
932 1089 1086 1129 heresis
1119 1098 1192 1141 est,
1226 1103 1323 1128 cum
1365 1090 1557 1129 sacerdos

244 1168 421 1212 occupat
444 1168 598 1199 statum
622 1168 660 1198 et
683 1160 793 1198 bona
816 1160 985 1199 ecclesie
1005 1159 1093 1200 sine
1115 1159 1195 1199 hoc
1219 1160 1334 1213 quod
1357 1160 1557 1212 rependat

245 1229 433 1269 debiturn
477 1228 757 1268 ministeriun]
789 1229 841 1268 ad
874 1230 990 1282 quod
1022 1238 1212 1282 pretextu
1258 1229 1486 1269 elemosine
1518 1239 1557 1270 et

193 1298 547 1352 15acceptacionis
581 1298 812 1351 solempnis
846 1298 972 1338 officii
1006 1299 1236 1352 obligatur,
1292 1299 1384 1338 talis
1415 1308 1557 1339 autem

154 1368 414 1426 ¹7021utsssic
459 1368 850 1408 excommunicatur
895 1383 918 1407 a
963 1368 1154 1420 domino,
1206 1368 1302 1422 quia
1349 1369 1381 1407 si
1426 1368 1556 1409 laicus

245 1438 633 1478 excommunicatur
676 1439 726 1477 ab
764 1438 952 1490 homine,
986 1452 1036 1478 eo
1069 1439 1186 1491 quod
1217 1438 1369 1478 iniuste
1401 1438 1559 1479 detinet

245 1508 426 1548 decimas
458 1508 523 1548 vel
556 1508 806 1549 elemosinas
840 1508 997 1548 debitas
1032 1508 1249 1560 sacerdoti,
1289 1509 1425 1548 multo
1464 1509 1559 1561 plus

246 1579 436 1617 sacerdos
476 1579 864 1618 excommunicatur
896 1593 918 1618 a
951 1579 1128 1618 domino
1162 1578 1233 1632 qui
1267 1577 1419 1618 iniuste
1463 1588 1560 1631 post

191 1673 231 1694 20
246 1648 448 1688 maiorem
492 1648 801 1701 obligacionem
838 1649 995 1688 detinet
1034 1648 1265 1702 spirituales
1311 1647 1560 1688 elemosinas

246 1718 525 1758 subditorum.
568 1718 800 1771 Obligacio,
845 1718 1032 1771 inquam,
1067 1728 1126 1758 est
1158 1719 1304 1770 maior,
1344 1731 1441 1757 cum
1473 1731 1560 1757 non

244 1787 339 1827 licet
371 1787 448 1826 sibi
482 1787 732 1827 elemosinas
765 1787 999 1840 spirituales
1033 1788 1274 1827 subtrahere
1307 1787 1439 1827 eciam
1462 1788 1558 1826 sub-

246 1857 334 1897 dito
387 1857 658 1897 subtrahente
700 1857 949 1897 elemosinas
998 1858 1249 1910 corporales,
1313 1857 1560 1897 Sacerdotes

247 1926 360 1966 enim
413 1926 567 1967 Christi
620 1927 773 1967 debent
825 1927 1067 1967 benefacere
1120 1927 1469 1981 persequentibus
1522 1936 1561 1967 et

192 2011 230 2042 25
250 1996 417 2049 diligere
454 1996 663 2048 inimicos,
697 2006 736 2037 et
767 1997 919 2036 iterum
952 1997 1184 2037 subtraccio
1223 1996 1447 2050 spiritualis
1480 1996 1560 2036 ele-

248 2066 411 2106 mosine
463 2074 525 2106 est
573 2066 861 2119 periculosior,
925 2081 1023 2107 cum
1074 2067 1258 2107 minatur
1314 2075 1563 2119 perpetuam

248 2136 534 2189 perdicionem
579 2136 765 2188 corporis
819 2146 858 2176 et
904 2137 1056 2189 anime,
1112 2138 1185 2176 sed
1234 2145 1431 2176 neutrum
1475 2146 1562 2176 tam

250 2205 461 2245 evidenter
483 2205 716 2245 subtraccio
741 2206 969 2246 elemosine
989 2206 1230 2259 corporalis.
1249 2207 1371 2246 Unde
1387 2207 1563 2246 Jeremie

249 2275 457 2327 XLVIIIO,
488 2289 535 2315 1o
559 2275 727 2316 dicitur:
753 2275 1013 2317 Maledictus
1037 2278 1110 2330 qui
1129 2276 1250 2330 facit
1271 2289 1379 2328 opus
1401 2276 1563 2316 domini

191 2345 582 2399 ‘jofraudulentem
627 2354 666 2385 et
709 2347 845 2386 multo
895 2347 1027 2399 magis
1078 2355 1139 2386 est
1194 2346 1439 2385 maledictus
1491 2346 1562 2398 qui

251 2414 397 2467 recipit
429 2429 536 2455 onus
577 2416 752 2455 ducatus
785 2417 918 2468 gregis
951 2417 1166 2468 dominici,
1207 2430 1335 2470 quem
1366 2416 1431 2455 vel
1464 2430 1560 2469 pro-

250 2483 396 2524 ditorie
430 2485 543 2525 ducit
575 2486 617 2524 in
649 2485 936 2538 precipicium,
969 2486 1034 2524 vel
1067 2485 1351 2525 fraudulenter
1383 2486 1560 2525 omnino

250 2554 455 2594 subtrahit
498 2554 791 2606 ministerium,
825 2556 874 2594 de
921 2569 1006 2608 quo
1040 2556 1201 2595 dictum
1233 2564 1293 2594 est
1323 2555 1429 2594 libro
1470 2556 1561 2606 V10,

305 2756 323 2774 ι.
346 2748 378 2774 111
400 2747 513 2774 decret.
535 2749 633 2782 leges:
654 2750 716 2775 sive
738 2749 841 2784 precio
864 2750 926 2777 sive
949 2749 1108 2776 benc-licio.
1250 2758 1278 2784 4.
1303 2750 1330 2776 A
1345 2749 1400 2784 Al:
1424 2748 1559 2784 pertina-

251 2793 489 2820 cior—vivente
509 2794 605 2821 deest.
704 2793 727 2822 5.
750 2795 776 2822 A
792 2795 847 2830 Al:
863 2795 1087 2830 particulariter
1103 2794 1333 2822 distribuentes.
1440 2802 1476 2821 12.
1494 2795 1523 2822 A
1538 2794 1558 2821 h*

251 2840 280 2866 in
301 2847 415 2874 marga
437 2839 570 2868 Tercius
590 2841 715 2876 gradus.

1590 1091 1616 1120 3.
1637 1093 1752 1120 Priests
1773 1101 1821 1120 re-

1633 1128 1718 1155 ceive
1736 1128 1786 1155 the

1572 1163 1849 1190 endowmentsbut

1596 1200 1636 1224 do
1657 1202 1711 1224 not
1730 1205 1825 1233 repay

1623 1233 1707 1259 them
1728 1233 1801 1259 with

1647 1267 1776 1295 service.
