2051 3273
215 230 291 268 532
930 234 1153 267 JOHANNIS
1179 234 1373 266 WYCLIF.
1591 219 1694 276 [CAP.
1717 229 1811 256 xxn.

501 342 681 380 corditer
715 350 810 379 sunt
845 341 996 392 puniti.
1034 340 1197 378 Bonum
1224 352 1323 390 ergo
1347 338 1460 390 quod
1486 337 1692 390 dyabolus
1716 336 1812 375 facit
1832 344 1963 378 201'³K

501 411 796 464 predestinatis
827 424 898 462 per
936 409 1125 448 accidens
1161 408 1205 447 fit
1230 409 1269 446 in
1295 409 1450 446 virtute
1474 407 1610 446 meriti
1635 406 1814 456 Christi3

501 481 615 534 quod
662 480 829 518 videtur
874 481 924 517 de
966 488 1083 518 tanto
1130 478 1207 516 illis
1243 476 1461 529 proficere.
1511 476 1563 515 Et
1597 489 1670 529 per
1705 475 1815 513 idem

503 551 668 589 videtur
720 550 835 602 quod
882 549 1016 588 viator
1074 548 1122 586 de
1169 556 1330 600 quanto
1382 547 1608 585 victoriose
1663 545 1817 585 resistit

504 621 702 674 dyabolo,
740 618 1025 658 confortando
1061 617 1208 656 fratres
1245 617 1430 664 ecclesie,
1467 617 1632 668 mitigat
1656 616 1705 654 de
1730 615 1850 656 eius5

504 691 628 740 malo,
666 699 705 729 et
739 703 811 742 per
845 701 1108 741 consequens
1151 686 1247 726 facit
1288 695 1332 725 ut
1374 686 1612 725 tolleracior
1645 685 1697 724 sit
1731 685 1818 724 eius

504 761 759 814 darnpnacio
807 769 846 799 et
890 760 939 797 cle
987 768 1104 798 tanto
1152 757 1427 797 effectualiter
1467 765 1559 795 orat
1604 769 1680 808 pro
1726 755 1819 806 illo3

505 832 693 870 membra
736 830 846 868 enim
886 843 960 868 sua
1003 829 1184 867 maxime
1237 836 1389 866 nocent
1437 827 1530 875 sibi,
1566 827 1664 879 quia
1713 827 1821 865 sicut

505 901 745 940 timentibus
778 900 917 939 Deum
958 899 1099 938 onznia
1138 904 1425 950 cooperantur
1458 898 1498 936 in
1548 897 1718 945 honum,
1764 897 1821 935 sic

504 972 695 1024 prescitis
741 972 882 1009 omnia
925 970 1078 1008 cedunt
1116 970 1153 1007 in
1195 968 1368 1015 malum,
1410 976 1448 1005 et
1489 967 1706 1019 potissime
1741 969 1880 1018 que10

227 1050 346 1084 lreply
365 1048 428 1075 that
449 1048 477 1074 in
507 1042 704 1080 videntur
746 1040 802 1078 eis
845 1040 976 1091 magis
1012 1040 1144 1078 utilia.
1197 1039 1275 1076 Hic
1311 1038 1404 1075 dico
1440 1038 1556 1090 quod
1591 1037 1729 1075 minor
1764 1046 1824 1074 est

293 1093 299 1100 '
339 1092 370 1109 {S

216 1085 624 1160 1¹1tehintceiueioiiiltisfalsa,
673 1123 768 1148 nam
804 1110 844 1147 in
882 1123 979 1148 casu
1016 1108 1156 1161 posito
1201 1108 1330 1146 homo
1372 1106 1553 1145 intendit
1594 1119 1714 1144 orare
1749 1119 1824 1159 pro

228 1154 482 1221 'fpgitsliszaiffiglgi
510 1181 609 1219 dato
645 1189 829 1231 mortuo,
865 1180 935 1218 sed
972 1192 1054 1217 non
1090 1188 1182 1217 orat
1216 1191 1292 1230 pro
1328 1190 1377 1215 eo
1412 1190 1459 1215 ex
1494 1176 1581 1215 eius
1618 1175 1824 1228 incapaci-

510 1260 608 1299 tate,
657 1251 727 1289 sed
772 1249 957 1288 intencio
997 1249 1103 1288 sicut
1138 1248 1279 1286 oracio
1315 1247 1523 1298 generalis
1559 1255 1619 1285 est
1652 1247 1693 1285 in
1728 1259 1823 1285 casu

511 1320 739 1360 meritoria.
784 1320 907 1359 Unde
952 1319 1003 1357 ad
1049 1319 1128 1357 hoc
1174 1318 1290 1370 quod
1325 1318 1419 1369 quis
1453 1325 1544 1356 oret
1578 1317 1713 1355 Deum
1749 1326 1882 1369 pro15

512 1392 653 1444 aliquo
694 1390 924 1443 requiritur
963 1389 1051 1427 eius
1099 1388 1323 1441 capacitas,
1366 1396 1411 1426 ut
1451 1396 1567 1440 puta,
1619 1386 1733 1439 quod
1775 1386 1828 1425 sit

513 1469 703 1500 creatura
729 1460 962 1512 racionalis,
1000 1472 1128 1512 capax
1159 1458 1257 1497 boni
1292 1470 1370 1509 pro
1399 1471 1483 1510 quo
1518 1456 1829 1496 racionabiliter

513 1539 670 1571 oratur.

222 1619 270 1647 Au
299 1626 426 1658 prayers
447 1624 498 1643 are
571 1602 623 1640 Et
659 1601 708 1639 ad
746 1600 925 1652 primam
962 1597 1335 1637 confirmacionem
1363 1598 1456 1636 dico
1481 1598 1595 1649 quod
1622 1595 1876 1647 contingitL

226 1652 744 1752 iiigdclsfvffilssdwliiyintelligere
794 1670 1037 1709 oracionem
1084 1669 1423 1707 condicionatam
1466 1668 1710 1720 dupliciter;
1766 1666 1888 1706 vel20

225 1733 261 1752 an
306 1729 355 1751 tie
375 1730 498 1758 capaci-

224 1758 498 1796 tyofthesubject.
515 1741 655 1794 quoad
691 1741 954 1779 voluntatem
996 1739 1198 1788 divinam,
1244 1738 1442 1791 ponendo
1484 1738 1522 1776 in
1559 1738 1647 1776 eius
1681 1737 1832 1776 volun-

516 1820 600 1851 tate
634 1810 735 1863 quid
769 1819 808 1849 et
837 1810 1015 1863 qualiter
1044 1809 1275 1848 decreverit
1298 1807 1648 1858 succurrendum,
1681 1816 1720 1846 et
1743 1807 1834 1846 talis

517 1882 642 1920 debet
682 1894 770 1920 esse
804 1881 946 1919 oracio
981 1880 1215 1929 viatorum3
1262 1880 1327 1918 vel
1366 1878 1554 1917 secundo
1594 1877 1734 1930 quoad
1769 1890 1832 1915 ca-

517 1951 744 2005 pacitatem
792 1950 970 1990 subiecti
1015 1963 1091 2002 pro
1126 1963 1210 2002 quo
1245 1961 1365 1987 orare
1410 1947 1659 1997 intenditur,
1707 1955 1746 1986 et
1778 1947 1836 1984 sic

520 2022 742 2075 supposita
779 2021 868 2060 eius
903 2020 1183 2072 incapacitate
1219 2019 1358 2071 ipsum
1393 2018 1632 2057 subiectum
1668 2030 1750 2055 non
1776 2025 1836 2055 est
1854 2024 1892 2056 25

522 2105 701 2144 persona
741 2105 818 2143 pro
859 2104 941 2143 qua
984 2091 1040 2129 sic
1075 2099 1235 2140 oratur,
1286 2088 1358 2127 sed
1392 2089 1455 2126 vel
1489 2088 1578 2140 ipse
1613 2101 1738 2126 orans
1773 2086 1838 2124 vel

522 2162 598 2201 alia
639 2175 769 2214 capax
808 2173 987 2214 persona
1031 2160 1218 2199 ecclesie.
1270 2159 1398 2207 Quod
1434 2167 1576 2196 autem
1612 2156 1838 2209 vulgariter

523 2233 677 2271 dicitur
710 2230 820 2270 orari
863 2244 938 2283 pro
973 2231 1043 2270 tali
1079 2230 1243 2268 intento
1278 2228 1513 2280 suffragari,
1561 2228 1656 2267 licet
1690 2228 1742 2266 sit
1782 2227 1839 2265 in—

523 2302 687 2352 habilis,
722 2301 997 2354 equivocatur
1044 2301 1083 2338 in
1131 2298 1428 2338 nominetenus
1477 2298 1687 2344 oracione,
1733 2296 1840 2336 sicut

526 2373 633 2411 forte
657 2371 800 2411 oracio
825 2370 985 2423 indigni
1013 2383 1094 2408 non
1122 2378 1181 2407 est
1205 2377 1309 2421 aput
1334 2370 1470 2407 Deum
1497 2368 1675 2406 univoce
1699 2366 1839 2405 oracio
1856 2372 1897 2404 30

527 2456 602 2495 pro
636 2451 914 2494 quocunque,
949 2440 1044 2479 licet
1075 2453 1175 2491 ergo
1208 2452 1327 2478 orare
1352 2452 1428 2491 pro
1454 2438 1613 2477 viatore
1646 2437 1840 2490 prescito,

528 2526 622 2551 cum
664 2512 716 2551 sit
756 2525 886 2564 capax
926 2511 1064 2549 meriti
1098 2519 1143 2548 ut
1178 2509 1328 2548 micius
1374 2508 1590 2561 puniatur,
1635 2507 1741 2546 sicut
1781 2516 1842 2545 est

529 2583 579 2621 de
616 2581 805 2635 prescitis
841 2582 911 2633 qui
938 2581 987 2619 ad
1016 2580 1256 2619 oracionem
1292 2579 1464 2618 alterius
1498 2578 1655 2617 faciunt
1688 2575 1843 2615 nedum

583 2727 603 2747 1.
624 2719 651 2746 A
673 2719 729 2753 Al:
751 2717 833 2754 quod
858 2718 952 2745 deest.
1082 2726 1110 2750 4.
1134 2716 1171 2743 B:
1194 2716 1231 2743 de
1252 2720 1363 2751 quarto
1383 2714 1505 2742 viatori.
1634 2722 1673 2741 10.
1695 2721 1729 2740 ιι.
1750 2713 1776 2740 Α
1791 2713 1838 2748 Al:

529 2766 581 2802 qui
603 2765 754 2794 videntur.
794 2766 821 2792 A
842 2766 872 2792 in
895 2772 1013 2799 marg:
1036 2763 1220 2798 Responsio.

588 2872 618 2904 9.
648 2863 749 2893 Rom,
779 2861 868 2900 Vlll,
898 2859 950 2892 28.
