2051 3273
213 241 295 278 402
927 237 1151 269 JOHANNIS
1179 238 1376 270 WYCLIF.
1596 226 1702 283 [CAP.
1722 236 1820 266 XV11.

501 341 708 394 principio
756 350 794 380 et
839 343 1096 395 quandoque
1142 357 1217 395 pro
1265 343 1354 396 ipsa
1397 344 1685 397 generacione,
1720 359 1818 398 ergo
1838 355 1971 398 184⁰H

502 410 691 450 Christus
737 412 849 450 Deus
897 420 1040 451 noster
1084 421 1143 451 est
1188 412 1449 452 christianus.
1509 414 1590 454 Sed
1637 415 1817 455 colorate

499 480 671 520 infertur
693 482 809 534 quod
831 482 947 521 Jesus
972 481 1163 522 Christus
1187 490 1326 521 noster
1349 483 1399 522 sit
1421 496 1551 536 genus
1575 484 1817 525 christiano-

499 565 607 602 rum,
641 551 737 604 quia
771 550 881 589 illius
914 551 1200 602 generacionis
1232 552 1502 605 principium.

229 629 473 690 Oui-optgqnent
558 621 638 661 Sed
671 620 850 660 finaliter
884 621 1093 673 colligitur
1125 635 1173 660 ex
1205 621 1323 661 dictis
1369 623 1586 675 quomodo
1615 623 1693 662 ista
1724 632 1850 665 sen-5

251 667 441 732 Ci1i¹riiss³e1¹f⁰3ts
498 692 634 730 tencia
667 690 808 730 obviat
841 690 917 729 sibi
950 690 1042 743 ipsi.
1078 692 1187 730 Nam
1219 693 1514 743 respondendo
1547 693 1597 731 ad
1631 693 1817 745 primum

497 760 721 800 articulum
754 760 902 800 dicitur
925 759 1294 800 conclusionaliter
1326 762 1440 814 quod
1470 762 1535 800 vel
1557 770 1651 802 ante
1684 762 1815 803 incar-

497 830 720 869 nacionem
757 839 843 869 erat
887 830 1058 869 ecclesia
1104 830 1320 882 catholica,
1367 840 1407 871 et
1450 831 1692 884 adiungitur
1735 847 1818 873 una

497 900 574 938 alia
608 900 823 939 conclusio
857 900 1055 952 gloriosa,
1090 900 1244 940 scilicet
1277 901 1393 953 quod
1424 901 1501 941 ista
1534 902 1704 940 ecclesia
1736 916 1817 956 que

495 969 649 1022 incepit
680 969 722 1008 in
746 978 881 1009 morte
906 969 1058 1009 Christi
1077 983 1149 1022 per
1182 968 1383 1009 effluxum
1411 970 1624 1022 sanguinis
1650 980 1688 1011 et
1710 986 1817 1026 aque
1837 990 1875 1013 10

496 1054 518 1078 a
551 1053 727 1092 corpore
761 1039 848 1078 eius
881 1039 952 1078 diu
998 1038 1076 1079 fuit
1122 1048 1218 1078 ante
1265 1039 1605 1080 incarnacionem
1649 1041 1815 1091 Christi,

497 1110 565 1148 sed
613 1122 833 1162 nunquam
877 1118 971 1148 ante
1016 1109 1170 1148 dictam
1215 1109 1553 1149 incarnacionem
1609 1110 1685 1150 fuit
1728 1111 1818 1164 ipsa

497 1180 680 1230 ecclesia,
727 1179 797 1218 sed
843 1192 1068 1232 synagoga.
1128 1179 1335 1218 Mirantur
1379 1179 1504 1232 logici
1549 1194 1634 1233 quo
1694 1194 1817 1221 sensu

497 1249 701 1289 diceretur
743 1249 820 1288 ista
864 1248 1079 1288 conclusio
1125 1258 1344 1302 tamquam
1393 1249 1541 1302 logica,
1599 1264 1697 1290 cum
1740 1250 1818 1291 ista

495 1319 665 1359 ecclesia
706 1319 814 1372 cepit
847 1332 948 1370 esse,
994 1327 1219 1371 antequam
1268 1318 1347 1358 fuit
1390 1332 1616 1372 synagoga,
1661 1328 1700 1360 et
1742 1328 1870 1373 per15

496 1403 769 1442 consequens,
793 1398 1021 1441 antequam
1054 1388 1132 1428 fuit
1165 1388 1348 1427 ecclesia.
1369 1387 1394 1415 ²³<
1409 1388 1489 1427 Ista
1523 1402 1620 1441 ergo
1645 1390 1815 1429 ecclesia
1834 1396 1910 1439 184d

494 1472 579 1498 non
614 1458 722 1511 cepit
754 1458 857 1498 hora
895 1457 1044 1497 mortis
1084 1457 1252 1509 Christi,
1287 1471 1384 1497 cum
1417 1467 1512 1497 ante
1556 1458 1813 1499 incarnacio-

496 1542 590 1567 nem
626 1528 702 1568 fuit
734 1539 971 1582 synagoga,
1004 1541 1079 1567 nec
1112 1536 1254 1580 potest
1286 1527 1366 1566 hoc
1411 1527 1667 1579 pertinenter
1708 1529 1812 1568 veri-

492 1597 604 1637 ficari
637 1599 687 1638 de
719 1607 943 1651 aggregato
977 1611 1024 1636 ex
1056 1597 1207 1637 talibus
1230 1596 1419 1650 personis
1450 1605 1488 1636 et
1512 1596 1646 1636 forma
1679 1612 1701 1636 a
1733 1612 1817 1651 qua

493 1668 793 1708 denominatur
825 1668 1008 1718 ecclesia,
1043 1667 1141 1720 quia
1173 1667 1276 1706 illud
1311 1680 1387 1705 nec
1421 1666 1499 1706 fuit
1543 1675 1638 1706 ante
1682 1668 1812 1707 incar-
1830 1686 1873 1708 20

492 1738 714 1778 nacionem
748 1751 823 1777 nec
858 1737 935 1777 fuit
967 1750 1184 1790 synagoga
1231 1750 1305 1776 nec
1338 1736 1494 1789 incepit
1537 1750 1610 1789 per
1654 1736 1815 1777 dictum

492 1807 707 1856 effluxum,
744 1822 841 1847 cum
874 1821 950 1860 pro
984 1816 1084 1846 tunc
1118 1807 1351 1846 secundum
1396 1805 1521 1845 istam
1564 1806 1815 1859 opinionem

492 1892 579 1917 non
612 1878 690 1917 fuit
723 1877 927 1930 Christus,
963 1891 1012 1916 eo
1046 1877 1164 1930 quod
1197 1890 1245 1915 ex
1277 1875 1358 1915 fide
1391 1875 1591 1928 scripture
1613 1876 1814 1916 Johannis

490 1948 588 1987 XXO
623 1947 814 1987 Christus
847 1957 947 1986 tunc
980 1946 1059 1986 fuit
1092 1955 1299 1985 mortuus,

214 2027 272 2054 and
295 2028 463 2061 according
549 2018 666 2067 Item,
707 2018 820 2056 iuxta
855 2017 928 2056 hec
962 2016 1069 2055 dicta
1110 2017 1357 2065 sacerdoteS,
1393 2015 1597 2067 prophete
1630 2024 1669 2055 et
1699 2029 1814 2069 reges
1831 2024 1870 2056 25

200 2066 230 2088 to
251 2062 296 2089 his
318 2062 474 2090 definition
564 2087 569 2092 .
735 2087 740 2092 .
1016 2086 1023 2092 .
1072 2086 1077 2091 .
1606 2084 1613 2091 -

244 2098 327 2124 mere
347 2106 428 2125 were
491 2087 592 2139 legis
617 2097 763 2126 veteris
788 2096 902 2126 erant
927 2086 1080 2126 Christi
1104 2095 1149 2125 ut
1173 2085 1307 2135 Israel,
1332 2087 1488 2135 Aaron,
1512 2084 1658 2136 David,
1683 2095 1722 2125 et
1743 2100 1816 2138 per

248 2131 428 2194 ξὲἶὲῗὲἶῗπῖ
491 2170 768 2209 consequenS,
794 2156 986 2207 Israelite,
1011 2155 1211 2195 Aaronite
1241 2163 1280 2193 et
1309 2155 1461 2193 domus
1489 2154 1622 2193 David
1653 2154 1817 2194 fuerant

229 2200 439 2230 Incarnanon.
492 2226 714 2277 christiani,
746 2226 843 2279 quia
870 2225 1063 2278 discipuli
1090 2224 1244 2264 Christi
1275 2232 1484 2262 servantes
1520 2223 1742 2276 iusticiam,
1776 2233 1815 2263 et

488 2296 544 2335 ita
571 2296 804 2335 secundum
841 2309 1015 2334 omnem
1051 2294 1385 2346 descripcionem
1420 2307 1549 2346 quam
1573 2293 1720 2332 doctor
1746 2293 1816 2333 dat

488 2366 538 2404 de
562 2366 797 2417 christiano,
817 2365 1005 2418 sequitur
1028 2365 1145 2417 quod
1168 2372 1263 2403 ante
1286 2362 1626 2402 incarnacionem
1650 2362 1813 2402 fuerant
1828 2370 1871 2403 30

487 2435 710 2474 christiani.
746 2437 798 2475 Et
824 2435 867 2474 in
901 2434 1274 2474 confirmacionem
1308 2433 1419 2472 illius
1445 2432 1500 2471 sic
1523 2432 1664 2471 scribit
1689 2431 1811 2471 mihi:

491 2505 586 2555 Qui,
620 2505 768 2558 inquit,
805 2506 1037 2544 observant
1071 2505 1205 2557 legem
1241 2503 1396 2542 Christi
1430 2514 1578 2541 omnes
1610 2501 1811 2541 dicuntur

484 2575 717 2622 christiani,
735 2583 863 2627 prout
878 2583 997 2614 notat
1013 2574 1158 2613 beatus
1168 2572 1445 2625 AugustinUS,
1459 2571 1648 2624 Epistola
1660 2571 1807 2622 XLIIa,

535 2709 559 2737 3.
582 2710 620 2737 13:
643 2711 730 2738 Jesus
752 2711 846 2738 deest.
992 2710 1015 2737 5.
1038 2711 1066 2738 Α
1086 2710 1115 2737 in
1139 2717 1256 2744 marg.:
1277 2707 1358 2736 Nota
1378 2708 1505 2744 quando
1527 2707 1642 2742 incepit
1664 2705 1803 2733 ecclesia.

483 2757 585 2783 Prima
606 2757 779 2791 responsio.
925 2756 968 2784 25.
991 2757 1019 2784 A
1040 2757 1069 2783 in
1093 2763 1210 2790 marg:
1232 2755 1375 2782 Secunda
1396 2754 1571 2789 responsio.

542 2864 593 2895 33.
623 2866 709 2905 Aug.
740 2863 897 2905 Epistola
924 2863 965 2894 ad
994 2862 1198 2893 Asellicum.
1226 2861 1318 2904 Opp.
1346 2867 1432 2892 tom.
1459 2860 1497 2901 II,
1524 2870 1601 2902 pag.
1630 2859 1707 2901 734.
