2051 3273
210 235 299 264 CAP.
319 221 416 281 xxi]
714 238 774 270 DE
799 238 1033 271 ECCLESIA.

58 356 92 389 D
116 352 194 398 196d
210 342 499 395 qualitativam
530 356 650 395 pene,
684 352 783 382 tunc
815 343 1101 396 quodcunque
1130 342 1330 381 meritum
1353 342 1514 381 domini

210 411 405 451 diminuit
457 412 828 464 proporcionaliter
872 412 1144 452 centesimam
1197 421 1358 465 partem
1409 425 1515 464 pene

217 495 345 535 quam
375 481 546 532 invenit,
572 491 611 521 et
641 482 698 522 ita
729 491 916 535 superest
949 495 1112 534 semper
1133 482 1328 521 divitibus
1351 481 1514 521 occasio

208 550 459 603 impetrandi
490 551 788 604 indulgendas,
820 560 905 591 tam
928 565 1004 604 pro
1036 551 1138 591 vivis
1171 565 1300 605 quam
1324 551 1514 602 mortuis,

172 642 193 666 0
208 628 293 659 tarn
317 620 585 660 existentibus
609 621 649 659 in
672 621 915 674 purgatorio
938 635 1068 674 quam
1095 621 1343 674 dampnatis,
1369 621 1515 660 Tereia

209 690 355 742 opinio
401 689 497 729 dicit
548 691 662 743 quod
712 690 930 744 suffragia
982 691 1153 730 ecclesie
1206 704 1286 730 non
1328 697 1517 743 prosunt

206 759 449 811 dampnatis
492 761 558 799 vel
602 759 658 799 ad
690 760 985 799 liber-acionem
1018 761 1158 800 totalis
1189 773 1301 811 pene
1345 773 1419 800 nec
1461 760 1517 799 ad

205 829 466 869 ablacionem
508 830 650 882 partis
688 843 800 882 pene
844 830 1115 869 diminuendo
1160 830 1226 869 vel
1268 830 1514 883 mitigando,

205 898 384 950 puniens
407 913 458 939 ne
481 908 645 939 tantum
668 899 879 953 puniatur,
912 899 988 939 sed
1005 900 1287 954 fortficando
1311 900 1513 952 punitum

164 974 251 1012 dut
288 969 439 1008 melius
483 975 523 1008 et
565 970 844 1009 tollerabilius
888 970 1109 1009 sustineat.
1162 970 1242 1009 Sed
1284 969 1516 1022 reprobatis

204 1037 282 1075 hiis
315 1038 447 1078 tribus
481 1038 754 1091 opinionibus
787 1039 976 1092 sequitur
1013 1039 1199 1078 doctoris
1231 1039 1441 1078 sentencia
1473 1039 1513 1077 in

201 1106 278 1146 hec
306 1109 448 1147 verba:
482 1108 594 1155 Ideo,
619 1108 767 1161 inquit,
797 1115 858 1148 est
878 1109 1063 1147 aliorum
1088 1109 1228 1160 opinio
1250 1109 1516 1148 communior

203 1184 241 1216 et
272 1178 410 1217 verior
443 1178 554 1230 quod
583 1177 802 1231 suffragia
835 1178 1076 1230 dampnatis
1102 1192 1183 1217 non
1206 1185 1407 1231 prosunt,
1443 1191 1516 1217 nec

203 1247 376 1286 ecclesia
415 1247 590 1287 intendit
626 1261 756 1287 orare
780 1261 865 1299 pro
899 1248 971 1289 eis.
1016 1249 1066 1287 Et
1105 1248 1136 1286 si
1175 1248 1360 1300 sophista
1393 1248 1515 1286 instet

149 1330 185 1362 15
203 1317 316 1370 quod
349 1317 535 1370 quelibet
556 1317 731 1357 istarum
753 1317 1007 1370 opinionum
1038 1326 1097 1357 est
1128 1327 1227 1357 tunc
1260 1331 1367 1369 vera,
1401 1327 1514 1371 patet

203 1387 321 1440 quod
354 1388 500 1426 doctor
532 1386 723 1440 intelligit
755 1388 870 1440 quod
904 1387 1087 1441 quelibet
1120 1388 1295 1427 aliarum
1329 1397 1388 1427 est
1419 1401 1513 1426 vera

200 1457 433 1496 secundum
477 1464 652 1509 partem,
696 1457 760 1495 vel
812 1457 1000 1509 negative
1044 1470 1132 1496 non
1177 1465 1236 1496 est
1280 1471 1388 1496 vera.
1436 1457 1514 1496 Ista

200 1539 300 1565 vero
346 1526 402 1565 eis
451 1526 770 1565 contradictoria
816 1535 876 1565 est
919 1539 1014 1566 vera
1058 1527 1252 1566 totaliter.
1314 1527 1366 1565 Et
1412 1540 1512 1565 con-

201 1604 420 1648 sequenter
463 1596 685 1648 respondet
726 1596 776 1634 ad
816 1595 1003 1649 quinque
1043 1605 1286 1649 argumenta
1326 1596 1429 1636 facta
1470 1596 1512 1634 in

170 1665 466 1718 1oppositum:
513 1665 703 1704 Primum
755 1673 815 1704 est
867 1679 913 1705 ex
966 1666 1078 1705 dicto
1131 1666 1238 1705 beati
1270 1666 1512 1718 Augustini,

201 1734 473 1774 Euchiridion
536 1735 647 1785 CX0‚
709 1734 882 1774 dicentis
944 1736 1057 1788 quod
1120 1736 1271 1788 quibus
1334 1737 1512 1775 mortuis

192 1811 381 1856 prosunt
430 1804 646 1858 szffragia
705 1805 877 1844 ecclesie
934 1805 999 1844 vel
1053 1812 1242 1857 prosunt
1293 1812 1338 1844 ut
1380 1806 1512 1857 plena

185 1874 274 1927 fiat
305 1875 496 1913 remissio
528 1875 595 1913 vel
627 1881 671 1913 ut
703 1874 946 1914 tolleracior
961 1875 1050 1927 fiat
1080 1875 1138 1914 eis
1162 1875 1426 1927 clanzpnacio.
1455 1877 1512 1914 Ex

202 1957 287 1996 quo
331 1944 494 1984 videtur
535 1945 651 1997 quod
696 1958 802 1997 pena
857 1945 1071 1997 dampnati
1116 1945 1269 1997 poterit
1320 1945 1511 1998 mitigari.

145 2024 184 2056 25
201 2013 455 2063 Dicendum,
478 2013 625 2067 inquit,
640 2013 752 2066 quod
774 2028 854 2053 non
877 2015 1129 2067 intelligitur
1145 2015 1194 2053 de
1208 2014 1515 2067 dampnacione
1548 2022 1735 2052 Damnation
1758 2026 1784 2053 is

1558 2059 1632 2085 used
1653 2059 1684 2086 in
1705 2064 1766 2088 two

185 2082 315 2135 facta
361 2084 401 2121 in
450 2083 636 2137 inferno,
685 2084 754 2122 uhi
799 2084 918 2122 nulla
965 2090 1027 2123 est
1069 2084 1321 2136 redempcio,
1365 2083 1441 2123 sed
1471 2084 1512 2122 in
1529 2100 1635 2120 senses
1656 2095 1802 2132 andmay

1530 2127 1566 2153 be
1586 2128 1658 2164 only
1677 2134 1707 2156 to
1729 2131 1799 2164 pain

192 2153 466 2206 purgatoriO,
513 2153 583 2192 ubi
624 2153 849 2205 dupliciter
892 2153 975 2193 illis
1016 2160 1223 2206 prosunt.-
1268 2154 1333 2193 νεῖ
1369 2154 1511 2192 statim
1551 2162 1581 2189 in
1603 2169 1782 2200 purgatory.

202 2222 436 2271 liberando,
470 2229 515 2261 ut
545 2235 615 2261 eos
647 2223 719 2275 qui
742 2236 904 2275 parum
942 2223 1096 2262 liabent
1126 2223 1176 2262 de
1208 2223 1428 2263 cremabilz'
1449 2223 1514 2262 vel

201 2291 435 2345 mitigando
478 2291 619 2344 quoad
659 2305 728 2331 eos
772 2293 844 2345 qui
884 2293 1061 2346 gravius
1098 2299 1396 2345 peccaverunt.
1460 2293 1513 2331 Et

147 2371 187 2403 30
205 2361 382 2400 eandem
424 2361 748 2414 responsionem
789 2370 903 2401 tenet
946 2370 1112 2401 sanctus
1151 2362 1341 2401 Thomas
1386 2375 1511 2414 super

255 2517 283 2545 8.
303 2518 333 2546 A
351 2519 408 2553 Al:
435 2518 635 2546 diminuende
660 2520 705 2547 vel
728 2519 907 2553 mitigande.
1049 2527 1088 2547 21.
1117 2521 1150 2548 In
1171 2520 1280 2548 codd.:
1301 2521 1398 2549 Euch.
1420 2520 1510 2549 CXII.

202 2564 244 2593 25.
264 2566 293 2593 A
312 2565 342 2592 in
363 2572 477 2599 marga
499 2565 680 2600 Responsio.
821 2566 868 2593 28.
889 2568 933 2593 A:
956 2571 988 2593 ut
1008 2566 1061 2593 eis.
1083 2568 1110 2594 A
1126 2568 1154 2593 in
1171 2575 1286 2601 marg:
1322 2568 1512 2603 Dampnacio

203 2611 323 2645 capitur
343 2611 516 2646 dupliciter.

265 2739 316 2760 21.
343 2731 430 2771 Aug.
449 2728 588 2760 Enchir.
615 2739 689 2772 cap.
717 2730 785 2761 CX.
813 2730 905 2772 Opp.
931 2737 1015 2762 torn.
1033 2731 1089 2771 VI,
1117 2741 1194 2773 pag.
1216 2730 1290 2764 238.
1318 2731 1370 2763 Cf.
1398 2733 1512 2763 Bona-

205 2793 350 2819 ventura
376 2788 397 2818 l.
416 2798 443 2819 c.
471 2788 561 2830 Opp.
581 2788 636 2827 IV,
667 2798 763 2831 ¹0¹9·
907 2788 961 2820 25.
988 2789 1231 2820 Bonaventura
1250 2789 1271 2820 1.
1290 2799 1318 2820 c.
1345 2789 1436 2832 Opp.
1455 2790 1513 2830 IV,

207 2855 284 2886 pag.
318 2855 413 2878 1021.
