2051 3273
263 234 353 264 CAP-
374 224 487 283 xlm-J
756 240 817 272 DE
843 239 1078 272 ECCLESJA.
1787 232 1864 271 525

108 349 297 392 E200bet
335 343 503 396 angelis
546 343 639 383 eius
682 350 775 383 oret
804 345 995 384 ecclesia.
1030 344 1128 385 Hec
1167 358 1270 398 ergo
1312 357 1443 385 causa
1489 359 1575 398 qua

243 412 304 465 fit
336 419 382 451 ut
412 425 526 452 nunc
558 412 735 452 ecclesia
767 426 850 452 non
884 421 978 454 oret
999 427 1086 467 pro
1116 416 1241 455 malis
1274 416 1442 468 angelis
1472 428 1576 468 quos

257 494 360 522 suos
391 482 508 522 novit
538 495 630 522 esse
667 483 884 533 ininzicos‚·
921 483 1066 524 eadem
1105 485 1200 537 ipsa
1232 498 1366 524 causa
1399 491 1460 524 est
1491 498 1574 538 qua

242 551 327 604 fiet
358 559 404 592 ut
424 552 466 592 in
490 553 563 592 illo
585 559 687 592 tunc
709 553 864 592 iudicio
888 554 1023 594 eciam
1050 567 1136 607 pro
1159 554 1398 594 hominibus
1429 561 1574 594 eterno

223 622 349 675 5igni
380 622 636 673 cruciandis,
681 624 874 675 quamvis
918 624 1041 663 homo
1078 623 1278 677 perfecta
1321 626 1378 664 sit
1418 625 1573 664 sancti-

256 698 353 739 tate,
403 704 487 731 non
532 698 635 731 oret.
670 692 798 731 Nunc
841 693 951 732 enim
987 700 1223 746 propterea
1259 706 1345 746 pro
1385 695 1446 734 eis
1478 702 1577 734 orat

256 774 362 813 quos
393 762 434 800 in
467 774 627 815 genere
659 762 845 801 humano
877 762 1002 802 habet
1033 763 1241 814 inimicos,
1274 763 1374 817 quia
1406 770 1574 816 tempus

254 837 317 870 est
338 831 580 883 penitencie
598 831 848 884 fructuose.
886 831 1009 871 Unde
1041 841 1134 872 orat
1166 831 1294 886 (sicut
1332 833 1432 873 dicit
1461 834 1573 886 Apo-

251 900 424 954 stolus),
463 908 508 941 ut
540 902 660 941 Deus
697 901 766 942 det
801 901 886 942 illis
915 903 1202 955 penitenciam
1243 910 1282 942 et
1321 903 1575 956 resipiscant

157 986 240 1015 2000
253 969 304 1010 de
337 970 514 1021 dyaboli
547 971 712 1024 laqueis
735 971 756 995 '³‘
779 985 804 1010 a
828 985 910 1025 quo
935 972 1090 1024 captivi
1114 978 1313 1013 tenentur
1335 972 1571 1013 secundum

253 1040 386 1092 ipsius
417 1040 690 1080 voluntatem.
723 1041 937 1094 Denique,
971 1042 1123 1094 inquit,
1157 1042 1207 1081 de
1254 1043 1470 1096 aliquibus
1513 1043 1571 1081 ita

252 1116 371 1149 certa
415 1116 536 1161 esset,
576 1117 622 1150 ut
656 1112 729 1163 qui
769 1111 852 1150 sint
898 1111 963 1150 illi
996 1118 1151 1160 nosset,
1186 1113 1258 1165 qui
1290 1112 1384 1152 licet
1414 1114 1456 1152 in
1490 1113 1572 1152 lzac

253 1179 337 1219 vita
370 1180 584 1220 constituti
613 1186 727 1230 sunt,
761 1186 901 1220 tamen
935 1181 1225 1233 predestinati
1260 1182 1323 1221 ire
1354 1182 1395 1220 in
1429 1182 1569 1235 ignem

252 1256 446 1290 eternum
478 1263 575 1290 cunz
608 1250 820 1303 dyabolo;
851 1257 935 1289 tani
963 1264 1048 1304 pro
1073 1252 1132 1291 eis
1155 1265 1236 1291 non
1270 1258 1419 1291 oraret
1440 1265 1568 1304 quam

196 1332 233 1363 15
251 1332 327 1358 nec
340 1332 428 1372 pro
451 1320 554 1372 ipso.
579 1320 641 1359 Ex
664 1320 751 1359 istis
774 1330 891 1373 patet
922 1321 1037 1373 quod
1062 1335 1187 1360 nemo
1218 1331 1358 1361 oraret
1388 1336 1465 1374 pro
1499 1323 1569 1361 illo

250 1390 488 1442 specialiter
520 1403 649 1442 quem
682 1389 761 1429 scit
792 1391 1098 1443 perpetualiter
1132 1401 1230 1430 ante
1265 1401 1435 1444 tempus
1475 1405 1567 1430 ora-

249 1459 381 1498 cionis
423 1473 512 1498 esse
552 1460 834 1512 dampnatum
866 1470 1089 1513 perpetuo.
1126 1461 1244 1511 Item,
1280 1461 1428 1500 beatus
1464 1460 1568 1500 Gre·

249 1528 394 1580 gorius
432 1528 636 1568 XXXIV0
669 1529 901 1568 Moralium
940 1530 1126 1582 capitulo
1157 1554 1216 1559 ——
1247 1530 1349 1569 dicit
1389 1531 1568 1569 eandem

248 1599 510 1637 sentenciam
548 1612 644 1638 cum
677 1600 944 1651 Augustino:
984 1599 1063 1638 Ubi
1095 1607 1170 1650 est,
1203 1600 1413 1654 inquiunt,
1454 1600 1568 1653 quod

189 1690 231 1711 20
246 1675 347 1707 sunt
375 1669 528 1718 sancti,
560 1670 599 1709 si
621 1682 709 1721 pro
741 1669 923 1710 inimicis
944 1671 1034 1710 suis
1062 1683 1168 1723 quos
1203 1670 1359 1710 ardere
1386 1670 1568 1710 viderint

247 1751 330 1778 non
369 1739 567 1778 orabunt.
614 1739 695 1778 Sed
732 1739 1067 1793 respondemus:
1104 1739 1245 1780 Orant
1265 1753 1351 1792 pro
1386 1740 1567 1779 inimicis

245 1808 334 1847 suis
363 1821 409 1848 eo
440 1815 627 1862 tempore
656 1822 737 1862 quo
762 1817 950 1862 possunt
985 1809 1044 1849 ad
1067 1810 1352 1863 fructuosam
1368 1811 1565 1863 peniten-

246 1878 356 1917 ciam
375 1891 523 1918 eorum
548 1878 680 1918 corda
712 1886 970 1919 convertere.
996 1879 1078 1921 Sed
1109 1881 1319 1933 quomodo
1352 1887 1454 1920 tunc
1478 1893 1564 1932 pro

244 1948 333 1987 illis
366 1948 574 2000 orabitur,
606 1948 778 2001 quando
813 1949 897 1989 iam
932 1962 1014 1989 non
1040 1957 1228 2002 possunt
1260 1950 1312 1989 ab
1346 1950 1565 2002 iniquitate

189 2028 228 2060 25
245 2017 303 2056 ad
345 2018 508 2057 iusticie
551 2031 681 2070 opera
725 2019 1006 2059 conmutari?
1048 2018 1211 2059 Eadem
1245 2020 1385 2072 itaque
1428 2033 1562 2060 causa

244 2095 319 2137 est,
350 2101 430 2128 cur
459 2095 560 2128 tunc
600 2102 685 2129 non
717 2096 865 2129 oretur
888 2102 974 2142 pro
1007 2089 1248 2129 hominibus
1279 2089 1371 2129 istis
1412 2089 1562 2142 damp-

245 2157 370 2208 natis,
414 2171 496 2210 que
539 2171 672 2198 causa
717 2165 780 2199 est
811 2173 925 2199 nunc
959 2166 1005 2198 ut
1036 2171 1118 2198 non
1158 2165 1310 2199 oretur
1344 2172 1430 2212 pro
1469 2161 1561 2212 ipso

243 2226 442 2280 dyabolo.
476 2228 531 2268 Et
563 2229 695 2268 multa
727 2229 881 2269 similia
913 2229 971 2268 ibi
1003 2228 1145 2269 infert.

199 2305 232 2339 F
302 2297 435 2337 Racio
469 2306 612 2337 autem
637 2299 833 2338 omnium
856 2299 1037 2339 istorum
1061 2308 1310 2338 sanctorum
1333 2299 1560 2338 doctorum

186 2375 229 2407 30
245 2376 329 2406 stat
361 2367 403 2405 in
436 2367 540 2407 isto:
562 2368 702 2407 Nemo
737 2368 862 2408 debet
895 2382 1016 2408 orare
1040 2368 1179 2408 Deum
1212 2369 1450 2421 specialiter
1482 2383 1560 2422 pro

295 2501 335 2529 18.
355 2503 385 2530 A
404 2503 435 2530 in
455 2510 572 2538 marg:
595 2503 777 2538 Gregorius.
898 2503 938 2531 18.
959 2503 1111 2540 capitu103
1133 2503 1271 2539 sequitur
1291 2506 1403 2533 lacuna
1421 2506 1452 2533 In
1467 2506 1558 2533 codd.

242 2556 285 2585 ¹9·
306 2549 346 2576 B:
373 2549 456 2585 quod
476 2565 510 2569 —
530 2549 593 2577 suis
615 2550 709 2577 deest.
852 2558 900 2585 24.
921 2552 955 2578 ln
982 2550 1091 2578 codd.:
1119 2551 1171 2586 qui
1196 2551 1257 2578 iam
1285 2560 1359 2579 non.
1393 2551 1524 2580 Correxi
1545 2561 1560 2579 e

241 2600 324 2623 textu
355 2596 384 2624 b.
418 2596 512 2631 Greg.
655 2604 703 2633 29.
736 2599 765 2625 A
790 2597 821 2624 in
846 2605 962 2633 marga:
996 2597 1099 2625 Racio.
1132 2598 1203 2626 Non
1238 2603 1283 2625 est
1315 2599 1468 2627 orandum
1502 2608 1559 2634 pro

242 2642 418 2679 dampnatis
441 2649 600 2680 perpetue,
631 2644 792 2672 modicum
818 2652 913 2680 supra
932 2645 1002 2672 vide
1033 2646 1153 2680 (Above
1173 2651 1246 2673 200c
1265 2645 1395 2674 without
1421 2647 1508 2673 mark
1528 2645 1564 2673 of

240 2688 422 2725 reference).

303 2807 353 2830 11.
391 2798 429 2830 II.
464 2797 620 2829 TImoth.
665 2798 704 2837 II,
751 2797 803 2830 26.
966 2798 1016 2830 18.
1052 2799 1210 2841 Gregorii
1248 2800 1369 2831 Moral.
1407 2800 1556 2839 XXXIV,

242 2864 315 2898 cap.
340 2855 418 2889 XIX
445 2855 524 2898 [vet.
542 2855 636 2899 XIII]
663 2856 697 2888 in
723 2867 797 2899 cap.
814 2858 901 2890 XLI.
929 2857 961 2889 b.
979 2858 1056 2889 Job.
1085 2857 1178 2900 Opp.
1206 2865 1287 2889 tom.
1308 2858 1331 2899 Ι,
1357 2869 1435 2902 pag.
1461 2858 1555 2891 1133.
