2051 3273
195 161 274 200 586
922 173 1145 204 JOHANle
1177 173 1372 205 wvomr.
1561 162 1666 218 [VCAP.
1694 172 1802 200 xxm.

223 285 277 348 Si?
306 288 437 314 lastsas
484 277 523 314 in
570 277 835 328 purgatorio,
887 289 1016 328 quam
1062 278 1132 316 diu
1180 279 1283 316 inibi
1318 279 1431 317 subit
1474 291 1640 330 penam.
1690 280 1797 317 Nam
1820 288 1954 332 207dz

224 329 436 391 ρωῗῑὲῗῑηῗὲηῑ.
483 346 697 398 sequitur:
734 346 823 385 Hec
857 355 919 385 est
953 360 1063 399 pena
1093 348 1270 400 peccati,
1298 361 1397 400 ergo
1424 356 1485 386 est
1511 348 1671 400 aliquid
1706 362 1800 400 pec-

484 415 579 467 cati,
627 429 722 454 cum
773 417 912 455 omnis
946 430 1055 468 pena
1089 417 1142 456 sit
1189 431 1253 457 res
1287 418 1394 456 iusta
1429 431 1504 470 per
1537 430 1664 470 quarn
1698 431 1792 470 pec-

484 493 626 523 catum
663 484 936 537 bonificatur,
972 495 1012 525 et
1045 499 1119 538 per
1153 500 1419 539 consequens
1452 486 1554 525 illud
1579 495 1802 539 peccatum

485 563 559 593 est.
596 554 812 608 Similiter,
854 556 886 594 si
929 556 1109 608 quilibet
1143 557 1183 595 in
1217 557 1467 609 purgatorio
1501 564 1709 610 purgatus
1744 564 1839 599 est5

484 624 661 663 omnino
710 625 799 663 sine
846 633 1035 677 peccatO,
1085 636 1187 665 tunc
1234 635 1295 665 est
1347 627 1402 665 ita
1457 626 1643 665 mundus
1699 626 1807 665 sicut

486 694 634 733 beatus
679 694 719 733 in
771 695 875 746 celo,
925 708 1021 733 cum
1067 696 1205 734 solum
1240 705 1463 748 peccatum
1499 704 1644 735 causat
1678 696 1809 734 talem

485 763 810 815 inmundiciam,
852 775 892 804 et
932 778 1005 817 per
1047 778 1311 819 consequens
1346 764 1457 805 foret
1492 775 1579 805 tam
1614 764 1808 804 amabilis

485 834 526 872 in
580 834 833 886 purgatorio
881 835 932 874 ab
983 835 1157 874 ecclesia
1208 835 1517 888 triumphante,
1566 836 1677 875 sicut
1715 836 1808 888 ipso

486 904 626 955 beato,
661 904 761 956 quia
794 913 881 943 tam
926 905 1115 957 pulcher.
1152 904 1372 958 Similiter,
1407 905 1585 958 quilibet
1627 905 1869 948 existens10

488 973 527 1011 in
575 974 827 1026 purgatorio
873 985 1049 1027 propter
1093 984 1318 1027 peccatum
1370 988 1498 1014 suurn
1552 974 1808 1027 preteritum

489 1042 631 1082 deficit
677 1058 699 1082 a
743 1044 869 1096 plena
914 1045 1146 1084 dileccione
1182 1044 1259 1083 Dei
1294 1054 1334 1084 et
1380 1045 1566 1096 ecclesie,
1599 1057 1747 1098 ymmo
1789 1057 1811 1082 a

487 1114 612 1166 pleno
646 1113 841 1166 profectu
877 1114 956 1153 sibi
982 1124 1022 1154 et
1045 1114 1135 1154 aliis
1168 1128 1296 1168 quern
1336 1115 1483 1154 debuit
1507 1122 1607 1153 tunc
1631 1114 1802 1153 habere.

488 1183 558 1222 Ille
613 1197 713 1236 ergo
767 1183 959 1224 defectus
1014 1185 1262 1237 purgandus
1309 1194 1370 1225 est
1416 1193 1654 1237 peccatum,
1710 1184 1808 1224 ideo

488 1253 658 1292 videtur
692 1267 845 1306 penam
879 1267 1062 1307 purgare
1096 1255 1216 1295 illum
1250 1255 1464 1294 defectum
1502 1263 1542 1295 et
1566 1254 1811 1294 satisfacere
1831 1264 1869 1297 15

488 1336 563 1372 pro
610 1322 777 1363 defectu
812 1325 1032 1376 preteritO,
1080 1333 1119 1364 et
1167 1325 1341 1378 quando
1374 1326 1446 1364 lux
1479 1325 1636 1363 amoris
1670 1325 1810 1377 primo

490 1393 722 1445 inducitur,
759 1402 859 1433 tunc
892 1395 1033 1447 primo
1067 1395 1303 1435 obscuritas
1337 1395 1512 1448 peccati·
1533 1395 1742 1434 educitur.

196 1473 259 1501 For
277 1474 372 1501 allsin
389 1474 474 1501 there
551 1463 729 1503 Videtur
763 1464 940 1504 ulterius
975 1465 1091 1517 quod
1125 1478 1203 1517 pro
1237 1465 1429 1518 quolibet
1459 1473 1636 1518 peccato
1660 1464 1701 1504 in
1726 1477 1811 1517 quo

197 1510 223 1537 is
243 1517 281 1536 an
304 1508 471 1544 appointed
626 1533 632 1540 ,
880 1533 886 1540 ,
1352 1534 1358 1541 ,

228 1544 443 1579 punishment,
490 1533 655 1572 decedit
703 1533 1019 1585 predestlnatus
1070 1535 1184 1574 Deus
1232 1542 1381 1574 statuit
1429 1542 1588 1574 certam
1643 1546 1812 1587 penam,

197 1578 473 1654 Ἦὼςζὲιιῑῗῖῦοά
490 1617 587 1642 cum
621 1617 707 1657 quo
741 1617 825 1644 non
865 1604 1025 1657 poterit
1066 1605 1137 1644 illo
1171 1613 1348 1658 peccato
1382 1604 1607 1658 supposito
1641 1604 1872 1657 dispen·20

259 1651 414 1684 ‘impense'
494 1687 600 1715 sare.
632 1674 742 1714 Nam
775 1687 851 1727 per
884 1675 997 1714 idem
1031 1683 1175 1728 posset
1208 1675 1454 1728 dispensare
1490 1688 1585 1714 curn
1620 1674 1814 1728 quolibet

490 1752 664 1798 peccato
708 1745 749 1783 in
795 1745 1044 1797 purgatorio
1091 1745 1156 1786 vel
1200 1744 1241 1784 in
1288 1744 1469 1797 inferno,
1516 1753 1556 1784 et
1596 1743 1814 1784 dimittere

491 1814 653 1853 homini
702 1823 924 1867 peccatum
969 1815 1058 1854 sine
1103 1815 1184 1854 hoc
1226 1814 1344 1868 quod
1383 1815 1567 1854 voluerit
1621 1814 1813 1854 converti

492 1884 543 1923 ad
590 1884 832 1936 dominum,
879 1884 967 1924 sine
1015 1898 1160 1924 amore
1195 1883 1390 1924 faciendo
1437 1885 1578 1937 ipsum
1626 1884 1814 1935 beatum,

492 1967 588 1993 cum
619 1953 732 1993 nulla
763 1967 872 2006 pena
897 1954 1183 1994 essencialiter
1208 1962 1544 2008 consequeretur
1562 1963 1812 2007 peccatum3
1831 1962 1871 1994 25

492 2025 563 2064 sed
589 2024 699 2063 foret
724 2032 890 2064 tantum
916 2037 991 2077 per
1015 2024 1210 2064 accidens
1235 2024 1457 2064 arbitraria
1489 2023 1632 2077 quoad
1659 2023 1811 2062 Deum.

494 2094 613 2134 Sicut
653 2106 753 2146 ergo
793 2107 903 2146 pena
938 2094 1177 2133 essencialis
1212 2102 1274 2133 est
1307 2108 1381 2146 per
1415 2107 1457 2133 se
1491 2093 1617 2145 iusta,
1654 2093 1712 2132 sic
1753 2102 1814 2132 est

493 2172 609 2203 tanta
642 2164 809 2203 iusticia
832 2163 874 2203 in
899 2177 1007 2216 pena
1040 2163 1305 2216 accidentali,
1341 2165 1413 2202 sed
1448 2163 1649 2203 meritum
1684 2164 1815 2202 eccle-

493 2233 551 2273 sie
600 2232 698 2273 facit
745 2246 834 2272 esse
880 2233 995 2273 aliud
1044 2242 1267 2286 peccatum
1303 2234 1433 2273 totale
1479 2233 1519 2271 in
1561 2233 1814 2286 purgatorio

494 2317 622 2357 quarn
658 2304 767 2344 foret
800 2304 952 2344 merito
986 2304 1057 2343 illo
1092 2304 1281 2344 dimisso.
1833 2309 1874 2341 30

203 2384 480 2454 {g-laczffiigeviglredssfffl
553 2373 733 2413 Videtur
773 2374 904 2413 tercio
945 2374 1060 2426 quod
1102 2374 1211 2413 sicut
1247 2374 1357 2413 beati
1391 2375 1431 2412 in
1467 2373 1556 2411 celo
1597 2382 1815 2412 merentur

203 2454 390 2481 themselves
419 2455 479 2482 and
497 2443 574 2482 sibi
621 2445 822 2484 continue
864 2457 1000 2497 usque
1035 2445 1086 2482 ad
1121 2443 1231 2482 diem
1278 2443 1421 2483 iudicii
1457 2441 1669 2496 premium
1708 2442 1813 2481 acci—

284 2489 399 2521 others,
496 2514 679 2564 dentale,
733 2513 823 2553 aliis
878 2523 1021 2553 autem
1078 2523 1326 2566 utrumque,
1381 2512 1454 2552 sed
1500 2512 1727 2551 existentes
1773 2511 1814 2550 in

548 2671 567 2691 1.
589 2663 617 2690 A
632 2662 660 2689 in
678 2670 791 2696 marga
814 2661 994 2690 Conclusio.
1105 2660 1145 2688 18.
1167 2662 1194 2688 A
1210 2661 1239 2688 in
1256 2669 1370 2696 marg.:
1396 2659 1577 2688 Conclusio.
1686 2666 1726 2686 21.
1748 2658 1769 2685 13
1785 2659 1814 2686 in

496 2717 615 2743 marg:
647 2710 786 2744 Apparet
815 2708 899 2743 quod
930 2713 1011 2735 tenet
1041 2708 1287 2743 predestinatum
1320 2715 1410 2742 posse
1440 2706 1590 2733 decedere
1617 2706 1645 2732 in
1677 2709 1815 2739 peccato.

496 2754 537 2782 23.
560 2755 580 2781 Β
603 2755 632 2782 in
654 2763 769 2789 marga
793 2755 894 2789 Quam
918 2760 1006 2781 vocat
1034 2762 1145 2788 penam
1169 2753 1369 2781 essencialem
1402 2758 1428 2779 et
1449 2760 1542 2788 quam
1568 2751 1813 2779 accidentalem?

494 2803 531 2831 3¹.
555 2804 581 2829 A
602 2802 631 2829 in
654 2810 770 2837 marga
794 2801 977 2829 Conclusio.
