2051 3273
289 201 377 230 CAP.
398 190 495 248 xui]
790 203 847 234 DE
875 203 1107 235 ECCLESIA.
1801 198 1878 249 295

138 317 381 365 0170btuor
423 308 454 347 si
500 309 581 346 sint
622 308 664 346 in
710 309 818 346 clero
865 307 1087 347 occasione
1120 308 1368 360 dotacionis,
1400 309 1594 349 imminet

285 378 429 417 exinde
474 377 720 429 periculum.
767 376 806 416 Si
853 385 993 416 autem
1026 378 1190 417 occasio
1224 378 1275 418 sit
1306 379 1400 417 data
1432 379 1496 417 vel
1528 393 1594 418 ac-

286 455 403 500 cepta
446 460 518 499 per
562 446 752 485 accidens
795 460 843 485 ex
887 446 955 485 tali
1003 447 1224 487 dotacione
1256 456 1470 500 perpetua,
1522 448 1594 487 ubi

283 516 527 569 temporalis
551 515 847 555 elemosinacio
870 515 976 555 foret
999 517 1193 569 securior,
1217 527 1331 570 patet
1359 518 1593 570 periculum

251 596 369 631 fitam
412 586 454 624 in
500 585 798 625 elemosinante
832 599 959 638 quam
1005 587 1279 627 elemosinato
1318 588 1384 628 isti
1422 588 1592 628 seculari

283 655 377 695 ritui
422 655 654 694 innitendo.
700 655 813 694 Deus
857 664 1000 695 autem
1032 657 1253 697 necessitat
1285 657 1430 697 divites
1468 657 1592 698 huius

284 725 422 776 seculi,
456 733 502 764 ut
535 724 735 764 continue
767 724 1005 765 ministrent
1037 726 1146 765 clero
1169 726 1211 765 in
1234 727 1317 766 vite
1339 727 1591 779 necessariis,

284 803 491 848 quantum
535 795 584 833 de
630 793 738 832 clero
773 803 835 833 est
867 795 1148 834 necessarium
1181 796 1350 836 ecclesie
1382 796 1589 836 militanti.

341 864 393 903 Et
436 872 550 917 patet
593 864 709 917 quod
752 877 839 903 non
884 873 943 903 est
975 864 1171 904 securitas
1205 866 1380 905 domino
1421 866 1591 905 seculari

230 956 267 978 10
284 934 556 974 elemosinam
588 947 709 972 suam
740 933 875 973 taliter
905 933 1119 986 impertiri,
1152 949 1249 975 cum
1280 935 1428 975 veritas
1460 935 1590 988 preci-

283 1004 342 1056 pit
374 1003 450 1042 sibi
479 1004 590 1043 Luce
613 1004 723 1056 XVI,
759 1017 797 1056 9,
832 1011 877 1043 ut
893 1004 1042 1058 faciat
1070 1005 1150 1044 sibi
1181 1006 1340 1045 amicos
1371 1005 1421 1045 de
1454 1019 1589 1045 mam-

282 1086 409 1113 mona
453 1074 706 1126 iniquitatis,
761 1087 848 1112 non
891 1082 1031 1113 autem
1077 1074 1307 1127 spirituales
1353 1084 1391 1114 et
1427 1075 1589 1127 pericu-

279 1143 508 1183 losissimos
536 1143 742 1182 inimicos,
772 1143 853 1182 Sed
876 1143 1048 1183 Matthei
1080 1145 1130 1196 X,
1167 1145 1229 1196 36,
1259 1144 1356 1184 dicit
1379 1144 1590 1184 Christus:

280 1213 451 1252 Inimici
482 1213 588 1263 eius,
621 1212 841 1252 domestici
872 1214 976 1253 eius.

188 1298 266 1338 170⁰
336 1282 450 1322 Nulli
473 1281 498 1308 ss
521 1282 632 1321 enim
664 1283 759 1335 plus
791 1283 966 1322 subdole
999 1282 1154 1322 faciunt
1194 1283 1343 1323 scisma
1375 1283 1416 1321 in
1450 1292 1589 1323 sancta

278 1361 409 1392 matre
432 1351 602 1391 ecclesia
624 1360 843 1405 tamquam
865 1352 996 1405 magis
1020 1352 1243 1405 periculosi
1266 1352 1435 1392 heretici
1459 1366 1589 1406 quam

279 1421 337 1460 illi
370 1421 440 1474 qui
473 1421 667 1461 videntur
699 1435 786 1460 esse
820 1422 1015 1475 capitales
1050 1422 1218 1461 ecclesie
1246 1422 1381 1462 induti
1404 1423 1588 1462 vestibus
1654 1424 1722 1452 Tne
1743 1431 1825 1453 most

1615 1459 1772 1487 danne-ou
1833 1469 1863 1488 e-

278 1492 436 1531 ovium.
499 1492 618 1532 Unde
663 1492 854 1545 quamvis
888 1500 974 1531 tam
1007 1492 1056 1531 de
1088 1491 1201 1531 laicis
1234 1506 1362 1545 quam
1395 1493 1444 1531 de
1478 1494 1586 1532 clero
1602 1461 1874 1531 s0⁵y58¹00¹i³1i12011

278 1561 359 1601 sint
389 1561 511 1601 multi
533 1561 716 1613 heretici,
750 1570 797 1601 ut
828 1570 942 1614 patet
974 1562 1023 1600 de
1056 1561 1186 1600 tribus
1210 1562 1400 1614 personis
1433 1563 1584 1615 presci-
1612 1531 1861 1634 ῖῇἓῑὲἒέἶὲςῠὲἓζ]

221 1654 262 1675 20
276 1631 326 1671 tis
378 1645 458 1684 que
505 1631 792 1684 relinquentur
845 1631 885 1669 in
943 1629 1055 1669 finali
1098 1630 1253 1669 iudicio
1304 1630 1373 1685 (de
1433 1632 1586 1685 quibus
1756 1627 1762 1634 ‘

275 1701 449 1740 Matthei
481 1701 629 1752 XXIV,
670 1699 723 1755 Ι),
755 1700 1029 1753 periculosior
1061 1709 1101 1740 et
1133 1700 1403 1740 communior
1433 1701 1585 1741 heresis

275 1770 438 1823 pululat
474 1770 517 1808 in
555 1770 677 1822 clero,
726 1769 843 1809 cuius
889 1768 953 1824 (ut
996 1769 1095 1809 alias
1139 1770 1331 1826 exposui)
1377 1780 1473 1811 sunt
1504 1780 1584 1811 tres

274 1841 439 1894 gradus·

228 1921 263 1954 P
334 1909 499 1949 Primus
539 1919 599 1949 est
637 1909 808 1962 quando
841 1909 883 1948 in
916 1909 1025 1949 clero
1059 1909 1151 1963 quis
1183 1910 1337 1963 aspirat
1369 1912 1420 1950 ad
1453 1910 1581 1964 digni·
1598 1931 1619 1950 1.
1641 1923 1747 1962 clerks
1768 1924 1872 1962 aspiro

219 1990 258 2022 25
275 1989 403 2019 tatem
440 1979 756 2018 ecclesiasticam
801 1979 1042 2032 symoniace
1086 1979 1235 2031 pocius
1276 1989 1446 2033 propter
1479 1994 1579 2034 que-
1597 1959 1872 2021 totiliiiighliioihe

274 2058 386 2088 stum
419 2057 458 2087 et
489 2047 641 2087 fastum
676 2061 773 2087 cum
797 2048 852 2087 eis
876 2048 1145 2101 sequentibus
1168 2062 1298 2101 quam
1321 2050 1582 2090 meritorium
1615 2028 1744 2065 worldly
1764 2029 1858 2062 end⁵³

274 2117 461 2157 officium
493 2117 757 2170 spiritualiter
788 2117 1004 2157 serviendi.
1040 2118 1101 2157 De
1132 2118 1210 2158 ista
1240 2118 1372 2158 heresi
1393 2119 1582 2172 loquitur

274 2187 485 2226 decretum
508 2188 555 2238 1³,
579 2201 617 2240 q.
642 2187 670 2238 Ι,
703 2187 779 2226 sub
812 2186 1055 2226 auctoritate
1079 2187 1267 2240 Gregorii
1300 2188 1355 2227 sic
1388 2187 1578 2228 dicentis:

273 2256 435 2296 Fertur
457 2257 709 2309 symoniaca
737 2257 898 2297 heresis
923 2270 1002 2309 que
1018 2257 1166 2308 prima
1183 2264 1333 2296 contra
1358 2258 1579 2297 ecclesiam

217 2325 357 2369 30Dei
394 2325 606 2365 diabolica
639 2326 995 2378 supplantacione
1039 2327 1254 2377 surrepsit
1305 2333 1343 2365 et
1393 2327 1434 2365 in
1488 2328 1580 2378 ipso

272 2401 367 2433 ortu
420 2407 499 2433 suo
549 2396 639 2448 {elo
687 2396 920 2447 apostolice
974 2395 1156 2434 ulcionis
1193 2408 1408 2446 percussa
1455 2403 1581 2448 atque

273 2464 506 2516 dampnata
558 2470 633 2516 est⁷
685 2465 727 2504 in
780 2466 906 2518 regni
959 2465 1097 2504 nostri
1132 2464 1305 2517 finibus
1348 2464 1577 2505 dominari.

323 2619 350 2645 ς).
373 2612 400 2638 Α
421 2611 450 2638 in
472 2619 585 2646 marga
608 2610 783 2639 Conclusio,
905 2612 942 2639 13.
964 2610 1034 2638 Ain
1050 2619 1162 2646 marg:
1187 2610 1366 2638 Conclusio.
1489 2611 1523 2639 15.
1549 2613 1577 2640 A

269 2658 299 2684 in
320 2665 435 2692 marga
457 2657 634 2685 Conclusio.
755 2665 793 2684 21.
813 2657 842 2685 A
861 2657 917 2692 Al:
938 2656 1056 2684 XXIV:
1079 2657 1174 2684 deest.
1295 2664 1340 2690 24.
1362 2659 1390 2685 A
1410 2657 1439 2685 in
1461 2666 1576 2693 marg:

269 2703 303 2731 In
324 2703 416 2731 clero.
454 2705 483 2731 A
503 2704 524 2731 B
547 2704 577 2731 in
598 2712 712 2738 marga
735 2703 816 2731 Nota
834 2708 895 2731 tres
915 2704 1028 2739 gradus
1049 2703 1175 2731 heresiS.

330 2810 381 2844 28.
408 2811 506 2844 Decr.
535 2812 561 2843 ΙΙ
587 2821 677 2856 pars,
703 2821 794 2843 caus.
820 2812 843 2853 Ι,
870 2823 902 2856 q.
930 2813 954 2853 Ι,
980 2821 1052 2854 cap.
1081 2812 1229 2845 XXVIII.
