2051 3273
209 265 297 295 CAP.
314 256 440 314 xvnr]
716 271 775 302 DE
801 271 1037 303 ECCLESIA.

50 384 86 416 N
107 382 186 416 1881>
201 374 294 413 Non
319 374 441 413 debui
460 374 521 413 sic
543 373 722 423 dixisse;
753 374 827 413 sed
857 388 951 414 ecce
979 375 1145 415 domino
1178 377 1372 430 contigit:
1406 378 1514 417 dixit

199 449 237 481 et
260 442 447 495 perdidit
478 443 657 491 multos;
692 444 901 483 solacium
941 445 1081 497 itaque
1115 446 1155 484 in
1189 445 1354 485 domino
1387 447 1510 486 liabe-

201 525 325 551 amus
358 519 397 551 et
431 519 569 551 tamen
603 519 724 552 caute
746 513 871 552 verba
897 513 1101 555 dicamus.
1135 516 1235 554 Non
1259 515 1357 554 dicit
1379 517 1512 555 omni-

202 581 323 620 mode
336 588 555 621 taceamus
569 581 634 620 vel
649 583 867 622 veritatem
885 583 1116 624 dicentibus
1135 585 1399 633 resistamus,
1417 585 1515 638 quia

170 661 185 692 5
202 664 341 690 revera
370 651 425 690 sic
448 653 621 704 prodere
650 666 886 692 sermonem
907 653 996 703 Dei,
1028 654 1096 706 qui
1134 663 1194 693 est
1221 654 1368 693 veritas
1391 664 1429 693 et
1451 654 1514 693 lex

203 720 369 773 Christi,
388 720 493 760 foret
512 721 655 773 ipsum
670 722 858 774 prodere,
883 736 979 761 cum
1001 723 1051 762 sit
1067 723 1190 762 idern.
1217 724 1337 763 Unde
1351 723 1514 763 videtur

205 790 320 842 quod
352 790 480 829 nostri
513 790 696 843 pretensi
721 791 778 830 -de
810 800 924 843 parte
957 792 1121 831 dextera
1165 805 1318 845 sponse
1358 792 1512 832 Christi

205 858 277 910 qui
315 859 371 898 sic
409 861 595 911 produnt
641 860 856 899 veritatem
899 860 941 898 in
985 862 1185 900 membris
1230 862 1314 902 suis
1359 863 1513 903 habent

205 928 415 967 racionem
448 929 694 968 maioritatis
733 929 894 982 peccati
934 944 1060 982 super
1098 932 1245 970 ambos
1278 932 1510 984 proditores

151 1018 187 1039 10
205 997 358 1037 Christi
412 1008 496 1037 tam
557 999 656 1038 novi
708 1012 837 1051 quam
888 1000 1035 1038 veteris
1093 1002 1342 1041 testamenti.
1403 1003 1512 1041 Nam

206 1067 325 1118 plura
369 1067 568 1107 beneficia
618 1077 704 1107 tam
756 1068 988 1120 corporalia
1037 1082 1165 1121 quam
1217 1070 1447 1122 spiritualia
1490 1086 1513 1110 a

206 1136 373 1176 Christo
418 1147 670 1190 receperant,
715 1137 918 1176 maiorem
957 1138 1137 1177 veritatis
1182 1139 1382 1180 noticiam
1425 1149 1512 1179 tam

204 1219 251 1244 ex
287 1206 376 1258 lege
422 1205 575 1245 Christi
615 1220 743 1260 quam
782 1221 829 1246 ex
870 1207 985 1246 factis
1029 1207 1114 1247 suis
1163 1208 1405 1249 habuerant.
1460 1211 1512 1249 Et

202 1274 296 1314 ideo
329 1276 495 1315 racione
520 1276 688 1315 maioris
711 1276 1021 1329 ingratitudinis
1054 1286 1094 1316 et
1115 1278 1313 1330 peccandi
1338 1279 1512 1318 sciencie

150 1353 185 1386 15
201 1344 377 1396 Videtur,
402 1346 433 1384 si
458 1345 610 1385 fuerint
632 1346 673 1385 in
696 1346 843 1385 maiori
869 1346 1002 1398 gracia
1026 1348 1259 1386 secundum
1274 1357 1511 1400 presentem

201 1413 422 1466 iusticiam,
456 1416 573 1469 quod
604 1415 803 1455 maiorem
844 1416 1012 1468 culpam
1044 1417 1274 1468 incurrant3
1320 1426 1359 1457 et
1390 1417 1511 1457 istam

202 1485 418 1524 materiam
440 1486 572 1537 tangit
595 1486 738 1524 beatus
758 1485 994 1538 GregoriuS‚
1014 1486 1179 1526 Omelia
1200 1488 1355 1528 XVIIIa
1388 1501 1512 1539 super

200 1553 303 1593 illud
324 1554 522 1593 Johannis
545 1555 674 1605 VIIIO,
706 1555 781 1606 46:
812 1554 855 1594 Si
876 1556 1091 1595 veritatem
1125 1556 1229 1607 dico,
1262 1570 1396 1609 quare
1429 1570 1509 1595 non

201 1624 367 1663 creditis
400 1625 532 1663 mihi?
549 1626 690 1673 Multi,
723 1625 871 1678 inquit,
903 1632 1004 1664 sunt
1034 1625 1153 1665 lzodz'e
1185 1627 1256 1679 qui
1276 1626 1509 1665 Judeorum

144 1713 185 1734 20
201 1693 407 1733 duriciam
472 1694 747 1744 detestantur,
809 1696 907 1748 quia
953 1695 1292 1748 predicacionem
1355 1696 1512 1735 domini

198 1763 349 1803 audire
382 1765 609 1804 noluerant
630 1771 668 1803 et
690 1771 828 1804 tamen
862 1765 1008 1817 quales
1032 1766 1127 1804 illos
1150 1773 1346 1818 arguunt
1363 1766 1511 1819 fuisse

198 1833 254 1872 ad
273 1833 425 1886 fidem,
475 1835 580 1873 tales
612 1835 693 1887 ipsi
722 1840 823 1873 sunt
859 1834 915 1873 ad
952 1835 1257 1887 operacionem.
1309 1836 1509 1888 Precepta

198 1903 280 1942 Dei
329 1904 520 1954 audiunt,
574 1905 783 1943 miracula
825 1911 1100 1957 cognoscunt,
1136 1904 1211 1943 sed
1254 1906 1439 1945 converti
1483 1919 1508 1944 a

190 1974 474 2024 pravitatibus
506 1974 595 2013 suis
628 1980 826 2013 renuunt.

150 2051 181 2085 Ο
254 2044 321 2081 Ad.
353 2043 560 2082 decimam
591 2043 875 2083 raciunculam
907 2044 1195 2096 respondetur,
1237 2045 1507 2084 concedendo

199 2113 313 2165 quod
347 2113 516 2152 ecclesia
550 2122 610 2152 est
642 2113 772 2165 virgo.
806 2113 859 2152 Et
891 2113 1124 2166 allegantur
1152 2114 1203 2152 ad
1234 2114 1315 2153 hoc
1345 2115 1508 2154 decreta

199 2182 379 2233 ecclesie,
413 2191 452 2222 et
485 2182 541 2221 sic
565 2182 714 2222 dicitur
735 2183 1013 2233 iuvenescere,
1048 2196 1271 2234 senescere,
1306 2192 1344 2223 et
1376 2184 1508 2223 multa

197 2251 276 2291 alia
300 2252 510 2304 predicata
537 2252 709 2305 suscipit
730 2266 915 2305 quorum
936 2252 1148 2292 racionem
1172 2261 1338 2305 oportet
1361 2253 1505 2292 distin-

197 2332 339 2373 guere,
358 2321 448 2373 alia,
471 2322 620 2375 inquit,
644 2322 838 2362 dicuntur
860 2322 1028 2378 proprie
1050 2323 1100 2361 de
1125 2322 1305 2373 ecclesia,
1326 2331 1372 2362 ut
1391 2323 1507 2375 quod

139 2406 181 2438 30
196 2389 319 2430 habet
358 2391 617 2443 temporalia,
650 2391 866 2444 privilegia
910 2400 949 2431 et
985 2392 1174 2443 regulam
1204 2391 1383 2440 vivendi,
1428 2391 1506 2430 alia

196 2469 336 2500 autem
368 2460 563 2500 dicuntur
594 2461 644 2499 de
677 2461 846 2500 ecclesia
877 2460 1120 2514 improprie,
1164 2460 1435 2500 methaforice
1466 2469 1505 2500 et

248 2609 275 2637 8.
296 2610 324 2636 A
339 2609 395 2643 A1:
417 2609 559 2644 perdunt.
669 2616 710 2639 ¹4·
730 2609 759 2635 A
778 2609 833 2642 Al:
856 2607 1003 2643 peccandi
1018 2608 1104 2635 scire.
1232 2616 1271 2642 17.
1294 2610 1322 2636 A
1342 2609 1372 2636 in
1388 2616 1502 2644 marg.:

196 2655 377 2691 Gregorius.
532 2654 574 2682 25.
597 2655 624 2682 A
646 2655 676 2681 in
699 2662 814 2689 marg:
836 2654 951 2689 Quinta
971 2655 1143 2689 responsio.
1176 2654 1314 2682 Ecclesia
1341 2660 1386 2683 est
1405 2656 1503 2691 virgo,

196 2706 300 2735 mater,
320 2703 421 2730 vetula
442 2706 469 2729 et
490 2709 603 2737 sponsa
624 2705 679 2728 etc.
823 2699 868 2727 28.
889 2707 936 2734 29.
960 2701 1005 2727 A:
1027 2700 1227 2736 distinguere.

261 2819 310 2852 18.
338 2821 482 2863 Gregor.
507 2821 568 2852 XL
595 2819 888 2852 Homiliarum'in
913 2829 1036 2861 evang.
1061 2818 1118 2851 lib.
1145 2819 1168 2860 Ι,
1196 2820 1300 2853 Hom.
1325 2819 1446 2862 XVIII,
1473 2820 1502 2852 5.

198 2878 251 2910 26.
279 2880 452 2921 Compare
477 2889 510 2921 p.
542 2878 614 2910 115.
641 2879 663 2912 l.
692 2878 745 2910 23.

1523 2070 1564 2089 io.
1587 2062 1638 2099 My
1658 2071 1778 2099 oppon-

1541 2102 1591 2125 ent
1611 2098 1720 2125 allows
1741 2100 1792 2126 the

1574 2132 1743 2168 Scriptura!

1541 2175 1647 2194 names
1669 2167 1703 2194 of
1719 2170 1769 2195 the

1559 2202 1683 2230 Church
1708 2203 1759 2230 but

1540 2238 1777 2299 saysdtlfiiejtrlrgre

1552 2280 1708 2342 Ubetiveigy.
