2051 3273
222 184 301 223 356
943 199 1167 232 JOHANNIS
1194 199 1389 231 WYCLIF.
1619 185 1728 242 [CAP.
1753 195 1819 223 xv.

272 309 339 336 The
365 309 449 347 king,
514 314 583 340 rex
613 302 722 342 licite
754 312 893 355 potest
924 304 1083 343 auferre
1116 303 1360 356 temporalia
1405 318 1427 341 a
1459 304 1567 342 clero
1609 316 1684 341 suo
1716 302 1825 355 legio
1847 312 1977 355 178⁶X

228 344 344 409 shoiiglta]
359 352 486 407 etfflaffe
512 385 589 423 pro
623 381 891 425 contemptu;
930 374 1115 412 secundo
1156 373 1188 412 si
1227 387 1295 412 rex
1328 373 1568 412 dominatur
1600 372 1867 425 capitaliter2

512 454 637 492 super
668 455 795 495 regno
828 443 979 495 Anglie
1012 452 1051 482 et
1083 457 1191 495 papa
1223 443 1279 482 sic
1312 442 1484 482 civiliter
1522 441 1827 481 subdominans

510 510 575 548 vel
608 520 794 563 econtra;
848 511 974 551 tercio
1007 512 1040 550 si
1082 512 1215 551 forme
1244 511 1603 564 dampnacionum
1636 520 1675 551 et
1697 510 1824 550 facto·
1844 520 1870 552 3

510 592 604 618 rum
637 580 820 619 Romani
862 581 1072 634 pontificis
1115 582 1181 621 hic
1225 582 1391 621 recitate
1435 582 1518 621 sint
1561 582 1639 621 iuri
1684 581 1862 622 divino5

510 661 711 700 consone,
752 660 790 690 et
832 651 863 689 si
917 652 1088 691 clericus
1139 651 1245 704 regis
1298 652 1369 705 qui
1412 652 1478 690 vel
1530 664 1719 704 expresse
1763 651 1829 689 vel

509 720 784 758 mutescendo
833 722 1086 761 consenserit
1123 722 1287 761 videtur
1318 721 1360 759 in
1394 730 1690 774 contemptum
1722 720 1828 772 regis

512 796 550 826 et
601 789 718 841 regni
766 789 968 842 incidere3
1024 800 1174 843 quarto
1218 800 1359 830 autem
1407 791 1593 844 queritur
1636 805 1659 830 a
1700 790 1870 842 plano4

510 857 786 908 parliamento
818 860 937 913 regiS,
971 874 1067 900 cum
1101 870 1271 913 propter
1302 860 1505 900 maiorem
1536 869 1829 912 contemptum

515 926 566 965 sit
599 937 864 981 contemptor
902 930 1066 982 gravius
1112 930 1368 982 puniendus,
1415 939 1558 970 utrum
1600 929 1887 969 defendensxo

512 995 591 1035 ista
629 1010 818 1049 expresse
851 999 915 1038 vel
937 999 1059 1038 tacite
1083 1008 1227 1039 contra
1248 1013 1391 1052 regem
1412 1009 1452 1039 et
1482 1012 1660 1052 regnum
1682 999 1829 1038 debeat

516 1078 613 1105 cum
646 1066 726 1106 hoc
759 1068 1006 1121 participare
1039 1069 1277 1109 elemosinis
1310 1069 1425 1123 regni
1457 1069 1601 1108 nostri.
1655 1068 1830 1109 Videtur

515 1135 627 1174 enim
661 1138 790 1189 quod,
835 1137 866 1175 si
911 1151 1157 1177 susurrones
1202 1138 1445 1177 huiusmodi
1485 1151 1572 1177 non
1614 1145 1832 1190 expectant

512 1204 591 1243 nisi
639 1206 816 1246 subdole
866 1208 1148 1260 premittendo
1205 1208 1495 1261 preambulan]
1548 1208 1697 1247 horam
1752 1206 1831 1246 illis

514 1288 757 1328 congruam,
782 1278 952 1329 quando
976 1278 1157 1330 expulsis
1181 1278 1435 1317 secularibus
1459 1278 1642 1317 dominis
1671 1277 1833 1330 possint
1854 1283 1889 1316 15

514 1344 723 1384 dominari
757 1360 805 1385 ex
837 1346 998 1398 integro
1031 1347 1108 1386 toti
1140 1361 1283 1400 regno.

251 1432 345 1460 Some
366 1432 401 1460 of
417 1431 467 1459 the
575 1414 762 1455 Innuunt
807 1415 980 1468 quidam
1028 1418 1143 1469 quod
1186 1417 1341 1456 habent
1372 1425 1625 1469 potestatem
1657 1417 1708 1455 ad
1740 1416 1833 1466 hoc,

233 1470 491 1541 ῑῗῖἒὲἓιῗζεῖιυῇἶῖἒῑ
517 1497 645 1536 quam
696 1493 949 1536 potestatem
1002 1496 1155 1525 vocant
1216 1486 1469 1537 dominium,
1523 1495 1562 1526 et
1622 1500 1720 1525 cum
1765 1484 1835 1525 illa

221 1538 757 1607 asslffisstpgssfflssimmediate
802 1554 854 1594 sit
897 1556 993 1595 data
1024 1569 1046 1594 a
1080 1555 1247 1595 Christo
1303 1555 1375 1609 qui
1420 1557 1488 1595 dat
1532 1555 1705 1609 singulis
1750 1555 1834 1595 suis

515 1623 800 1663 sacerdotibus
873 1624 1103 1673 affluenter,
1179 1625 1248 1665 illa
1315 1634 1500 1678 potestas
1574 1634 1635 1665 est
1707 1625 1832 1678 prior,
1850 1640 1892 1661 20

514 1692 783 1745 principalior
831 1704 870 1733 et
915 1694 1126 1734 extencior
1159 1709 1289 1748 quam
1321 1705 1505 1748 potestas
1550 1695 1637 1734 iure
1670 1695 1830 1734 heredi-

515 1762 619 1802 tario
654 1763 819 1814 carnali,
865 1774 1100 1817 conquestu
1133 1766 1198 1803 vel
1231 1765 1353 1804 titulo
1397 1765 1616 1804 mundano
1661 1764 1833 1804 seculari

514 1832 690 1871 domino
724 1833 937 1885 acquisita.
989 1834 1041 1873 Et
1087 1835 1139 1873 ad
1182 1834 1262 1873 hoc
1296 1835 1455 1873 vadunt
1487 1843 1700 1886 quotquot
1733 1847 1832 1873 con-

515 1901 722 1941 clusiones
756 1916 860 1955 quas
894 1902 992 1942 false
1036 1913 1179 1943 contra
1211 1903 1461 1956 scripturam
1499 1903 1689 1956 discipuli
1712 1903 1832 1943 Anti-

516 1971 655 2010 christi
683 1971 866 2011 innuunt
899 1973 949 2011 ad
982 1973 1346 2025 perturbacionern
1380 1986 1607 2025 regnorum
1640 1982 1679 2012 et
1711 1973 1832 2012 dimi·
1851 1976 1891 2008 25

515 2041 744 2080 nucionem
787 2042 1001 2095 religionis
1046 2043 1279 2094 christiane,
1324 2043 1366 2081 in
1410 2051 1576 2082 tantum
1618 2043 1734 2095 quod
1778 2041 1836 2080 illi

516 2111 758 2150 Antichristi
793 2111 986 2164 discipuli
1018 2122 1116 2152 sunt
1149 2113 1343 2165 capitales
1376 2111 1534 2151 inimici
1564 2111 1644 2151 illis
1683 2112 1834 2165 quibus

516 2180 711 2220 videntur
776 2181 990 2221 carnaliter
1034 2181 1155 2233 affici,
1216 2181 1314 2235 quia
1357 2182 1563 2236 dyabolus
1608 2191 1647 2221 et
1690 2181 1835 2221 omnia

518 2251 705 2288 membra
728 2263 816 2301 sua,
849 2251 953 2290 sicut
985 2251 1026 2290 in
1060 2252 1267 2291 imitando
1291 2251 1366 2290 sibi
1389 2251 1489 2304 ipsis
1520 2251 1718 2291 continue
1747 2264 1835 2290 sese

517 2318 831 2371 dampnificant‚
880 2320 937 2359 sic
981 2321 1137 2360 obsunt
1181 2334 1275 2359 vere
1319 2321 1411 2373 paci
1455 2321 1635 2360 aliorum
1679 2320 1832 2374 quibus
1850 2323 1891 2355 30

517 2389 712 2428 videntur
767 2389 979 2441 proficere.
1042 2391 1237 2443 Allegant
1293 2400 1434 2429 autem
1484 2390 1588 2429 illud
1637 2390 1833 2443 Apostoli

518 2459 698 2497 Roman.
723 2458 851 2509 V1110,
878 2460 953 2499 32:
979 2460 1157 2512 Proprio
1175 2460 1275 2512 filio
1307 2473 1386 2499 suo
1421 2473 1502 2499 non
1528 2460 1736 2513 pepercit,
1759 2460 1835 2500 sed

512 2540 596 2579 pro
630 2526 748 2566 nobis
780 2529 976 2569 omnibus
1006 2530 1184 2569 tradidit
1205 2530 1338 2568 illum.
1374 2530 1591 2578 Quomodo
1624 2543 1705 2569 non
1738 2542 1833 2568 cum

520 2598 609 2648 ipso
647 2597 789 2635 omnia
837 2599 953 2638 nobis
1001 2599 1202 2639 donavit?
1241 2600 1293 2638 Et
1336 2600 1370 2638 1³
1412 2599 1601 2640 Corinth.
1636 2600 1725 2651 1110,
1762 2611 1838 2637 22:

575 2766 611 2793 13.
636 2767 670 2792 ss:
694 2767 719 2794 si
741 2768 880 2795 omnted.
1026 2778 1065 2804 17-
1086 2771 1113 2796 A
1134 2770 1163 2797 in
1187 2778 1302 2804 marga
1329 2770 1386 2797 Pro
1421 2769 1638 2798 dominacione
1659 2769 1739 2797 civili
1761 2770 1835 2797 cleri

522 2812 768 2841 fundamentum.
911 2823 950 2842 21.
972 2815 1000 2842 A
1022 2818 1077 2849 A,:
1100 2816 1263 2843 extensior.
