2051 3273
221 201 297 252 548
938 209 1161 241 JOHANNIS
1188 209 1382 241 WYCLIF.
1603 194 1709 253 [CAP.
1732 204 1825 233 xxu.

510 315 804 367 apostolorum
839 327 1015 353 suorum
1051 327 1133 352 non
1168 313 1317 352 darent
1351 312 1479 351 fidem
1515 314 1565 351 de
1598 314 1825 353 inutilitate
1845 323 1980 359 203¹³V

218 394 439 427 Theexampie
463 393 495 421 of
511 383 792 423 fundamenti.
826 384 922 423 Non
956 384 1069 422 enim
1103 392 1165 422 est
1198 396 1325 422 causa
1358 383 1551 423 evidens:
1578 381 1620 422 Si
1647 382 1825 436 Symon,

236 428 483 492 cffiiffuosnciiinancot
509 466 703 493 summus
751 454 946 493 sacerdos
989 452 1225 492 construxit
1269 452 1349 492 sibi
1394 460 1434 491 et
1480 452 1566 492 suis
1612 451 1826 491 edificium

220 497 643 562 Omwgiigriisttiiamfaltum
678 536 805 576 super
838 523 1113 576 sepulchrum
1148 535 1297 562 eorum
1332 530 1371 561 et
1404 522 1652 561 mirabiliter
1684 535 1828 574 sump-

510 602 682 632 tuosum
712 592 778 647 (ut
810 601 928 646 patet
961 592 1357 633 IMacchabeorum
1381 588 1534 646 X1110)‚
1573 604 1674 643 ergo
1708 592 1863 643 bene,5

510 662 620 702 sicut
659 672 718 702 est
757 663 950 702 evidens:
993 662 1036 702 Si
1071 661 1268 702 Christus
1308 671 1348 701 et
1380 661 1469 701 eius
1503 661 1686 713 apostoli
1726 662 1828 701 illud

510 732 757 784 omiserant,
807 746 907 785 ergo
955 733 1080 784 bene,
1128 745 1225 771 nam
1259 731 1448 784 regimen
1483 731 1652 770 illorum
1694 744 1828 771 sacer-

511 802 661 841 dotum
705 802 786 842 fuit
838 802 1081 854 presagium
1134 801 1440 841 destruccionis
1492 814 1706 853 synagoge
1747 814 1829 854 que

512 872 591 911 fuit
629 872 802 911 ecclesia
835 871 1090 924 Judeorum3
1132 880 1172 910 et
1217 870 1547 910 fundamentum
1581 871 1694 909 aliud
1729 883 1827 909 cum

514 942 599 981 suis
634 942 876 982 domesticis
902 941 979 980 fuit
1003 940 1308 981 indefectivum
1332 940 1589 994 principium
1624 948 1830 993 perpetue
1851 962 1889 984 10

513 1012 684 1052 ecclesie
727 1011 975 1063 christiane;
1023 1010 1151 1050 nichil
1191 1024 1291 1063 ergo
1330 1011 1441 1050 valet
1480 1010 1602 1049 nobis
1636 1009 1830 1049 fidelibus

513 1082 591 1121 nisi
627 1082 676 1121 de
713 1090 874 1135 quanto
906 1080 1031 1121 fuerit
1068 1080 1284 1120 fundabile
1321 1093 1370 1119 ex
1410 1080 1501 1132 lege
1534 1079 1715 1132 Christi3
1759 1080 1832 1119 sed

513 1164 609 1191 cum
634 1165 682 1190 ex
714 1153 805 1204 lege
836 1150 996 1191 Christi
1020 1159 1060 1190 et
1089 1150 1180 1203 lege
1203 1149 1375 1189 ecclesie
1399 1157 1514 1202 patet
1546 1150 1662 1201 quod
1687 1150 1832 1189 obser-

513 1222 659 1261 vancie
683 1222 733 1260 de
767 1230 928 1274 quanto
963 1221 1056 1273 plus
1090 1220 1297 1259 accedunt
1321 1219 1371 1258 ad
1396 1227 1553 1259 statum
1588 1218 1833 1258 innocencie

515 1301 554 1332 et
587 1292 729 1331 minus
764 1291 1017 1330 intricantur
1049 1303 1145 1329 cum
1181 1289 1358 1340 mundo,
1389 1289 1603 1329 imitantes
1637 1289 1832 1328 volunta·
1855 1300 1890 1333 15

515 1370 601 1400 tem
639 1361 730 1412 Dei,
766 1361 973 1401 direccius
1015 1360 1378 1413 preponderantes
1410 1358 1452 1397 in
1492 1373 1637 1398 amore
1672 1360 1831 1399 bonum

515 1430 801 1482 communius,
846 1440 962 1483 patet
1010 1430 1124 1483 quod
1172 1429 1444 1468 observancia
1491 1429 1688 1482 opposita
1735 1430 1833 1469 ritui

514 1514 641 1554 quern
677 1501 863 1540 mundus
897 1501 938 1539 in
973 1500 1062 1539 istis
1103 1499 1231 1551 exigit
1271 1507 1334 1538 est
1374 1499 1465 1551 ipso
1499 1499 1662 1538 melior.
1711 1500 1834 1539 Unde

515 1569 581 1625 (ut
626 1569 762 1624 tetigi)
811 1570 906 1610 talia
960 1569 1223 1609 memorialia
1270 1579 1364 1622 post
1409 1577 1602 1608 mortuos
1636 1569 1833 1608 derelicta

515 1641 579 1679 vel
626 1650 780 1680 nocent
825 1640 883 1679 eis
928 1640 991 1679 vel
1032 1640 1173 1679 minus
1207 1639 1265 1678 eis
1299 1638 1525 1692 proficiunt
1566 1652 1695 1691 quam
1733 1652 1831 1692 pur·
1851 1658 1892 1679 20

516 1711 665 1762 gandis
711 1710 971 1763 pauperibus
1011 1710 1051 1748 in
1094 1709 1233 1761 gracia
1266 1709 1478 1762 ampliori,
1511 1723 1658 1762 ymmo
1692 1708 1833 1748 minus

516 1793 643 1833 quam
678 1781 826 1820 ceteris
861 1779 1034 1833 paribus
1068 1792 1216 1818 eorum
1243 1779 1494 1819 destruccio.
1520 1779 1562 1818 Si
1588 1779 1699 1817 enim
1732 1778 1833 1817 tales

518 1850 675 1889 mortui
709 1859 808 1889 sunt
847 1849 1032 1902 presciti,
1068 1858 1168 1888 tunc
1202 1849 1301 1888 talia
1334 1848 1594 1888 memorialia
1636 1848 1835 1887 derelicta

518 1929 617 1958 sunt
651 1919 812 1959 fructus
846 1919 1007 1972 peccati
1041 1919 1105 1958 sui
1139 1919 1179 1958 in
1214 1919 1414 1971 spiritum
1438 1927 1653 1969 sanctum,
1679 1918 1711 1957 si
1737 1926 1836 1957 sunt

518 1990 810 2042 predestinati,
856 1998 958 2029 tunc
1009 1998 1109 2028 sunt
1155 1988 1317 2028 fructus
1351 2002 1425 2028 sue
1459 1987 1698 2027 affeccionis
1741 1997 1893 2040 pro-25

518 2060 715 2112 prietarie
749 2059 1037 2112 expurgande,
1078 2068 1117 2098 et
1150 2059 1325 2098 indubie
1357 2072 1520 2111 pauper
1554 2058 1761 2097 decedens
1796 2058 1835 2096 in

519 2130 669 2169 maiori
717 2129 868 2182 gracia,
916 2142 1011 2168 cum
1059 2129 1209 2168 melius
1254 2142 1356 2168 usus
1403 2128 1483 2168 fuit
1530 2128 1838 2180 temporalibus

519 2199 608 2239 istis
647 2200 803 2252 quibus
849 2199 988 2238 verius
1029 2199 1273 2238 dominatus
1310 2207 1386 2250 est,
1429 2198 1522 2250 plus
1565 2197 1839 2250 participabit

520 2270 560 2308 in
606 2269 854 2322 purgatorio
900 2282 1044 2308 eorum
1081 2267 1240 2318 fructu,
1290 2268 1482 2307 dominio
1537 2268 1737 2307 devoluto
1786 2267 1837 2305 ab

521 2348 703 2392 utroque
748 2339 799 2378 ad
845 2339 1084 2389 dominum,
1129 2347 1232 2390 aput
1275 2351 1405 2390 quem
1452 2351 1536 2376 non
1573 2346 1713 2390 potest
1746 2349 1836 2376 esse
1856 2344 1897 2376 30

520 2409 715 2461 accepcio
749 2422 1044 2461 personarum.
1087 2408 1322 2456 Quomodo
1357 2416 1582 2447 excusatur
1615 2413 1839 2459 peccatum

521 2491 607 2530 quo
641 2487 817 2531 propter
856 2477 1129 2517 affeccionem
1164 2477 1425 2517 mundialem
1460 2477 1524 2515 vel
1565 2476 1837 2515 affeccionem

522 2548 846 2601 proprietariam
872 2548 1080 2587 carnalem
1103 2548 1206 2587 ritus
1233 2548 1323 2586 talis
1349 2546 1602 2599 preponitur
1626 2554 1665 2584 et
1685 2545 1838 2584 modus

523 2618 699 2657 faciendi
747 2618 1080 2671 exproprietarie
1127 2617 1384 2668 vivencium,
1432 2624 1472 2655 et
1519 2616 1680 2654 bonum
1724 2627 1838 2653 com-

523 2689 694 2728 munius
727 2689 821 2741 plus
856 2687 1127 2740 diligencium
1162 2687 1291 2726 stulte
1325 2681 1626 2739 postponitur?
1859 2693 1896 2726 35

574 2797 599 2817 2.
616 2790 656 2817 B:
674 2795 735 2817 tarn
748 2790 886 2818 evidens.
993 2789 1018 2817 5.
1036 2788 1073 2815 B:
1091 2796 1162 2823 ergo
1175 2804 1207 2808 —
1219 2789 1389 2817 omiserant
1404 2787 1497 2814 deest.
1607 2793 1633 2820 7.
1654 2784 1691 2811 ss:
1709 2792 1837 2820 regnum

522 2837 646 2864 illorum
669 2837 735 2864 suit.
829 2845 864 2863 12.
887 2845 923 2863 ex
943 2837 1069 2863 deestin
1083 2836 1173 2862 codd.
1265 2834 1312 2862 26.
1334 2835 1372 2861 B:
1395 2832 1595 2869 expui-gande
1618 2847 1646 2851 -
1668 2831 1725 2859 fuit
1747 2831 1840 2858 deest.
