2051 3273
204 217 293 245 CAP.
316 206 412 263 xm]
693 219 753 250 DE
779 220 1011 252 ECCLESIA.
1720 211 1798 250 325

52 335 81 367 Τ
111 333 188 378 174b
203 324 355 376 Deum,
388 325 459 363 sed
497 338 582 363 non
615 334 780 377 oportet
812 326 844 364 si
877 324 1183 365 confirmaverit
1215 324 1512 377 imperatorem

202 394 316 446 quod
347 393 436 446 ipse
467 393 519 434 sit
551 394 823 434 excellencius
854 394 1095 447 imperator,
1140 394 1238 448 quia
1269 403 1368 434 tunc
1408 394 1513 434 foret

201 463 447 515 coniugatus
480 471 519 503 et
551 463 690 502 omnis
722 464 891 504 ordinis.
940 463 1056 503 Sicut
1088 477 1187 516 ergo
1219 464 1332 502 Deus
1375 473 1513 517 potest

200 531 386 572 conferre
410 532 522 572 alteri
547 533 943 573 denominacionem
966 542 1158 585 creatam,
1179 533 1275 573 licet
1296 534 1338 572 in
1361 547 1402 572 se
1424 547 1511 573 non

109 601 347 654 174⁰babeat
395 601 633 641 ha11c÷÷ve1
675 603 815 654 talem,
860 603 931 641 sed
975 602 1098 641 habet
1140 603 1183 641 in
1228 616 1270 642 se
1313 602 1511 642 virtutem

200 670 551 722 excellenciorem,
585 671 642 711 sic
675 680 735 711 est
767 672 816 711 de
846 671 1066 724 prepositis
1095 672 1276 711 ecclesie.
1310 673 1395 712 Nec
1418 686 1510 711 mo-

198 749 265 779 vet
297 740 577 780 consideracio
611 741 660 780 de
698 742 895 793 monade,
927 743 1024 796 quia
1070 743 1183 782 solus
1217 741 1407 783 Christus
1450 752 1511 783 est

200 819 325 862 caput
346 810 588 849 universalis
612 810 792 864 ecclesie,
817 812 1003 851 sanccior
1024 812 1065 851 in
1089 812 1197 851 clero
1215 811 1434 864 militante,
1458 814 1509 852 ad

199 879 316 919 cuius
351 880 550 919 ducatum
582 879 716 919 maior
747 894 841 933 pars
874 881 1089 921 militantis
1121 881 1291 921 ecclesie
1322 882 1510 922 ambulat

143 968 181 988 10
197 950 281 988 vias
305 949 479 1000 domini,
509 958 570 989 est
599 959 723 1002 caput
754 950 970 990 militantis
994 951 1161 990 ecclesie
1194 951 1334 1004 quoad
1355 952 1506 993 Deum.

147 1027 182 1059 V
254 1018 335 1058 Sed
385 1019 452 1058 ille
503 1019 544 1057 in
599 1032 725 1072 quem
781 1019 965 1059 militans
1029 1020 1198 1060 ecclesia
1252 1022 1509 1061 consenserit
1574 1026 1658 1061 Pone
1677 1027 1738 1054 and

196 1097 241 1128 ut
272 1089 494 1141 primatem
525 1097 585 1127 est
617 1097 742 1141 caput
773 1088 989 1128 militantis
1023 1090 1191 1130 ecclesie
1215 1091 1355 1144 quoad
1381 1105 1505 1131 mun·
1521 1060 1794 1133 Cgffilrvgrgnriffivcey

196 1158 309 1197 dum.
362 1157 405 1196 In
439 1157 519 1196 alio
552 1165 694 1197 autem
730 1172 879 1211 genere
921 1159 1124 1211 primatus
1164 1168 1225 1199 est
1267 1159 1505 1213 imperator,
1528 1129 1581 1157 but
1600 1131 1791 1200 magam

195 1235 235 1265 et
266 1225 322 1265 sic
361 1234 448 1265 tam
486 1240 595 1279 papa
627 1240 755 1279 quam
786 1227 1015 1280 imperator
1048 1237 1224 1282 uterque
1256 1230 1368 1269 alteri
1407 1230 1504 1270 sub-

142 1295 338 1347 15iectu8,
390 1295 461 1334 sed
505 1309 613 1348 papa
654 1296 895 1348 simpliciter
937 1297 1125 1350 superior
1171 1298 1203 1336 si
1247 1312 1334 1338 non
1377 1309 1507 1352 ponat

195 1364 571 1404 contradiccionem
606 1364 648 1403 in
680 1365 865 1408 nomine.
900 1367 951 1406 Et
974 1367 1079 1406 sicut
1110 1368 1280 1407 materia
1302 1369 1435 1421 prima
1467 1378 1506 1409 et

193 1432 328 1473 forma
369 1442 467 1474 sunt
514 1434 599 1473 duo
643 1448 793 1487 genera
838 1449 1058 1475 causarum
1098 1450 1278 1489 quarum
1316 1447 1376 1477 est
1409 1440 1504 1479 dare

191 1502 408 1542 materiam
446 1517 614 1543 causam
654 1504 835 1557 primam
874 1505 915 1543 in
947 1519 1025 1545 suo
1058 1519 1220 1558 genere,
1253 1516 1292 1546 et
1324 1507 1504 1548 formam

191 1586 357 1612 causam
395 1572 575 1625 primam
607 1573 649 1611 in
681 1587 758 1613 suo
797 1587 959 1626 genere,
999 1584 1038 1614 et
1074 1576 1286 1615 mundum
1318 1576 1505 1629 primum

134 1662 175 1683 20
192 1654 239 1680 ex
276 1641 333 1680 eis
366 1642 652 1695 compositum
684 1652 865 1696 utroque
903 1657 1052 1694 genere
1084 1644 1407 1698 perfeccionum,
1446 1648 1502 1688 sic

191 1718 251 1749 est
281 1710 323 1749 in
357 1711 595 1751 elementari
630 1712 944 1765 composicione
976 1714 1195 1754 militantis
1230 1715 1409 1756 ecclesie.

248 1780 368 1820 Unde
411 1780 518 1820 absit
548 1779 716 1820 fidelem
748 1783 910 1821 credere
954 1784 1069 1836 quod
1101 1783 1277 1836 quilibet
1307 1786 1500 1826 sacerdos
1532 1797 1712 1832 According
1734 1803 1765 1825 ιο

190 1848 342 1888 Christi
374 1847 436 1903 (in
458 1859 666 1903 quantum
687 1850 951 1908 huiusmodi)
985 1852 1036 1892 sit
1069 1853 1259 1906 superior
1290 1854 1330 1893 in
1362 1830 1786 1904 ἀοιῃί-Πῐιὲποιῑῗὲιῖιὲἶτξὲξῗ

188 1918 362 1958 nacione
395 1918 501 1958 civili
532 1933 659 1973 quam
691 1921 841 1974 aliquis
872 1935 942 1961 rex
973 1922 1038 1961 vel
1069 1922 1268 1963 dominus
1292 1925 1499 1978 secularis,
1513 1908 1786 1978 wgffiestg’ffisffiy

130 2000 169 2032 25
188 1996 234 2027 ut
282 1988 380 2028 dicit
423 1988 572 2028 doctor
614 1990 836 2042 predictus.
889 1990 930 2030 Si
982 2000 1122 2031 tamen
1174 2006 1283 2045 papa
1331 1969 1783 2035 haberetabovetlxeh1ng;

186 2058 527 2098 dominacionem
558 2059 674 2099 illam
706 2060 948 2100 immediate
980 2075 1003 2100 a
1036 2061 1204 2101 Christo
1249 2071 1288 2102 et
1320 2076 1406 2102 non
1451 2078 1499 2103 ex

185 2127 308 2167 titulo
355 2128 582 2168 elemosine
628 2129 789 2182 cesaris,
843 2143 927 2169 non
972 2130 1094 2170 video
1140 2131 1241 2184 quin
1287 2142 1499 2185 oporteret

188 2198 415 2237 concedere
459 2201 574 2252 quod
629 2213 737 2252 papa
793 2208 831 2239 et
875 2208 1014 2240 totum
1056 2215 1188 2254 genus
1233 2203 1497 2243 sacerdotum

188 2266 476 2307 dominaretur
507 2268 745 2308 seculariter
776 2283 901 2322 super
922 2269 1111 2323 singulos
1142 2284 1257 2323 reges
1291 2280 1409 2324 terre,
1441 2272 1497 2312 ita

128 2346 169 2378 30
185 2337 301 2389 quod
333 2337 439 2376 sicut
470 2338 653 2391 quelibet
676 2338 912 2391 superficies
945 2339 1095 2379 dicitur
1116 2339 1327 2380 infinitum
1361 2341 1496 2381 maior

185 2418 313 2458 quam
347 2405 468 2459 linea,
508 2407 565 2446 sic
598 2407 780 2460 quelibet
813 2408 1035 2448 sacerdotis
1082 2409 1321 2449 dominacio
1366 2410 1495 2450 civilis

185 2474 289 2513 foret
310 2474 520 2515 infinitum
555 2475 689 2515 maior
711 2490 837 2529 quam
871 2477 1010 2535 aliqua
1033 2478 1272 2518 dominacio
1295 2480 1493 2533 principis

184 2543 388 2584 secularisi
429 2545 482 2584 Et
513 2553 651 2597 potest
682 2545 763 2584 hoc
796 2545 1044 2597 confirmari,
1090 2560 1186 2586 cum
1218 2549 1410 2588 sacerdos
1455 2558 1494 2589 et

235 2690 262 2717 ὁ.
283 2691 344 2719 ΑΒ
360 2692 389 2719 in
406 2699 520 2726 marg:
534 2691 615 2719 Nota
631 2692 666 2719 de
683 2691 794 2727 triplici
808 2692 919 2727 capite.
1028 2701 1053 2728 7.
1076 2693 1222 2730 monade,
1237 2693 1267 2721 id
1283 2699 1343 2721 est:
1366 2695 1491 2722 unitate.

182 2745 214 2765 ιι.
228 2736 248 2763 Β
261 2737 290 2764 in
303 2745 417 2773 marg:
433 2737 513 2765 Nota
529 2739 606 2765 bene
621 2743 712 2774 caput
727 2738 853 2766 ecclesie
867 2739 1034 2766 militantis.
1144 2747 1188 2767 22.
1200 2741 1226 2767 A
1239 2740 1268 2767 in
1282 2748 1395 2775 marg:
1411 2741 1491 2769 Nota

181 2783 338 2817 quomodo
353 2784 502 2817 Christus,
517 2785 678 2819 quomodo
689 2793 768 2819 papa
781 2789 807 2812 ct
818 2786 977 2820 quomodo
992 2785 1162 2821 imperator
1174 2787 1352 2821 suntcapila
1362 2787 1489 2815 ecclesie

182 2830 301 2862 (Above
317 2837 381 2866 1740
400 2831 526 2859 without
540 2833 626 2859 mark
640 2832 673 2859 of
685 2832 862 2866 reference).
940 2831 983 2860 33.
998 2833 1026 2860 A
1041 2833 1070 2860 in
1093 2842 1207 2869 marga
1228 2833 1307 2861 Nota
1322 2833 1489 2861 racionem.
