2051 3273
188 200 277 229 CAP.
299 189 395 247 xxi]
691 204 751 235 DE
778 204 1012 235 ECCLESIA.

39 320 73 351 H
100 323 174 363 ¹97⁰
189 308 378 361 deferre,
403 321 506 361 ergo
529 309 570 347 in
597 308 686 347 istis
709 308 828 346 nullo
852 307 975 346 modo
998 308 1266 359 imprimitur
1284 315 1494 347 caracter.

188 377 443 427 Dicendum,
495 377 643 430 inquit,
696 377 809 429 quod
853 377 1049 416 omnibus
1092 376 1317 416 ordinibus
1364 377 1499 416 datur

182 453 373 498 potestas
404 448 469 485 vel
499 447 739 499 spiritualis
771 446 822 485 de
860 459 905 485 se
941 446 1006 486 vel
1037 445 1094 485 ad
1123 446 1394 499 spiritualem
1428 459 1495 485 or-

187 515 352 556 dinans.
393 515 512 555 Unde
542 522 730 568 potestas
769 516 961 555 hostiarii
1000 522 1062 555 est
1094 516 1150 554 ad
1189 515 1495 554 admittendum

153 596 167 626 5
187 586 374 624 homines
406 585 462 624 ad
489 585 676 624 divinum
699 585 976 637 sacrificium,
1000 591 1195 637 potestas
1218 584 1388 624 lectoris
1412 598 1494 624 non

185 655 325 694 solum
359 654 416 693 ad
449 654 723 694 excitandum
757 654 995 693 auditorem
1036 655 1305 702 exteriorem,
1348 667 1494 694 verum

185 725 318 764 eciam
352 725 612 775 interiorem,
647 730 684 763 et
714 724 775 763 sic
807 723 857 763 de
890 723 1000 763 aliis.

103 803 121 835 Ι
146 803 170 835 2
242 795 435 834 Secundo
468 794 524 833 sic
556 794 757 846 arguitur:
781 794 983 832 Caracter
1005 800 1066 832 est
1085 793 1361 846 signaculum
1385 793 1497 846 quod

184 864 352 916 respicit
394 864 459 902 i'el
500 863 623 902 habet
654 863 840 915 imprimi
882 864 923 902 in
957 864 1177 916 ymagine
1218 862 1275 903 ad
1304 862 1494 916 configu-

130 933 367 973 10randum
411 934 547 985 ipsam
579 933 694 983 Deo‚·
734 933 809 972 secl
839 939 958 972 actus
991 931 1258 984 quorundam
1297 931 1495 971 ordinum

182 1005 321 1043 solum
371 1010 472 1043 sunt
521 1003 633 1042 circa
687 1003 918 1042 ministeria
971 1002 1194 1055 inferiora,
1246 1015 1348 1055 ergo
1399 1014 1495 1040 cum

183 1074 285 1112 talia
319 1087 399 1112 non
432 1080 623 1125 spectant
653 1073 708 1111 ad
739 1072 1125 1125 configuracionem
1158 1072 1298 1119 liuius,
1332 1070 1496 1111 videtur

182 1143 294 1196 quod
332 1143 372 1181 in
406 1143 487 1182 illis
522 1143 666 1181 nullus
702 1148 896 1181 caracter
927 1142 1197 1194 imprimitur.
1242 1140 1494 1190 Dicendum,

182 1213 330 1266 inquit,
351 1213 462 1265 quod
483 1219 677 1251 caracter
698 1211 859 1251 ordinis
894 1218 938 1250 ut
968 1212 1283 1251 conservativus
1305 1211 1493 1250 animam

129 1286 166 1318 15
182 1284 424 1337 configurat
438 1283 528 1322 Deo
549 1282 1052 1334 secundumymaginem
1067 1281 1190 1333 quasi
1210 1281 1493 1321 assimilatam

183 1353 288 1402 Deo,
321 1352 433 1406 quod
455 1353 675 1405 potissime
693 1352 753 1405 fit
779 1352 820 1390 in
850 1351 997 1390 ordine
1023 1364 1238 1403 supremo,
1265 1351 1331 1390 vel
1357 1349 1493 1390 dicen-

182 1422 283 1461 dum
305 1421 416 1474 quod
438 1423 578 1474 magis
597 1421 775 1474 proprie
797 1421 1094 1474 configuratur
1116 1420 1199 1460 tale
1219 1420 1492 1473 signaculum

186 1492 365 1531 Christo.
396 1491 513 1531 Unde
545 1505 639 1531 cum
666 1491 857 1530 Christus
891 1490 1046 1543 triplex
1068 1490 1262 1529 habuerit
1288 1489 1491 1542 officium,

181 1562 338 1602 scilicet
389 1562 571 1600 ministri
626 1562 666 1600 in
719 1560 898 1613 agendo,
943 1559 1110 1613 pugilis
1171 1560 1212 1598 in
1267 1559 1490 1611 paciendo,

124 1642 166 1663 20
181 1631 458 1684 redemptoris
502 1632 542 1670 in
588 1631 817 1680 moriendo,
863 1631 1018 1682 triplex
1046 1629 1144 1683 fuit
1173 1636 1490 1668 sacramentum

177 1701 409 1740 secundum
443 1701 554 1754 quod
583 1701 704 1740 lzomo
736 1713 811 1739 con
844 1706 1033 1753 guratur
1058 1700 1118 1739 sic
1156 1698 1322 1738 Christo
1356 1699 1490 1751 tripli-

178 1771 302 1820 citer‚·
346 1770 455 1809 unde
497 1777 660 1809 tantum
693 1776 755 1809 est
786 1769 942 1821 triplex
982 1775 1300 1808 sacramentum
1333 1770 1375 1808 in
1408 1782 1489 1821 quo

162 1840 221 1893 fit
251 1841 480 1880 caracteris
513 1840 746 1892 impressio,
782 1839 893 1878 Nam
926 1838 1158 1890 baptismus
1190 1838 1491 1891 configuratur

179 1911 372 1949 morienti
408 1917 447 1949 et
483 1909 716 1958 redimenti,
757 1908 865 1948 unde
902 1909 1105 1960 sepelitur
1136 1907 1257 1946 homo
1295 1908 1336 1946 in
1378 1921 1488 1947 mor-

123 1978 161 2010 25
178 1986 271 2018 tem.
310 1980 590 2033 Confirmacio
634 1992 731 2018 vero
775 1991 850 2017 con
883 1984 1071 2030 guratur
1094 1977 1281 2030 pacienti
1312 1984 1350 2016 et
1373 1991 1488 2031 pug—

179 2050 309 2098 nanti,
354 2049 442 2088 ideo
483 2050 655 2102 signum
699 2048 836 2087 crucis
872 2048 931 2101 fit
968 2047 1008 2085 in
1037 2047 1204 2100 fronte.
1262 2046 1343 2086 Sed
1385 2047 1488 2087 ordo

178 2119 477 2172 configuratur
520 2118 779 2157 ministranti
809 2124 848 2156 et
884 2117 1089 2170 operanti,
1132 2118 1241 2156 sicut
1284 2117 1489 2170 magister

178 2187 356 2227 ostendit
406 2189 447 2227 in
501 2189 637 2236 litera,
689 2194 727 2227 et
777 2187 875 2240 quia
926 2187 967 2226 in
1019 2187 1212 2226 omnibus
1269 2187 1486 2228 ordinibus

178 2246 477 2311 configuratur
498 2258 676 2297 clericus
704 2256 866 2296 Christo
894 2256 1128 2296 secundum
1144 2257 1248 2308 plus
1272 2264 1310 2296 et
1332 2258 1485 2306 minus,

138 2327 268 2366 3ideo
301 2328 341 2366 in
375 2327 567 2366 omnihus
601 2327 684 2366 illis
717 2332 910 2365 caracter
943 2326 1212 2377 imprimitur.
1256 2326 1406 2365 Tercio
1429 2327 1486 2365 sic

230 2504 254 2523 2.
276 2496 304 2524 A
324 2497 353 2523 in
375 2504 489 2531 margi:
510 2496 696 2532 Responsio.
806 2496 841 2523 15.
863 2496 891 2522 A
912 2495 941 2523 in
958 2503 1074 2531 marga
1096 2495 1280 2531 Responsio.
1389 2495 1429 2523 18.
1450 2496 1484 2522 In

178 2545 287 2573 codd.:
310 2543 426 2570 habuit.
534 2549 575 2569 22.
591 2543 619 2569 A
635 2543 664 2569 in
681 2550 795 2576 marg:
817 2541 953 2569 Tantum
974 2542 1003 2568 in
1019 2542 1115 2569 tribus
1131 2541 1335 2569 sacramentis
1350 2547 1486 2569 caracter

177 2590 375 2626 imprimitur.
519 2588 565 2616 28.
586 2590 613 2616 A
633 2589 663 2615 in
685 2596 798 2622 Νίκη-,κε
826 2588 935 2615 Utrum
961 2587 991 2615 in
1012 2587 1141 2623 singulis
1166 2587 1327 2615 ordinibus
1349 2592 1485 2615 caracter

177 2636 366 2671 imprimitur
386 2635 501 2669 (Below
523 2640 587 2670 197⁰
607 2634 736 2662 without
756 2635 842 2661 mark
862 2634 897 2661 of
914 2633 1091 2669 reference).

240 2763 289 2793 14.
306 2754 551 2784 Bonaventura
566 2753 585 2783 l.
602 2763 629 2784 c.
644 2759 681 2784 ut
696 2758 747 2783 est
762 2751 998 2783 conservantis
1013 2752 1175 2784 animam.
1273 2762 1324 2794 27.
1342 2753 1394 2783 28.
1412 2762 1483 2783 ma-

177 2810 283 2852 gister
308 2809 470 2842 ostendit.
500 2812 628 2842 Bonav.
656 2811 676 2841 Ι.
703 2820 747 2841 c.z
777 2810 864 2841 sicut
888 2816 979 2841 recte
1005 2810 1168 2841 ostendit.

1706 195 1777 233 501
