2051 3343
176 240 229 280 94
884 235 1106 269 JOHANNIS
1134 235 1332 268 WYCLIF.
1626 219 1732 277 [CAP.
1743 229 1782 257 v.

456 344 557 382 tales
601 342 867 395 particulares
914 340 1101 380 ecclesie:
1156 340 1251 379 ideo
1300 339 1462 378 decreta
1515 337 1684 377 ecclesie
1729 344 1923 388 et141¹³B

458 412 587 452 sancti
620 413 813 451 doctores
845 423 931 449 non
964 410 1118 449 debent
1148 422 1298 448 vocare
1330 408 1444 447 illam
1476 407 1770 460 particularem

457 491 496 522 et
527 494 757 535 pauperem
779 480 996 520 ecclesiam
1019 480 1074 519 sic
1106 487 1281 518 artatam
1303 477 1345 517 in
1367 477 1523 529 angulo
1556 476 1773 517 ecclesiam

457 560 645 591 sanctam
684 550 943 590 catholicam.
978 550 1313 601 Verumptamen
1353 547 1385 586 si
1425 561 1533 600 papa
1576 556 1623 587 ut
1670 546 1773 586 olim

457 630 570 674 regat
612 621 729 659 illam
773 620 1006 659 secundum
1038 619 1175 671 legem
1220 617 1374 658 Christi
1412 616 1693 670 principaliter
1736 624 1807 657 et5

169 546 270 574 which
286 546 369 580 Pope
382 545 442 572 and

170 581 334 608 Cardinals
373 589 443 616 may

205 620 365 650 represent
387 615 411 642 if

234 651 304 685 they
324 650 389 677 rule

240 685 364 720 rigntly.
459 690 683 743 capitaliter
714 697 801 728 tam
832 689 875 728 in
897 689 1085 729 moribus
1118 701 1246 742 quam
1277 688 1320 726 in
1353 687 1489 726 dubiis
1522 686 1775 738 decidendis,

457 769 557 799 tunc
592 773 689 799 cum
724 772 801 798 suo
847 758 1022 812 collegio
1066 766 1205 811 potest
1237 757 1317 796 dici
1349 756 1576 797 virtualiter
1609 757 1773 796 univer-

458 829 552 868 salis
576 829 801 869 ecclesiain
821 828 981 868 effectu.
1007 829 1087 868 Sed
1118 827 1194 867 hec
1227 836 1287 867 est
1310 827 1450 867 solum
1481 841 1555 880 per
1585 826 1774 866 accidens

459 899 699 951 dependens
732 899 782 937 ab
815 912 940 952 opere
973 907 1013 938 et
1044 911 1131 937 non
1164 912 1186 936 a
1218 898 1334 936 nudo
1367 896 1553 936 nomine.

169 962 228 1025 gfff
248 960 444 1029 ζξᾯῑὸξξξξῖ
515 970 637 1009 Unde
685 967 750 1023 (ut
772 968 855 1007 dixi
888 965 1098 1023 superius)
1133 968 1247 1007 solus
1281 967 1471 1007 Christus
1502 974 1641 1019 potest
1688 979 1833 1005 essem

459 1047 583 1091 caput
623 1038 793 1078 ecclesie
834 1047 972 1078 sancte
1018 1038 1234 1078 catholice.
1268 1037 1373 1089 Ipsa
1418 1037 1530 1077 enim
1570 1035 1635 1089 (ut
1678 1035 1776 1074 dicit

457 1109 720 1160 Augustinus
752 1109 794 1147 in
833 1108 1010 1160 epistola
1053 1109 1104 1147 ad
1149 1107 1411 1161 Dardanum)
1444 1104 1569 1146 lzdbet
1615 1105 1774 1145 solum-

460 1179 585 1218 modo
620 1193 749 1217 unum
785 1186 936 1231 caput‚·
969 1192 1043 1218 nec
1067 1186 1210 1217 movet
1242 1178 1359 1231 quod
1380 1176 1614 1230 respublica
1654 1175 1779 1214 habet

461 1249 757 1301 imperatorem
803 1258 842 1288 et
886 1262 1040 1301 papam
1087 1247 1222 1300 capita
1266 1261 1402 1287 unum
1453 1245 1776 1286 subordinatum

460 1319 575 1358 alteri
610 1317 675 1373 (ut
706 1318 985 1371 exemplificat
1019 1318 1218 1357 dominus
1251 1314 1576 1369 Ardmacanus).
1798 1321 1834 1353 15

172 1388 447 1458 ἓῇθξέῗξίξυῖξιῡξιξὲ
518 1390 628 1427 Nam
661 1397 786 1441 caput
816 1388 952 1427 tocius
985 1388 1155 1427 ecclesie
1194 1396 1362 1440 oportet
1400 1386 1526 1425 simul
1563 1385 1605 1423 in
1644 1397 1779 1424 unum

207 1460 420 1485 secum-sule.
462 1459 697 1511 exemplare
736 1467 823 1498 tam
867 1458 1079 1511 spirituale
1118 1472 1246 1511 quam
1290 1456 1473 1496 seculare
1504 1468 1696 1509 regnum,
1741 1461 1779 1492 et

463 1542 560 1568 cum
594 1528 673 1567 hoc
706 1542 881 1581 regnum
915 1528 1110 1567 ierarchie
1144 1526 1304 1566 celestis
1344 1526 1395 1565 ad
1435 1526 1551 1579 quod
1590 1523 1780 1564 officium

462 1598 578 1638 nulla
621 1598 700 1637 alia
732 1607 918 1637 creatura
956 1606 1093 1650 potest
1139 1596 1355 1649 attingere.
1403 1596 1525 1636 Unde
1572 1594 1677 1633 bene
1721 1601 1781 1632 est

461 1682 582 1720 pape,
616 1667 648 1706 si
690 1667 816 1707 habet
854 1682 876 1706 a
921 1667 1088 1708 Christo
1126 1667 1325 1706 virtutem
1368 1665 1420 1704 ad
1461 1664 1693 1717 regendum
1739 1675 1780 1701 se
1797 1677 1839 1699 20

461 1737 603 1789 ipsum
627 1747 665 1776 et
687 1737 888 1790 pauculas
921 1751 1019 1776 oves
1052 1736 1094 1775 in
1117 1735 1414 1789 spiritualibus,
1436 1734 1532 1773 licet
1562 1746 1650 1772 non
1672 1733 1779 1772 blas-

186 1805 433 1875 Τῖῗὲθΐξῗξξὲῖζξ
461 1807 634 1859 phemet
657 1808 773 1860 quod
791 1807 842 1847 sit
864 1816 990 1860 caput
1013 1805 1253 1846 universalis
1286 1804 1456 1844 ecclesie
1493 1804 1602 1856 paris
1641 1812 1780 1856 potes-

220 1876 402 1911 spiritually.
461 1876 555 1915 tatis
601 1890 699 1916 cum
744 1877 925 1917 Christo.
978 1877 1065 1916 Nec
1113 1876 1235 1914 debet
1279 1874 1366 1913 eius
1413 1873 1588 1913 vicarius
1633 1873 1782 1913 sentire

461 1946 641 1985 heretice
673 1947 790 1999 quod
822 1955 937 2000 regat
969 1945 1194 1999 parcialem
1226 1943 1443 1983 ecclesiam
1474 1943 1662 1982 viantem
1695 1951 1782 1982 tam

464 2016 701 2055 seculariter
743 2030 874 2070 quam
917 2015 1207 2069 spiritualiter,
1257 2014 1361 2053 dum
1405 2012 1596 2052 Christus
1642 2013 1783 2053 solum
1799 2017 1838 2049 25

464 2085 732 2138 spiritualiter
764 2086 866 2125 rexit
888 2095 1110 2139 utramque
1134 2084 1363 2124 ecclesiam.
1389 2083 1487 2122 Ideo
1510 2081 1663 2122 sufficit
1695 2083 1783 2121 eius

463 2155 616 2194 vicario
649 2156 766 2209 quod
798 2165 885 2195 tam
916 2156 959 2194 in
997 2154 1302 2208 temporalibus
1342 2166 1470 2206 quam
1508 2152 1550 2191 in
1589 2152 1782 2205 spiritua-

465 2224 574 2264 libus
607 2235 721 2277 regat
754 2225 1021 2278 spiritualiter
1044 2225 1130 2265 eius
1153 2222 1435 2264 iuvenculam.
1469 2223 1580 2261 Nam
1601 2221 1782 2261 vivendo

466 2295 702 2334 seculariter
746 2294 937 2334 Christus
981 2308 1067 2334 non
1101 2293 1241 2347 potuit
1283 2292 1517 2345 exemplare
1555 2300 1785 2344 utrumque

467 2363 671 2404 officium.
707 2365 942 2413 Quomodo
976 2378 1073 2417 ergo
1106 2363 1194 2402 eius
1227 2359 1428 2402 vicarius?
1801 2364 1842 2397 30

522 2544 561 2563 ιο.
583 2537 611 2563 Α
632 2536 661 2563 in
683 2543 801 2570 marg-2
829 2534 956 2563 Solucio
978 2534 1128 2562 obiectus.
1150 2533 1241 2561 Solus
1263 2532 1405 2560 Christus
1444 2536 1489 2559 est
1526 2535 1618 2567 caput
1655 2530 1785 2558 ecclesie

467 2587 570 2609 sancte
590 2582 749 2609 catholice.
892 2590 932 2615 14.
955 2581 992 2609 B:
1014 2588 1109 2608 unum
1131 2580 1235 2607 scribo
1258 2578 1428 2606 animatum
1449 2578 1543 2605 alteri.
1686 2577 1724 2606 15.
1745 2577 1784 2604 B:

468 2629 614 2655 dominus
636 2628 867 2656 Dardinandus.
981 2635 1027 2661 24.
1044 2627 1116 2655 Ain
1131 2635 1245 2661 marg:
1269 2625 1397 2654 Solucio
1418 2625 1569 2652 obiectus.
1592 2625 1674 2659 Papa
1695 2624 1785 2651 debet

468 2675 666 2710 spiritualiter
680 2683 785 2709 regere
799 2680 962 2710 utramque
982 2678 1100 2710 partem
1122 2672 1250 2701 ecclesie
1277 2677 1305 2700 et
1325 2680 1385 2699 non
1414 2671 1601 2700 seculariter.
1689 2669 1737 2698 28.
1758 2671 1787 2698 A

466 2721 496 2747 in
518 2729 629 2756 marg.:
653 2721 833 2749 Conclusio,

534 2873 583 2895 12.
611 2865 662 2895 Cf.
690 2864 782 2907 Opp.
810 2865 898 2906 Aug.
926 2864 964 2905 Il,
992 2874 1068 2906 pag.
1095 2861 1172 2905 678.
