2051 3343
220 238 309 267 CAP.
335 225 404 284 1v-]
732 240 792 271 DE
817 238 1054 272 ECCLESIA.
1773 229 1825 283 89

69 358 104 391 Ρ
127 360 204 399 140⁶
219 351 362 386 autem
400 345 499 397 vita,
552 344 622 384 ubi
656 357 751 384 vere
786 343 936 384 dicitur
977 344 1093 398 quod
1137 344 1341 398 quamdiu
1387 358 1534 384 sumus

219 415 263 454 in
311 414 392 454 hoc
447 414 625 466 mundo,
676 427 763 453 non
819 413 982 454 deficiet
1031 413 1151 453 nobis
1196 428 1302 467 ruga
1351 414 1535 456 venialis.

181 485 273 529 aEt
332 484 457 524 solvit
508 483 740 537 tripliciter:
802 484 941 537 primo
1000 484 1116 538 quod
1169 483 1340 524 ecclesia
1400 497 1533 537 quan·
1611 482 1765 509 Answer:

1549 524 1577 544 a.
1588 515 1655 543 The
1675 515 1799 545 Church

220 555 361 608 doque
403 554 514 607 large
557 553 763 606 sumitur,
817 562 863 593 ut
913 566 1093 606 granum
1137 562 1176 593 et
1216 554 1382 606 paleam
1419 559 1826 614 com-tiffieeasffzggisgffie

187 634 203 667 5
221 624 437 677 plectatur,
472 631 518 662 ut
548 622 592 661 in
623 622 810 675 allegatis
849 622 1058 676 capitulis,
1103 623 1360 676 quandoque
1401 623 1537 663 stricte
1564 619 1814 691 Εὲξῡὲἓξάῑῦἐῐξὲἀ

221 707 298 747 pro
330 705 439 746 puro
471 705 614 746 grano,
647 701 694 732 ut
715 692 902 744 XXXlla,
926 706 965 745 q.
999 692 1087 733 IV:
1117 693 1347 741 Recurrat,
1381 693 1451 732 ubi
1484 690 1541 733 sic
1654 689 1722 718 evil.

223 762 413 802 scribitur
456 759 521 817 (ut
563 775 689 814 supra
720 761 870 817 tetigi):
902 759 1067 815 Itaque,
1100 762 1237 816 inquit
1259 762 1539 816 Augustinus,

222 834 311 873 sive
341 832 455 872 intus
468 832 640 872 versari
654 832 880 873 videantur
901 833 991 873 sive
1005 839 1152 885 aperte
1165 833 1290 887 foris
1310 833 1412 883 sint,
1430 832 1542 886 quod

224 915 326 942 caro
359 908 424 942 est
437 904 539 942 caro
572 909 648 949 est,
682 902 795 955 quod
818 902 953 955 palea
986 909 1049 942 est
1053 904 1187 956 palea
1210 909 1285 943 est.
1305 902 1541 956 Etsemper

171 993 209 1015 10
223 972 275 1011 a'b
301 972 419 1012 illius
445 972 620 1012 ecclesie
655 985 733 1025 que
756 974 847 1012 sine
870 974 1042 1012 macula
1066 981 1127 1014 est
1148 975 1215 1014 vel
1237 986 1350 1027 ruga
1381 974 1544 1013 unitate

224 1043 407 1083 decisus.
454 1043 557 1082 Vult
588 1041 665 1082 iste
698 1051 865 1083 sanctus
899 1042 1033 1083 dicere
1067 1041 1133 1098 (ut
1164 1052 1279 1097 patet
1317 1057 1366 1083 ex
1405 1042 1542 1098 dictis)

224 1112 342 1165 quod
372 1111 632 1165 impossibile
666 1121 726 1152 est
757 1112 988 1166 prescitum
1020 1127 1107 1153 esse
1129 1114 1371 1153 membrum
1403 1123 1543 1153 sancte

225 1181 367 1221 matris
401 1180 571 1221 ecclesie
603 1182 669 1222 vel
716 1182 1053 1235 predestinatum
1100 1197 1123 1223 a
1165 1183 1430 1223 maternitate
1472 1183 1543 1222 illa

225 1250 412 1303 deficere,
446 1252 838 1306 quomodocunque
878 1253 1112 1293 secundum
1150 1262 1390 1306 presentem
1425 1252 1542 1292 iusti-

183 1321 338 1364 bcium
351 1321 573 1361 varientur.
597 1322 790 1362 Secunda
803 1323 1022 1376 responsio
1042 1323 1158 1376 glose
1190 1332 1251 1363 est
1283 1324 1398 1377 quod
1431 1322 1544 1362 aliud
1559 1314 1831 1377 bcffisscssfiisngssf

225 1400 285 1431 est
316 1405 420 1431 esse
453 1392 509 1431 de
542 1392 759 1432 ecclesia
781 1401 820 1432 et
851 1392 964 1432 aliud
997 1407 1103 1433 esse
1150 1393 1199 1432 in
1231 1393 1466 1445 ecclesia,
1499 1384 1832 1434 utbeOfQChUsCh·

224 1470 339 1514 patet
388 1462 553 1514 XX111³‚
607 1476 646 1516 q.
694 1462 769 1503 IV:
830 1463 949 1504 Vasis
1005 1466 1069 1504 ire
1121 1473 1160 1504 et
1191 1478 1316 1517 supra
1354 1463 1542 1516 exposui.

190 1531 376 1572 oTercia
406 1532 625 1585 responsio
658 1532 878 1585 distinguit
910 1534 960 1573 de
1000 1533 1264 1587 quadruplici
1300 1532 1545 1573 habitudine

226 1601 377 1641 viantis
409 1602 461 1641 ad
493 1610 682 1642 sanctam
713 1611 894 1643 matrem
926 1603 1157 1646 ecclesiam.
1183 1603 1371 1652 Quidam
1402 1612 1545 1644 autem
1568 1604 1835 1668 Zfflrssqustiggffefg

170 1689 213 1710 20
229 1679 327 1711 sunt
357 1671 400 1710 in
433 1671 603 1711 ecclesia
634 1672 808 1712 nomine
842 1681 881 1713 et
911 1686 953 1712 re
985 1682 1032 1713 ut
1064 1673 1306 1714 obedientes
1339 1674 1544 1726 catholici,
1592 1675 1644 1703 the
1665 1674 1801 1704 Church.

238 1740 412 1796 quidam
443 1755 519 1781 nec
550 1755 592 1781 re
615 1755 691 1781 nec
713 1742 887 1782 nomine
920 1751 966 1782 ut
988 1743 1153 1796 pagani,
1178 1743 1353 1798 quidam
1373 1744 1547 1784 nomine

230 1820 400 1852 tantum
432 1820 478 1851 ut
510 1811 675 1865 presciti
707 1812 911 1866 ypocrite,
945 1822 985 1852 et
1017 1813 1194 1867 quidam
1224 1827 1267 1853 re
1303 1814 1400 1854 licet
1430 1814 1545 1854 vide-

228 1890 352 1921 antur
383 1881 557 1921 nomine
590 1895 678 1921 esse
710 1881 809 1921 foris
842 1891 888 1922 ut
921 1882 1202 1936 predestinati,
1242 1898 1350 1937 quos
1383 1893 1546 1937 satrape

226 1951 422 1991 videntur
458 1950 501 1989 in
546 1950 648 1991 facie
687 1951 857 1991 ecclesie
896 1953 1219 2006 condempnare.
1260 1954 1367 1994 Ecce
1405 1955 1545 1994 decre-

171 2027 212 2060 25
228 2030 372 2061 torum
416 2021 642 2061 concordia
684 2021 892 2062 sentencie
931 2023 1179 2075 supradicte.
1220 2025 1341 2065 Unde
1380 2025 1545 2064 videtur

229 2091 354 2130 nimis
386 2091 632 2144 blasphema
668 2091 821 2131 heresis
859 2106 1016 2146 papam
1051 2093 1117 2133 vel
1155 2094 1383 2147 collegium
1421 2108 1547 2134 suum

231 2161 396 2200 credere
440 2161 557 2215 quod
602 2161 646 2200 in
689 2170 898 2215 quantum
944 2162 1154 2216 eliguntur
1198 2164 1241 2202 in
1284 2164 1356 2203 illo
1401 2163 1541 2204 officio

228 2240 372 2272 tenent
404 2231 635 2285 primatum
667 2231 802 2271 tocius
837 2232 1018 2272 ecclesie.
1066 2232 1246 2285 Oportet
1285 2233 1399 2273 enim
1430 2236 1547 2287 quod

228 2301 310 2341 sint
353 2301 426 2341 filii
473 2301 730 2342 imitacionis
768 2302 811 2341 in
854 2302 1044 2342 moribus
1095 2312 1319 2356 parentum
1363 2318 1547 2357 quorum

278 2448 345 2478 3.A
366 2450 396 2477 in
417 2457 530 2485 marg.:
552 2449 681 2486 Triplex
700 2450 832 2478 solucio.
929 2450 955 2479 5.
976 2450 997 2478 Β
1019 2451 1051 2479 in
1071 2459 1184 2486 marg:
1209 2452 1270 2480 sint
1288 2454 1373 2489 quod
1394 2461 1465 2481 caro
1487 2458 1544 2490 est,

226 2497 309 2532 quod
330 2497 418 2532 palea
437 2501 492 2524 est.
565 2504 607 2530 14.
628 2498 658 2524 A
676 2497 707 2525 in
728 2505 842 2532 marg:
863 2497 1001 2525 Ecclesia
1021 2498 1136 2526 Christi
1157 2507 1284 2534 sponsa.
1305 2498 1395 2527 Nota.
1453 2500 1494 2528 16.
1517 2500 1546 2528 A

225 2544 256 2570 in
277 2551 392 2578 marg-z
412 2543 457 2571 De
478 2543 608 2571 ecclesia
628 2552 706 2580 esse,
728 2544 759 2571 in
780 2544 912 2571 ecclesia
932 2552 1010 2580 esse,
1032 2545 1106 2580 quid
1127 2549 1182 2572 est.
1328 2554 1369 2581 17.
1389 2548 1433 2574 A:
1454 2546 1546 2574 Vasis

226 2589 318 2617 enim.
387 2596 433 2616 20.
456 2589 495 2616 B:
517 2594 546 2617 et
563 2605 598 2610 -
616 2590 743 2618 nomine
763 2590 857 2618 deest.
921 2590 968 2620 26.
989 2592 1018 2619 A
1038 2590 1069 2618 in
1089 2600 1202 2627 marg.:
1225 2591 1404 2620 Conclusio.
1425 2592 1547 2620 Eleccio

226 2643 307 2671 pape
332 2636 379 2663 vel
418 2636 622 2664 cardinalium
656 2644 717 2665 non
744 2636 818 2664 facit
844 2645 899 2665 eos
931 2638 1098 2673 primatum
1127 2643 1232 2666 tenere
1264 2639 1295 2667 in
1328 2639 1459 2667 ecclesia
1492 2639 1545 2666 sed

226 2681 363 2712 imitacio
389 2688 504 2710 sancta.

285 2800 317 2834 6.
343 2801 422 2835 ibid.
450 2802 585 2844 XXXII,
611 2813 646 2845 q.
671 2804 727 2845 IV,
754 2814 827 2847 cap.
854 2805 896 2836 ΙΙ.
1026 2816 1076 2847 17.
1102 2805 1201 2837 Decr.
1228 2815 1296 2839 sec.
1324 2817 1414 2849 pars,
1441 2817 1544 2840 causa

225 2860 342 2901 XXIII,
369 2870 402 2903 q.
431 2861 486 2901 IV,
513 2871 586 2903 cap.
613 2862 732 2893 XXlII.
