<?xml version="1.0" encoding="UTF-8"?>
<!DOCTYPE html PUBLIC "-//W3C//DTD XHTML 1.0 Transitional//EN"
    "http://www.w3.org/TR/xhtml1/DTD/xhtml1-transitional.dtd">
<html xmlns="http://www.w3.org/1999/xhtml" xml:lang="en" lang="en">
 <head>
  <title>
</title>
<meta http-equiv="Content-Type" content="text/html;charset=utf-8" />
  <meta name='ocr-system' content='tesseract 3.04.00' />
  <meta name='ocr-capabilities' content='ocr_page ocr_carea ocr_par ocr_line ocrx_word'/>
</head>
<body>
  <div class='ocr_page' id='page_1' title='image "./tractatusdeeccle00wycl_0378.png"; bbox 0 0 2051 3273; ppageno 0'>
   <div class='ocr_carea' id='block_1_1' title="bbox 173 172 1766 234">
    <p class='ocr_par' dir='ltr' id='par_1_1' title="bbox 173 172 1766 234">
     <span class='ocr_line' id='line_1_1' title="bbox 173 172 1766 234; baseline -0.015 -2"><span class='ocrx_word' id='word_1_1' title='bbox 173 182 256 234; x_wconf 74' lang='lat'>344</span> <span class='ocrx_word' id='word_1_2' title='bbox 890 187 1115 220; x_wconf 75' lang='lat' dir='ltr'>JOHANNJS</span> <span class='ocrx_word' id='word_1_3' title='bbox 1143 186 1337 218; x_wconf 80' lang='lat' dir='ltr'>WYCLIF.</span> <span class='ocrx_word' id='word_1_4' title='bbox 1574 172 1676 229; x_wconf 54' lang='lat' dir='ltr'>[cm.</span> <span class='ocrx_word' id='word_1_5' title='bbox 1701 182 1766 210; x_wconf 78' lang='lat' dir='ltr'>xv.</span> 
     </span>
    </p>
   </div>
   <div class='ocr_carea' id='block_1_2' title="bbox 188 289 1918 369">
    <p class='ocr_par' dir='ltr' id='par_1_2' title="bbox 188 289 1918 369">
     <span class='ocr_line' id='line_1_2' title="bbox 188 289 1918 369; baseline -0.005 -35"><span class='ocrx_word' id='word_1_6' title='bbox 188 306 420 369; x_wconf 48' lang='lat' dir='ltr'>Dogpffinffierit</span> <span class='ocrx_word' id='word_1_7' title='bbox 461 309 550 334; x_wconf 87' lang='lat' dir='ltr'>rem</span> <span class='ocrx_word' id='word_1_8' title='bbox 583 294 774 344; x_wconf 84' lang='lat' dir='ltr'>caritatis,</span> <span class='ocrx_word' id='word_1_9' title='bbox 799 292 1032 332; x_wconf 88' lang='lat' dir='ltr'>secundum</span> <span class='ocrx_word' id='word_1_10' title='bbox 1066 305 1195 345; x_wconf 84' lang='lat' dir='ltr'>quarn</span> <span class='ocrx_word' id='word_1_11' title='bbox 1227 289 1507 329; x_wconf 88' lang='lat' dir='ltr'>elemosinans</span> <span class='ocrx_word' id='word_1_12' title='bbox 1540 289 1769 340; x_wconf 88' lang='lat' dir='ltr'>miseretur,</span> <span class='ocrx_word' id='word_1_13' title='bbox 1791 297 1918 342; x_wconf 69' lang='lat' dir='ltr'>175d1.</span> 
     </span>
    </p>
   </div>
   <div class='ocr_carea' id='block_1_3' title="bbox 168 359 1769 446">
    <p class='ocr_par' dir='ltr' id='par_1_3' title="bbox 168 359 1769 446">
     <span class='ocr_line' id='line_1_3' title="bbox 168 359 1769 446; baseline -0.004 -42"><span class='ocrx_word' id='word_1_14' title='bbox 168 376 447 446; x_wconf 39' lang='lat' dir='ltr'>frgssetshsgffiliffily</span> <span class='ocrx_word' id='word_1_15' title='bbox 462 374 501 404; x_wconf 86' lang='lat' dir='ltr'>et</span> <span class='ocrx_word' id='word_1_16' title='bbox 529 363 835 417; x_wconf 86' lang='lat' dir='ltr'>perfeccionem</span> <span class='ocrx_word' id='word_1_17' title='bbox 863 361 1162 402; x_wconf 85' lang='lat' dir='ltr'>accidentalem</span> <span class='ocrx_word' id='word_1_18' title='bbox 1193 374 1274 414; x_wconf 85' lang='lat' dir='ltr'>que</span> <span class='ocrx_word' id='word_1_19' title='bbox 1305 359 1463 413; x_wconf 87' lang='lat' dir='ltr'>capitur</span> <span class='ocrx_word' id='word_1_20' title='bbox 1485 373 1613 412; x_wconf 88' lang='lat' dir='ltr'>penes</span> <span class='ocrx_word' id='word_1_21' title='bbox 1637 373 1769 412; x_wconf 85' lang='lat' dir='ltr'>quan-</span> 
     </span>
    </p>
   </div>
   <div class='ocr_carea' id='block_1_4' title="bbox 187 429 1875 2433">
    <p class='ocr_par' dir='ltr' id='par_1_4' title="bbox 187 429 1875 2433">
     <span class='ocr_line' id='line_1_4' title="bbox 194 429 1770 513; baseline -0.004 -40"><span class='ocrx_word' id='word_1_22' title='bbox 194 446 418 513; x_wconf 37' lang='lat' dir='ltr'>gfpgceidgggtegs</span> <span class='ocrx_word' id='word_1_23' title='bbox 462 443 621 474; x_wconf 79' lang='lat' dir='ltr'>titatem</span> <span class='ocrx_word' id='word_1_24' title='bbox 667 433 823 472; x_wconf 88' lang='lat' dir='ltr'>fructus</span> <span class='ocrx_word' id='word_1_25' title='bbox 872 446 919 471; x_wconf 80' lang='lat' dir='ltr'>ex</span> <span class='ocrx_word' id='word_1_26' title='bbox 963 431 1032 470; x_wconf 84' lang='lat' dir='ltr'>illa</span> <span class='ocrx_word' id='word_1_27' title='bbox 1077 430 1341 471; x_wconf 89' lang='lat' dir='ltr'>occasionata</span> <span class='ocrx_word' id='word_1_28' title='bbox 1385 429 1604 482; x_wconf 79' lang='lat' dir='ltr'>posterius,</span> <span class='ocrx_word' id='word_1_29' title='bbox 1679 429 1770 482; x_wconf 82' lang='lat' dir='ltr'>Ego</span> 
     </span>
     <span class='ocr_line' id='line_1_5' title="bbox 187 497 1773 555; baseline -0.004 -13"><span class='ocrx_word' id='word_1_30' title='bbox 187 499 429 555; x_wconf 62' lang='lat' dir='ltr'>1·r0{111110‡‘sui&#39;t</span> <span class='ocrx_word' id='word_1_31' title='bbox 461 513 601 543; x_wconf 85' lang='lat' dir='ltr'>autem</span> <span class='ocrx_word' id='word_1_32' title='bbox 635 503 757 542; x_wconf 90' lang='lat' dir='ltr'>credo</span> <span class='ocrx_word' id='word_1_33' title='bbox 790 501 905 554; x_wconf 85' lang='lat' dir='ltr'>quod</span> <span class='ocrx_word' id='word_1_34' title='bbox 949 500 1061 540; x_wconf 90' lang='lat' dir='ltr'>aliud</span> <span class='ocrx_word' id='word_1_35' title='bbox 1107 508 1167 539; x_wconf 91' lang='lat' dir='ltr'>est</span> <span class='ocrx_word' id='word_1_36' title='bbox 1210 513 1341 552; x_wconf 82' lang='lat' dir='ltr'>genus</span> <span class='ocrx_word' id='word_1_37' title='bbox 1386 497 1686 538; x_wconf 90' lang='lat' dir='ltr'>elemosinandi</span> <span class='ocrx_word' id='word_1_38' title='bbox 1730 497 1773 536; x_wconf 89' lang='lat' dir='ltr'>in</span> 
     </span>
     <span class='ocr_line' id='line_1_6' title="bbox 213 551 1806 626; baseline -0.003 -13"><span class='ocrx_word' id='word_1_39' title='bbox 213 554 245 578; x_wconf 85' lang='lat' dir='ltr'>ot</span> <span class='ocrx_word' id='word_1_40' title='bbox 263 551 313 578; x_wconf 60' lang='lat' dir='ltr'>me</span> <span class='ocrx_word' id='word_1_41' title='bbox 334 552 397 585; x_wconf 35' lang='grc' dir='ltr'>ἕω</span> <span class='ocrx_word' id='word_1_42' title='bbox 460 571 749 626; x_wconf 88' lang='lat' dir='ltr'>predestinatis</span> <span class='ocrx_word' id='word_1_43' title='bbox 783 581 822 610; x_wconf 94' lang='lat' dir='ltr'>et</span> <span class='ocrx_word' id='word_1_44' title='bbox 854 570 968 609; x_wconf 86' lang='lat' dir='ltr'>aliud</span> <span class='ocrx_word' id='word_1_45' title='bbox 1000 570 1042 608; x_wconf 93' lang='lat' dir='ltr'>in</span> <span class='ocrx_word' id='word_1_46' title='bbox 1066 569 1265 623; x_wconf 89' lang='lat' dir='ltr'>prescitis.</span> <span class='ocrx_word' id='word_1_47' title='bbox 1300 569 1409 608; x_wconf 88' lang='lat' dir='ltr'>Nam</span> <span class='ocrx_word' id='word_1_48' title='bbox 1432 577 1521 607; x_wconf 85' lang='lat' dir='ltr'>tota</span> <span class='ocrx_word' id='word_1_49' title='bbox 1545 567 1806 609; x_wconf 87' lang='lat' dir='ltr'>elemosina5</span> 
     </span>
     <span class='ocr_line' id='line_1_7' title="bbox 460 635 1771 695; baseline -0.005 -14"><span class='ocrx_word' id='word_1_50' title='bbox 460 655 588 695; x_wconf 86' lang='lat' dir='ltr'>quam</span> <span class='ocrx_word' id='word_1_51' title='bbox 621 641 718 680; x_wconf 88' lang='lat' dir='ltr'>facit</span> <span class='ocrx_word' id='word_1_52' title='bbox 750 640 1057 693; x_wconf 80' lang='lat' dir='ltr'>predestinatus</span> <span class='ocrx_word' id='word_1_53' title='bbox 1090 638 1240 677; x_wconf 88' lang='lat' dir='ltr'>limitat</span> <span class='ocrx_word' id='word_1_54' title='bbox 1273 637 1348 676; x_wconf 85' lang='lat' dir='ltr'>sibi</span> <span class='ocrx_word' id='word_1_55' title='bbox 1381 638 1558 690; x_wconf 84' lang='lat' dir='ltr'>gradum</span> <span class='ocrx_word' id='word_1_56' title='bbox 1596 635 1771 675; x_wconf 86' lang='lat' dir='ltr'>beatitu-</span> 
     </span>
     <span class='ocr_line' id='line_1_8' title="bbox 460 705 1774 763; baseline -0.005 -14"><span class='ocrx_word' id='word_1_57' title='bbox 460 711 567 750; x_wconf 88' lang='lat' dir='ltr'>dinis</span> <span class='ocrx_word' id='word_1_58' title='bbox 611 712 661 749; x_wconf 84' lang='lat' dir='ltr'>ad</span> <span class='ocrx_word' id='word_1_59' title='bbox 706 723 833 763; x_wconf 89' lang='lat' dir='ltr'>quem</span> <span class='ocrx_word' id='word_1_60' title='bbox 876 708 1108 762; x_wconf 88' lang='lat' dir='ltr'>parcialiter</span> <span class='ocrx_word' id='word_1_61' title='bbox 1151 707 1378 761; x_wconf 89' lang='lat' dir='ltr'>proficiunt</span> <span class='ocrx_word' id='word_1_62' title='bbox 1427 705 1588 759; x_wconf 85' lang='lat' dir='ltr'>singule</span> <span class='ocrx_word' id='word_1_63' title='bbox 1640 713 1774 758; x_wconf 86' lang='lat' dir='ltr'>partes</span> 
     </span>
     <span class='ocr_line' id='line_1_9' title="bbox 461 775 1773 830; baseline -0.005 -10"><span class='ocrx_word' id='word_1_64' title='bbox 461 781 561 820; x_wconf 89' lang='lat' dir='ltr'>eius.</span> <span class='ocrx_word' id='word_1_65' title='bbox 598 779 839 819; x_wconf 86' lang='lat' dir='ltr'>Elemosina</span> <span class='ocrx_word' id='word_1_66' title='bbox 872 787 1014 818; x_wconf 88' lang='lat' dir='ltr'>autem</span> <span class='ocrx_word' id='word_1_67' title='bbox 1038 777 1176 818; x_wconf 89' lang='lat' dir='ltr'>totalis</span> <span class='ocrx_word' id='word_1_68' title='bbox 1200 775 1363 830; x_wconf 83' lang='lat' dir='ltr'>presciti</span> <span class='ocrx_word' id='word_1_69' title='bbox 1394 775 1604 815; x_wconf 87' lang='lat' dir='ltr'>concurrit</span> <span class='ocrx_word' id='word_1_70' title='bbox 1627 788 1773 814; x_wconf 88' lang='lat' dir='ltr'>secun-</span> 
     </span>
     <span class='ocr_line' id='line_1_10' title="bbox 461 844 1776 900; baseline -0.005 -10"><span class='ocrx_word' id='word_1_71' title='bbox 461 852 564 890; x_wconf 87' lang='lat' dir='ltr'>dum</span> <span class='ocrx_word' id='word_1_72' title='bbox 595 864 637 889; x_wconf 90' lang='lat' dir='ltr'>se</span> <span class='ocrx_word' id='word_1_73' title='bbox 669 858 805 889; x_wconf 88' lang='lat' dir='ltr'>totam</span> <span class='ocrx_word' id='word_1_74' title='bbox 839 849 890 887; x_wconf 90' lang='lat' dir='ltr'>ad</span> <span class='ocrx_word' id='word_1_75' title='bbox 922 848 1207 900; x_wconf 84' lang='lat' dir='ltr'>mitigandum</span> <span class='ocrx_word' id='word_1_76' title='bbox 1238 860 1391 899; x_wconf 90' lang='lat' dir='ltr'>penam</span> <span class='ocrx_word' id='word_1_77' title='bbox 1424 853 1685 899; x_wconf 86' lang='lat' dir='ltr'>perpetuam.</span> <span class='ocrx_word' id='word_1_78' title='bbox 1734 844 1776 884; x_wconf 86' lang='lat' dir='ltr'>Si</span> 
     </span>
     <span class='ocr_line' id='line_1_11' title="bbox 462 912 1834 972; baseline -0.005 -13"><span class='ocrx_word' id='word_1_79' title='bbox 462 920 624 959; x_wconf 87' lang='lat' dir='ltr'>domini</span> <span class='ocrx_word' id='word_1_80' title='bbox 646 919 898 972; x_wconf 81' lang='lat' dir='ltr'>temporales</span> <span class='ocrx_word' id='word_1_81' title='bbox 933 916 996 970; x_wconf 89' lang='lat' dir='ltr'>(ut</span> <span class='ocrx_word' id='word_1_82' title='bbox 1025 916 1284 957; x_wconf 89' lang='lat' dir='ltr'>elemosinati</span> <span class='ocrx_word' id='word_1_83' title='bbox 1312 912 1550 968; x_wconf 78' lang='lat' dir='ltr'>vendicant)</span> <span class='ocrx_word' id='word_1_84' title='bbox 1584 922 1777 953; x_wconf 90' lang='lat' dir='ltr'>tenentur</span> <span class='ocrx_word' id='word_1_85' title='bbox 1797 935 1834 956; x_wconf 88' lang='lat'>10</span> 
     </span>
     <span class='ocr_line' id='line_1_12' title="bbox 464 983 1776 1040; baseline -0.005 -12"><span class='ocrx_word' id='word_1_86' title='bbox 464 989 707 1029; x_wconf 88' lang='lat' dir='ltr'>continuare</span> <span class='ocrx_word' id='word_1_87' title='bbox 746 987 994 1027; x_wconf 84' lang='lat' dir='ltr'>elemosinas</span> <span class='ocrx_word' id='word_1_88' title='bbox 1027 995 1196 1040; x_wconf 88' lang='lat' dir='ltr'>patrum</span> <span class='ocrx_word' id='word_1_89' title='bbox 1239 999 1424 1039; x_wconf 86' lang='lat' dir='ltr'>quorum</span> <span class='ocrx_word' id='word_1_90' title='bbox 1462 992 1559 1024; x_wconf 89' lang='lat' dir='ltr'>sunt</span> <span class='ocrx_word' id='word_1_91' title='bbox 1593 983 1776 1034; x_wconf 85' lang='lat' dir='ltr'>heredes,</span> 
     </span>
     <span class='ocr_line' id='line_1_13' title="bbox 463 1053 1779 1108; baseline -0.005 -9"><span class='ocrx_word' id='word_1_92' title='bbox 463 1070 562 1099; x_wconf 87' lang='lat' dir='ltr'>tunc</span> <span class='ocrx_word' id='word_1_93' title='bbox 595 1067 788 1098; x_wconf 89' lang='lat' dir='ltr'>tenentur</span> <span class='ocrx_word' id='word_1_94' title='bbox 819 1058 871 1097; x_wconf 90' lang='lat' dir='ltr'>ad</span> <span class='ocrx_word' id='word_1_95' title='bbox 903 1070 1029 1096; x_wconf 90' lang='lat' dir='ltr'>omne</span> <span class='ocrx_word' id='word_1_96' title='bbox 1060 1056 1156 1095; x_wconf 92' lang='lat' dir='ltr'>inde</span> <span class='ocrx_word' id='word_1_97' title='bbox 1189 1068 1366 1108; x_wconf 87' lang='lat' dir='ltr'>sequens</span> <span class='ocrx_word' id='word_1_98' title='bbox 1399 1053 1639 1105; x_wconf 82' lang='lat' dir='ltr'>formaliter,</span> <span class='ocrx_word' id='word_1_99' title='bbox 1680 1053 1779 1106; x_wconf 90' lang='lat' dir='ltr'>quia</span> 
     </span>
     <span class='ocr_line' id='line_1_14' title="bbox 464 1123 1875 1180; baseline -0.003 -12"><span class='ocrx_word' id='word_1_100' title='bbox 464 1129 579 1168; x_wconf 87' lang='lat' dir='ltr'>aliter</span> <span class='ocrx_word' id='word_1_101' title='bbox 611 1137 754 1167; x_wconf 90' lang='lat' dir='ltr'>contra</span> <span class='ocrx_word' id='word_1_102' title='bbox 788 1126 1110 1180; x_wconf 88' lang='lat' dir='ltr'>possibilitatem</span> <span class='ocrx_word' id='word_1_103' title='bbox 1140 1123 1602 1177; x_wconf 46' lang='lat' dir='ltr'>obligacionisrdivine</span> <span class='ocrx_word' id='word_1_104' title='bbox 1644 1123 1779 1162; x_wconf 89' lang='lat' dir='ltr'>forent</span> <span class='ocrx_word' id='word_1_105' title='bbox 1798 1135 1875 1175; x_wconf 75' lang='lat'>177²</span> 
     </span>
     <span class='ocr_line' id='line_1_15' title="bbox 465 1192 1778 1249; baseline -0.005 -11"><span class='ocrx_word' id='word_1_106' title='bbox 465 1200 515 1238; x_wconf 85' lang='lat' dir='ltr'>ad</span> <span class='ocrx_word' id='word_1_107' title='bbox 549 1196 869 1238; x_wconf 89' lang='lat' dir='ltr'>contradictoria</span> <span class='ocrx_word' id='word_1_108' title='bbox 905 1195 1090 1249; x_wconf 82' lang='lat' dir='ltr'>obligati,</span> <span class='ocrx_word' id='word_1_109' title='bbox 1123 1194 1276 1234; x_wconf 91' lang='lat' dir='ltr'>scilicet</span> <span class='ocrx_word' id='word_1_110' title='bbox 1311 1194 1362 1233; x_wconf 86' lang='lat' dir='ltr'>ad</span> <span class='ocrx_word' id='word_1_111' title='bbox 1398 1193 1636 1232; x_wconf 88' lang='lat' dir='ltr'>faciendum</span> <span class='ocrx_word' id='word_1_112' title='bbox 1669 1192 1778 1246; x_wconf 84' lang='lat' dir='ltr'>ipsas</span> 
     </span>
     <span class='ocr_line' id='line_1_16' title="bbox 466 1262 1836 1307; baseline -0.003 0"><span class='ocrx_word' id='word_1_113' title='bbox 466 1282 553 1307; x_wconf 87' lang='lat' dir='ltr'>esse</span> <span class='ocrx_word' id='word_1_114' title='bbox 585 1265 835 1306; x_wconf 85' lang='lat' dir='ltr'>elemosinas</span> <span class='ocrx_word' id='word_1_115' title='bbox 869 1274 908 1304; x_wconf 91' lang='lat' dir='ltr'>et</span> <span class='ocrx_word' id='word_1_116' title='bbox 940 1266 991 1304; x_wconf 88' lang='lat' dir='ltr'>ad</span> <span class='ocrx_word' id='word_1_117' title='bbox 1024 1264 1335 1303; x_wconf 87' lang='lat' dir='ltr'>defendendum</span> <span class='ocrx_word' id='word_1_118' title='bbox 1361 1276 1504 1302; x_wconf 87' lang='lat' dir='ltr'>earum</span> <span class='ocrx_word' id='word_1_119' title='bbox 1526 1263 1706 1302; x_wconf 87' lang='lat' dir='ltr'>abusum</span> <span class='ocrx_word' id='word_1_120' title='bbox 1737 1262 1779 1301; x_wconf 93' lang='lat' dir='ltr'>in</span> <span class='ocrx_word' id='word_1_121' title='bbox 1799 1271 1836 1304; x_wconf 84' lang='lat'>15</span> 
     </span>
     <span class='ocr_line' id='line_1_17' title="bbox 467 1331 1779 1388; baseline -0.005 -12"><span class='ocrx_word' id='word_1_122' title='bbox 467 1337 645 1387; x_wconf 88' lang='lat' dir='ltr'>discolis,</span> <span class='ocrx_word' id='word_1_123' title='bbox 670 1336 905 1375; x_wconf 87' lang='lat' dir='ltr'>secundum</span> <span class='ocrx_word' id='word_1_124' title='bbox 921 1348 1049 1388; x_wconf 86' lang='lat' dir='ltr'>quam</span> <span class='ocrx_word' id='word_1_125' title='bbox 1071 1333 1284 1373; x_wconf 88' lang='lat' dir='ltr'>racionem</span> <span class='ocrx_word' id='word_1_126' title='bbox 1308 1341 1446 1372; x_wconf 88' lang='lat' dir='ltr'>carent</span> <span class='ocrx_word' id='word_1_127' title='bbox 1468 1331 1602 1371; x_wconf 89' lang='lat' dir='ltr'>forma</span> <span class='ocrx_word' id='word_1_128' title='bbox 1624 1332 1779 1371; x_wconf 90' lang='lat' dir='ltr'>elemo-</span> 
     </span>
     <span class='ocr_line' id='line_1_18' title="bbox 467 1402 1780 1458; baseline -0.005 -12"><span class='ocrx_word' id='word_1_129' title='bbox 467 1407 566 1446; x_wconf 90' lang='lat' dir='ltr'>sine.</span> <span class='ocrx_word' id='word_1_130' title='bbox 608 1406 717 1458; x_wconf 84' lang='lat' dir='ltr'>Ergo</span> <span class='ocrx_word' id='word_1_131' title='bbox 750 1418 842 1444; x_wconf 89' lang='lat' dir='ltr'>cum</span> <span class='ocrx_word' id='word_1_132' title='bbox 877 1418 991 1457; x_wconf 86' lang='lat' dir='ltr'>reges</span> <span class='ocrx_word' id='word_1_133' title='bbox 1024 1403 1175 1456; x_wconf 84' lang='lat' dir='ltr'>Anglie</span> <span class='ocrx_word' id='word_1_134' title='bbox 1208 1412 1402 1443; x_wconf 88' lang='lat' dir='ltr'>tenentur</span> <span class='ocrx_word' id='word_1_135' title='bbox 1434 1416 1592 1442; x_wconf 87' lang='lat' dir='ltr'>servare</span> <span class='ocrx_word' id='word_1_136' title='bbox 1625 1402 1780 1441; x_wconf 89' lang='lat' dir='ltr'>elemo-</span> 
     </span>
     <span class='ocr_line' id='line_1_19' title="bbox 467 1462 1780 1527; baseline -0.004 -12"><span class='ocrx_word' id='word_1_137' title='bbox 467 1477 576 1515; x_wconf 87' lang='lat' dir='ltr'>sinas</span> <span class='ocrx_word' id='word_1_138' title='bbox 609 1488 780 1515; x_wconf 85' lang='lat' dir='ltr'>suorum</span> <span class='ocrx_word' id='word_1_139' title='bbox 815 1473 1134 1527; x_wconf 84' lang='lat' dir='ltr'>progenitorum</span> <span class='ocrx_word' id='word_1_140' title='bbox 1156 1472 1196 1511; x_wconf 90' lang='lat' dir='ltr'>in</span> <span class='ocrx_word' id='word_1_141' title='bbox 1221 1486 1293 1511; x_wconf 85' lang='lat' dir='ltr'>sua</span> <span class='ocrx_word' id='word_1_142' title='bbox 1316 1462 1603 1525; x_wconf 87' lang='lat' dir='ltr'>perpetuitate,</span> <span class='ocrx_word' id='word_1_143' title='bbox 1637 1480 1780 1510; x_wconf 89' lang='lat' dir='ltr'>tenen-</span> 
     </span>
     <span class='ocr_line' id='line_1_20' title="bbox 467 1539 1782 1597; baseline -0.005 -13"><span class='ocrx_word' id='word_1_144' title='bbox 467 1554 533 1584; x_wconf 87' lang='lat' dir='ltr'>tur</span> <span class='ocrx_word' id='word_1_145' title='bbox 569 1545 741 1597; x_wconf 88' lang='lat' dir='ltr'>insuper</span> <span class='ocrx_word' id='word_1_146' title='bbox 778 1557 826 1583; x_wconf 85' lang='lat' dir='ltr'>ex</span> <span class='ocrx_word' id='word_1_147' title='bbox 864 1544 953 1597; x_wconf 84' lang='lat' dir='ltr'>lege</span> <span class='ocrx_word' id='word_1_148' title='bbox 993 1541 1215 1595; x_wconf 89' lang='lat' dir='ltr'>spiritualis</span> <span class='ocrx_word' id='word_1_149' title='bbox 1256 1541 1482 1581; x_wconf 86' lang='lat' dir='ltr'>elemosine</span> <span class='ocrx_word' id='word_1_150' title='bbox 1515 1554 1613 1580; x_wconf 89' lang='lat' dir='ltr'>suos</span> <span class='ocrx_word' id='word_1_151' title='bbox 1651 1539 1782 1593; x_wconf 83' lang='lat' dir='ltr'>legios</span> 
     </span>
     <span class='ocr_line' id='line_1_21' title="bbox 468 1611 1840 1667; baseline -0.003 -13"><span class='ocrx_word' id='word_1_152' title='bbox 468 1614 679 1667; x_wconf 85' lang='lat' dir='ltr'>castigare,</span> <span class='ocrx_word' id='word_1_153' title='bbox 713 1622 908 1653; x_wconf 87' lang='lat' dir='ltr'>tenentur</span> <span class='ocrx_word' id='word_1_154' title='bbox 939 1612 1067 1652; x_wconf 89' lang='lat' dir='ltr'>tercio</span> <span class='ocrx_word' id='word_1_155' title='bbox 1112 1626 1159 1651; x_wconf 77' lang='lat' dir='ltr'>ex</span> <span class='ocrx_word' id='word_1_156' title='bbox 1192 1611 1454 1664; x_wconf 86' lang='lat' dir='ltr'>obligacione</span> <span class='ocrx_word' id='word_1_157' title='bbox 1477 1624 1559 1665; x_wconf 85' lang='lat' dir='ltr'>qua</span> <span class='ocrx_word' id='word_1_158' title='bbox 1590 1618 1783 1649; x_wconf 91' lang='lat' dir='ltr'>tenentur</span> <span class='ocrx_word' id='word_1_159' title='bbox 1799 1629 1840 1650; x_wconf 88' lang='lat'>20</span> 
     </span>
     <span class='ocr_line' id='line_1_22' title="bbox 471 1679 1783 1737; baseline -0.005 -13"><span class='ocrx_word' id='word_1_160' title='bbox 471 1685 601 1724; x_wconf 85' lang='lat' dir='ltr'>facere</span> <span class='ocrx_word' id='word_1_161' title='bbox 633 1683 748 1737; x_wconf 85' lang='lat' dir='ltr'>legiis</span> <span class='ocrx_word' id='word_1_162' title='bbox 781 1683 865 1722; x_wconf 91' lang='lat' dir='ltr'>suis</span> <span class='ocrx_word' id='word_1_163' title='bbox 900 1682 1110 1721; x_wconf 81' lang='lat' dir='ltr'>iusticiam</span> <span class='ocrx_word' id='word_1_164' title='bbox 1143 1689 1182 1720; x_wconf 90' lang='lat' dir='ltr'>et</span> <span class='ocrx_word' id='word_1_165' title='bbox 1218 1681 1455 1733; x_wconf 79' lang='lat' dir='ltr'>extinguere</span> <span class='ocrx_word' id='word_1_166' title='bbox 1494 1679 1663 1719; x_wconf 89' lang='lat' dir='ltr'>iniurias</span> <span class='ocrx_word' id='word_1_167' title='bbox 1702 1693 1783 1732; x_wconf 87' lang='lat' dir='ltr'>que</span> 
     </span>
     <span class='ocr_line' id='line_1_23' title="bbox 469 1749 1785 1807; baseline -0.003 -15"><span class='ocrx_word' id='word_1_168' title='bbox 469 1762 646 1807; x_wconf 84' lang='lat' dir='ltr'>vergunt</span> <span class='ocrx_word' id='word_1_169' title='bbox 690 1751 1040 1805; x_wconf 87' lang='lat' dir='ltr'>periculosissime</span> <span class='ocrx_word' id='word_1_170' title='bbox 1084 1751 1135 1790; x_wconf 92' lang='lat' dir='ltr'>ad</span> <span class='ocrx_word' id='word_1_171' title='bbox 1175 1750 1237 1789; x_wconf 90' lang='lat' dir='ltr'>sui</span> <span class='ocrx_word' id='word_1_172' title='bbox 1283 1750 1429 1803; x_wconf 91' lang='lat' dir='ltr'>populi</span> <span class='ocrx_word' id='word_1_173' title='bbox 1468 1749 1785 1800; x_wconf 79' lang='lat' dir='ltr'>detrimentum3</span> 
     </span>
     <span class='ocr_line' id='line_1_24' title="bbox 470 1819 1786 1877; baseline -0.005 -14"><span class='ocrx_word' id='word_1_174' title='bbox 470 1832 583 1877; x_wconf 86' lang='lat' dir='ltr'>patet</span> <span class='ocrx_word' id='word_1_175' title='bbox 616 1823 731 1876; x_wconf 86' lang='lat' dir='ltr'>quod</span> <span class='ocrx_word' id='word_1_176' title='bbox 764 1830 958 1862; x_wconf 86' lang='lat' dir='ltr'>tenentur</span> <span class='ocrx_word' id='word_1_177' title='bbox 990 1821 1030 1859; x_wconf 92' lang='lat' dir='ltr'>in</span> <span class='ocrx_word' id='word_1_178' title='bbox 1065 1834 1161 1859; x_wconf 86' lang='lat' dir='ltr'>casu</span> <span class='ocrx_word' id='word_1_179' title='bbox 1195 1820 1305 1859; x_wconf 88' lang='lat' dir='ltr'>bona</span> <span class='ocrx_word' id='word_1_180' title='bbox 1337 1833 1410 1859; x_wconf 88' lang='lat' dir='ltr'>sua</span> <span class='ocrx_word' id='word_1_181' title='bbox 1446 1819 1613 1858; x_wconf 88' lang='lat' dir='ltr'>ecclesie</span> <span class='ocrx_word' id='word_1_182' title='bbox 1646 1826 1786 1857; x_wconf 90' lang='lat' dir='ltr'>sancte</span> 
     </span>
     <span class='ocr_line' id='line_1_25' title="bbox 470 1886 1785 1943; baseline -0.005 -11"><span class='ocrx_word' id='word_1_183' title='bbox 470 1893 684 1933; x_wconf 86' lang='lat' dir='ltr'>restituere</span> <span class='ocrx_word' id='word_1_184' title='bbox 718 1901 757 1931; x_wconf 93' lang='lat' dir='ltr'>et</span> <span class='ocrx_word' id='word_1_185' title='bbox 785 1906 807 1931; x_wconf 91' lang='lat' dir='ltr'>a</span> <span class='ocrx_word' id='word_1_186' title='bbox 830 1890 1210 1943; x_wconf 88' lang='lat' dir='ltr'>comtemptoribus</span> <span class='ocrx_word' id='word_1_187' title='bbox 1233 1889 1307 1928; x_wconf 93' lang='lat' dir='ltr'>Dei</span> <span class='ocrx_word' id='word_1_188' title='bbox 1331 1888 1393 1929; x_wconf 90' lang='lat' dir='ltr'>sui</span> <span class='ocrx_word' id='word_1_189' title='bbox 1418 1897 1457 1928; x_wconf 92' lang='lat' dir='ltr'>et</span> <span class='ocrx_word' id='word_1_190' title='bbox 1477 1888 1591 1941; x_wconf 84' lang='lat' dir='ltr'>regni</span> <span class='ocrx_word' id='word_1_191' title='bbox 1614 1886 1785 1927; x_wconf 83' lang='lat' dir='ltr'>auferre.</span> 
     </span>
     <span class='ocr_line' id='line_1_26' title="bbox 472 1956 1843 2013; baseline -0.003 -11"><span class='ocrx_word' id='word_1_192' title='bbox 472 1965 566 2002; x_wconf 86' lang='lat' dir='ltr'>Hoc</span> <span class='ocrx_word' id='word_1_193' title='bbox 618 1962 732 2001; x_wconf 89' lang='lat' dir='ltr'>enim</span> <span class='ocrx_word' id='word_1_194' title='bbox 784 1960 861 2000; x_wconf 86' lang='lat' dir='ltr'>fuit</span> <span class='ocrx_word' id='word_1_195' title='bbox 912 1970 1084 2013; x_wconf 82' lang='lat' dir='ltr'>pactum</span> <span class='ocrx_word' id='word_1_196' title='bbox 1137 1958 1369 1998; x_wconf 86' lang='lat' dir='ltr'>dotacionis</span> <span class='ocrx_word' id='word_1_197' title='bbox 1421 1957 1618 2010; x_wconf 87' lang='lat' dir='ltr'>primeve.</span> <span class='ocrx_word' id='word_1_198' title='bbox 1689 1956 1786 1995; x_wconf 93' lang='lat' dir='ltr'>Ideo</span> <span class='ocrx_word' id='word_1_199' title='bbox 1804 1966 1843 1999; x_wconf 84' lang='lat'>25</span> 
     </span>
     <span class='ocr_line' id='line_1_27' title="bbox 472 2028 1788 2081; baseline -0.006 -9"><span class='ocrx_word' id='word_1_200' title='bbox 472 2034 674 2072; x_wconf 83' lang='lat' dir='ltr'>audenter</span> <span class='ocrx_word' id='word_1_201' title='bbox 704 2044 858 2081; x_wconf 87' lang='lat' dir='ltr'>assero,</span> <span class='ocrx_word' id='word_1_202' title='bbox 892 2030 923 2068; x_wconf 88' lang='lat' dir='ltr'>si</span> <span class='ocrx_word' id='word_1_203' title='bbox 957 2044 1054 2069; x_wconf 90' lang='lat' dir='ltr'>cum</span> <span class='ocrx_word' id='word_1_204' title='bbox 1086 2029 1172 2068; x_wconf 87' lang='lat' dir='ltr'>istis</span> <span class='ocrx_word' id='word_1_205' title='bbox 1206 2028 1374 2081; x_wconf 85' lang='lat' dir='ltr'>paribus</span> <span class='ocrx_word' id='word_1_206' title='bbox 1406 2041 1474 2066; x_wconf 78' lang='lat' dir='ltr'>rex</span> <span class='ocrx_word' id='word_1_207' title='bbox 1518 2034 1659 2066; x_wconf 85' lang='lat' dir='ltr'>noster</span> <span class='ocrx_word' id='word_1_208' title='bbox 1702 2039 1788 2064; x_wconf 91' lang='lat' dir='ltr'>non</span> 
     </span>
     <span class='ocr_line' id='line_1_28' title="bbox 472 2096 1789 2154; baseline -0.006 -12"><span class='ocrx_word' id='word_1_209' title='bbox 472 2103 596 2142; x_wconf 87' lang='lat' dir='ltr'>habet</span> <span class='ocrx_word' id='word_1_210' title='bbox 640 2109 891 2154; x_wconf 88' lang='lat' dir='ltr'>potestatem</span> <span class='ocrx_word' id='word_1_211' title='bbox 933 2100 984 2138; x_wconf 93' lang='lat' dir='ltr'>ad</span> <span class='ocrx_word' id='word_1_212' title='bbox 1033 2098 1271 2138; x_wconf 87' lang='lat' dir='ltr'>faciendum</span> <span class='ocrx_word' id='word_1_213' title='bbox 1317 2096 1358 2134; x_wconf 93' lang='lat' dir='ltr'>in</span> <span class='ocrx_word' id='word_1_214' title='bbox 1407 2097 1515 2136; x_wconf 92' lang='lat' dir='ltr'>clero</span> <span class='ocrx_word' id='word_1_215' title='bbox 1560 2110 1636 2135; x_wconf 88' lang='lat' dir='ltr'>suo</span> <span class='ocrx_word' id='word_1_216' title='bbox 1682 2109 1789 2148; x_wconf 87' lang='lat' dir='ltr'>opus</span> 
     </span>
     <span class='ocr_line' id='line_1_29' title="bbox 474 2165 1790 2222; baseline -0.005 -11"><span class='ocrx_word' id='word_1_217' title='bbox 474 2170 797 2211; x_wconf 87' lang='lat' dir='ltr'>misericorditer</span> <span class='ocrx_word' id='word_1_218' title='bbox 820 2169 1062 2222; x_wconf 85' lang='lat' dir='ltr'>castigandi,</span> <span class='ocrx_word' id='word_1_219' title='bbox 1086 2182 1172 2208; x_wconf 90' lang='lat' dir='ltr'>non</span> <span class='ocrx_word' id='word_1_220' title='bbox 1195 2168 1319 2206; x_wconf 85' lang='lat' dir='ltr'>habet</span> <span class='ocrx_word' id='word_1_221' title='bbox 1342 2165 1643 2207; x_wconf 86' lang='lat' dir='ltr'>sufficienciam</span> <span class='ocrx_word' id='word_1_222' title='bbox 1666 2178 1790 2218; x_wconf 90' lang='lat' dir='ltr'>super</span> 
     </span>
     <span class='ocr_line' id='line_1_30' title="bbox 474 2235 1788 2293; baseline -0.005 -13"><span class='ocrx_word' id='word_1_223' title='bbox 474 2241 589 2281; x_wconf 81' lang='lat' dir='ltr'>totali</span> <span class='ocrx_word' id='word_1_224' title='bbox 623 2253 753 2293; x_wconf 86' lang='lat' dir='ltr'>regno</span> <span class='ocrx_word' id='word_1_225' title='bbox 788 2248 930 2278; x_wconf 90' lang='lat' dir='ltr'>nostro</span> <span class='ocrx_word' id='word_1_226' title='bbox 964 2238 1131 2291; x_wconf 88' lang='lat' dir='ltr'>politice</span> <span class='ocrx_word' id='word_1_227' title='bbox 1164 2236 1424 2287; x_wconf 88' lang='lat' dir='ltr'>dominandi,</span> <span class='ocrx_word' id='word_1_228' title='bbox 1458 2249 1606 2289; x_wconf 90' lang='lat' dir='ltr'>ymmo</span> <span class='ocrx_word' id='word_1_229' title='bbox 1630 2235 1661 2273; x_wconf 89' lang='lat' dir='ltr'>si</span> <span class='ocrx_word' id='word_1_230' title='bbox 1685 2235 1788 2273; x_wconf 88' lang='lat' dir='ltr'>bene</span> 
     </span>
     <span class='ocr_line' id='line_1_31' title="bbox 475 2303 1847 2360; baseline -0.004 -10"><span class='ocrx_word' id='word_1_231' title='bbox 475 2310 730 2350; x_wconf 80' lang='lat' dir='ltr'>attendimus</span> <span class='ocrx_word' id='word_1_232' title='bbox 763 2309 816 2347; x_wconf 89' lang='lat' dir='ltr'>ad</span> <span class='ocrx_word' id='word_1_233' title='bbox 848 2308 1098 2360; x_wconf 85' lang='lat' dir='ltr'>scripturam</span> <span class='ocrx_word' id='word_1_234' title='bbox 1131 2320 1287 2346; x_wconf 84' lang='lat' dir='ltr'>sacram</span> <span class='ocrx_word' id='word_1_235' title='bbox 1323 2314 1362 2345; x_wconf 93' lang='lat' dir='ltr'>et</span> <span class='ocrx_word' id='word_1_236' title='bbox 1394 2305 1502 2345; x_wconf 83' lang='lat' dir='ltr'>dicta</span> <span class='ocrx_word' id='word_1_237' title='bbox 1534 2305 1583 2344; x_wconf 92' lang='lat' dir='ltr'>de</span> <span class='ocrx_word' id='word_1_238' title='bbox 1623 2303 1788 2357; x_wconf 85' lang='lat' dir='ltr'>privile·</span> <span class='ocrx_word' id='word_1_239' title='bbox 1806 2313 1847 2345; x_wconf 83' lang='lat'>30</span> 
     </span>
     <span class='ocr_line' id='line_1_32' title="bbox 476 2373 1792 2433; baseline -0.005 -14"><span class='ocrx_word' id='word_1_240' title='bbox 476 2381 550 2433; x_wconf 82' lang='lat' dir='ltr'>giis</span> <span class='ocrx_word' id='word_1_241' title='bbox 584 2378 765 2431; x_wconf 83' lang='lat' dir='ltr'>ecclesie,</span> <span class='ocrx_word' id='word_1_242' title='bbox 799 2387 838 2417; x_wconf 90' lang='lat' dir='ltr'>et</span> <span class='ocrx_word' id='word_1_243' title='bbox 871 2386 993 2417; x_wconf 85' lang='lat' dir='ltr'>sonat</span> <span class='ocrx_word' id='word_1_244' title='bbox 1014 2377 1057 2416; x_wconf 90' lang='lat' dir='ltr'>in</span> <span class='ocrx_word' id='word_1_245' title='bbox 1080 2375 1345 2429; x_wconf 85' lang='lat' dir='ltr'>privilegium</span> <span class='ocrx_word' id='word_1_246' title='bbox 1366 2375 1473 2428; x_wconf 84' lang='lat' dir='ltr'>regis</span> <span class='ocrx_word' id='word_1_247' title='bbox 1507 2375 1622 2427; x_wconf 88' lang='lat' dir='ltr'>quod</span> <span class='ocrx_word' id='word_1_248' title='bbox 1643 2373 1792 2412; x_wconf 88' lang='lat' dir='ltr'>habeat</span> 
     </span>
    </p>
   </div>
   <div class='ocr_carea' id='block_1_5' title="bbox 478 2442 1791 2503">
    <p class='ocr_par' dir='ltr' id='par_1_5' title="bbox 478 2442 1791 2503">
     <span class='ocr_line' id='line_1_33' title="bbox 478 2442 1791 2503; baseline -0.005 -17"><span class='ocrx_word' id='word_1_249' title='bbox 478 2449 717 2503; x_wconf 80' lang='lat' dir='ltr'>potenciam</span> <span class='ocrx_word' id='word_1_250' title='bbox 741 2447 874 2487; x_wconf 84' lang='lat' dir='ltr'>taliter</span> <span class='ocrx_word' id='word_1_251' title='bbox 907 2446 1076 2486; x_wconf 90' lang='lat' dir='ltr'>clericos</span> <span class='ocrx_word' id='word_1_252' title='bbox 1109 2444 1368 2496; x_wconf 89' lang='lat' dir='ltr'>cohercendi,</span> <span class='ocrx_word' id='word_1_253' title='bbox 1402 2453 1441 2483; x_wconf 91' lang='lat' dir='ltr'>et</span> <span class='ocrx_word' id='word_1_254' title='bbox 1473 2443 1605 2482; x_wconf 89' lang='lat' dir='ltr'>clerici</span> <span class='ocrx_word' id='word_1_255' title='bbox 1639 2442 1791 2482; x_wconf 91' lang='lat' dir='ltr'>habent</span> 
     </span>
    </p>
   </div>
   <div class='ocr_carea' id='block_1_6' title="bbox 481 2610 1793 2698">
    <p class='ocr_par' dir='ltr' id='par_1_6' title="bbox 481 2610 1793 2698">
     <span class='ocr_line' id='line_1_34' title="bbox 533 2610 1793 2650; baseline -0.006 -5"><span class='ocrx_word' id='word_1_256' title='bbox 533 2620 560 2645; x_wconf 62' lang='grc' dir='ltr'>ὃ.</span> <span class='ocrx_word' id='word_1_257' title='bbox 583 2618 620 2647; x_wconf 73' lang='lat' dir='ltr'>B:</span> <span class='ocrx_word' id='word_1_258' title='bbox 643 2616 870 2645; x_wconf 82' lang='lat' dir='ltr'>concurribilis.</span> <span class='ocrx_word' id='word_1_259' title='bbox 980 2624 1016 2642; x_wconf 82' lang='lat'>12.</span> <span class='ocrx_word' id='word_1_260' title='bbox 1039 2615 1122 2642; x_wconf 82' lang='lat' dir='ltr'>Hus:</span> <span class='ocrx_word' id='word_1_261' title='bbox 1144 2622 1276 2650; x_wconf 83' lang='lat' dir='ltr'>sequens</span> <span class='ocrx_word' id='word_1_262' title='bbox 1298 2613 1435 2641; x_wconf 75' lang='lat' dir='ltr'>formari.</span> <span class='ocrx_word' id='word_1_263' title='bbox 1550 2620 1592 2646; x_wconf 81' lang='lat'>¹4-</span> <span class='ocrx_word' id='word_1_264' title='bbox 1615 2611 1652 2638; x_wconf 86' lang='lat' dir='ltr'>B:</span> <span class='ocrx_word' id='word_1_265' title='bbox 1674 2610 1793 2639; x_wconf 80' lang='lat' dir='ltr'>scilicet</span> 
     </span>
     <span class='ocr_line' id='line_1_35' title="bbox 481 2660 1264 2698; baseline -0.006 -6"><span class='ocrx_word' id='word_1_266' title='bbox 481 2667 576 2692; x_wconf 80' lang='lat' dir='ltr'>deest.</span> <span class='ocrx_word' id='word_1_267' title='bbox 720 2670 767 2697; x_wconf 83' lang='lat'>29.</span> <span class='ocrx_word' id='word_1_268' title='bbox 789 2662 926 2698; x_wconf 85' lang='lat' dir='ltr'>politice.</span> <span class='ocrx_word' id='word_1_269' title='bbox 948 2662 980 2689; x_wconf 83' lang='lat' dir='ltr'>ln</span> <span class='ocrx_word' id='word_1_270' title='bbox 1003 2661 1100 2689; x_wconf 87' lang='lat' dir='ltr'>codd:</span> <span class='ocrx_word' id='word_1_271' title='bbox 1123 2660 1264 2696; x_wconf 78' lang='lat' dir='ltr'>poletice.</span> 
     </span>
    </p>
   </div>
   <div class='ocr_carea' id='block_1_7' title="bbox 539 2792 875 2824">
    <p class='ocr_par' dir='ltr' id='par_1_7' title="bbox 539 2792 875 2824">
     <span class='ocr_line' id='line_1_36' title="bbox 539 2792 875 2824; baseline -0.006 0"><span class='ocrx_word' id='word_1_272' title='bbox 539 2793 672 2824; x_wconf 55' lang='grc'>8.-32.</span> <span class='ocrx_word' id='word_1_273' title='bbox 702 2793 773 2823; x_wconf 86' lang='lat' dir='ltr'>Hus</span> <span class='ocrx_word' id='word_1_274' title='bbox 801 2792 820 2822; x_wconf 93' lang='lat' dir='ltr'>l.</span> <span class='ocrx_word' id='word_1_275' title='bbox 848 2802 875 2822; x_wconf 88' lang='lat' dir='ltr'>c.</span> 
     </span>
    </p>
   </div>
  </div>
 </body>
</html>
