2051 3343
176 219 251 245 120
897 213 1119 245 JOHANle
1145 211 1340 245 WYCLIF.
1592 197 1697 255 [CAP.
1714 206 1765 234 vi.

461 319 581 358 cione
614 318 817 371 spirituali
851 332 873 356 a
906 331 989 370 qua
1022 317 1128 357 forte
1153 318 1469 369 degenerantur,
1493 316 1646 355 debent
1667 315 1768 355 tales
1788 325 1916 366 145⁸D

461 388 710 429 elemosinas
742 387 970 427 vendicare.

214 468 398 508 Objectiong
518 459 634 509 Item,
667 458 781 497 iuxta
813 457 920 496 dicta
951 464 1091 496 totum
1127 470 1260 509 genus
1297 456 1534 496 humanum
1567 464 1628 496 est
1660 463 1815 497 unusE

170 505 442 577 aiiffhziilitoslzaiffts
460 528 607 579 homo,
642 527 797 566 divisus
841 527 883 565 in
917 526 1023 566 duos
1067 526 1274 578 homines,
1322 535 1361 566 et
1405 535 1579 579 uterque
1624 538 1770 564 eorum

182 578 436 648 gxrgiz’esiiigliigdavt
459 597 585 636 habet
617 597 756 636 Deum
790 604 829 635 et
862 595 1086 635 dominum
1109 596 1251 635 Jesum
1285 595 1502 635 Christum
1522 609 1598 648 pro
1623 593 1769 647 capite,
1786 602 1803 635 5

169 646 219 706 tii'et
240 643 444 717 ξέἕῗῑοῗῖἓε
459 680 556 719 ergo
590 674 765 719 uterque
799 679 947 705 eorum
981 674 1041 705 est
1065 679 1217 718 corpus
1250 665 1425 716 domini,
1459 675 1498 705 et
1519 679 1592 718 per
1623 677 1768 704 conse-

265 713 354 740 dewl'
459 750 605 789 quenS,
631 735 698 775 ille
731 745 846 775 totus
870 735 1002 775 homo
1036 735 1141 775 foret
1174 749 1325 788 corpus
1348 735 1509 774 domini
1533 744 1572 775 et
1603 734 1660 773 sic
1683 734 1770 772 sine

458 806 624 845 racione
656 806 897 858 reprobaret
934 806 1198 858 Augustinus
1238 805 1469 845 Ticonium
1508 806 1558 844 de
1597 816 1771 856 corpore

459 875 622 915 domini
655 875 863 928 bipertito.
898 877 983 915 Nec
1016 884 1077 915 est
1109 875 1322 915 evidencia
1344 875 1461 928 quod
1485 873 1684 914 exercitus
1705 872 1772 912 vel

458 944 643 998 populus
666 944 763 984 facit
810 944 1016 998 quidquid
1049 944 1145 984 facit
1175 958 1270 997 pars
1295 944 1397 996 eius,
1431 944 1531 997 quin
1564 957 1637 997 per
1658 943 1771 981 idem
1790 959 1829 981 10

456 1015 525 1054 ille
557 1027 736 1067 magnus
768 1014 900 1053 homo
935 1013 1040 1053 foret
1063 1014 1188 1053 simul
1211 1027 1362 1066 corpus
1388 1013 1541 1054 Christi
1565 1022 1603 1053 et
1621 1026 1772 1065 corpus

458 1084 627 1135 diaboli,
661 1084 842 1124 salvatus
876 1092 915 1123 et
947 1084 1214 1137 dampnatus,
1238 1083 1336 1137 quia
1367 1084 1601 1124 secundum
1622 1091 1772 1136 parteS,

460 1167 557 1208 ergo
591 1162 665 1193 etc.

168 1236 379 1299 Marfflggveigz
396 1268 444 1296 di·
517 1223 597 1263 Hic
620 1223 770 1263 dicitur
785 1224 1056 1263 concedendo
1075 1233 1357 1277 assumptum,
1374 1237 1470 1263 cum
1486 1236 1573 1261 non
1596 1231 1774 1275 possunt

170 1306 446 1367 Xssdcleffningosgxgge,
461 1307 548 1334 esse
581 1293 720 1346 plures
752 1307 882 1346 quarn
914 1294 998 1333 duo
1016 1293 1224 1345 homines,
1257 1303 1296 1334 et
1313 1294 1370 1332 ita
1391 1292 1634 1332 conceditur
1657 1292 1774 1345 quod
1793 1296 1830 1329 15

169 1374 446 1437 trgydbfcgtrhtssgxrre
460 1372 637 1417 uterque
668 1363 849 1403 istorum
881 1363 1066 1402 duorum
1098 1363 1324 1402 hominum
1362 1363 1488 1402 habet
1520 1363 1659 1402 Deum
1697 1375 1772 1414 pro

220 1418 237 1436 O

171 1444 258 1483 head,
290 1445 343 1471 but
373 1443 444 1479 only
459 1433 607 1486 capite,
630 1434 654 1455 s
679 1446 765 1472 non
803 1447 879 1485 pro
912 1442 1026 1486 parte
1059 1433 1159 1487 eius,
1201 1434 1271 1473 sed
1311 1432 1591 1486 principaliter
1621 1431 1871 1478 extrin-145b

171 1478 445 1542 orgssgrsoetnLemsgdy
460 1516 577 1543 secus
608 1503 823 1554 influente,
857 1512 895 1542 et
927 1503 985 1542 sic
1017 1516 1126 1542 unus
1165 1517 1312 1543 eorum
1345 1511 1405 1542 est
1437 1515 1589 1555 corpus
1612 1500 1775 1541 domini

461 1573 575 1625 quod
609 1580 669 1612 est
716 1579 856 1611 sancta
903 1572 1087 1626 ecclesia,
1132 1573 1204 1611 sed
1247 1572 1350 1611 alter
1391 1584 1478 1611 non
1522 1579 1582 1610 est
1625 1584 1776 1623 corpus

460 1641 638 1694 domini,
672 1642 743 1681 sed
767 1655 918 1694 corpus
942 1641 1109 1681 diaboli.
1146 1643 1199 1682 Et
1231 1642 1286 1681 sic
1318 1655 1407 1681 non
1439 1641 1644 1695 sequitur:
1680 1641 1774 1679 Hoc
1790 1655 1831 1677 zo

463 1725 614 1764 corpus
648 1721 707 1751 est
739 1711 914 1763 domini,
960 1725 1058 1764 ergo
1096 1712 1177 1752 hoc
1217 1721 1276 1751 est
1315 1725 1465 1764 corpus
1499 1710 1673 1750 domini.
1721 1710 1775 1750 Et

458 1781 539 1820 hoc
570 1780 748 1821 intendit
780 1781 1057 1834 Augustinus,
1090 1782 1164 1821 1110
1203 1782 1264 1821 De
1296 1781 1498 1821 Doctrina
1522 1779 1772 1831 Christiana,

460 1851 635 1890 ΧΧΧΙΙΟ
670 1864 774 1903 cap„
807 1850 1027 1904 increpans
1052 1851 1294 1903 Ticonium,
1318 1850 1416 1904 quia
1436 1849 1600 1889 vocavit
1620 1849 1773 1902 presci-

460 1931 525 1960 tos
559 1934 710 1973 corpus
743 1919 1019 1962 dominicum.
1060 1921 1157 1960 Non
1190 1920 1304 1960 enim
1336 1929 1396 1960 est
1440 1928 1579 1960 totum
1622 1932 1773 1971 corpus

460 1990 648 2030 naturale
680 2003 832 2042 corpus
865 1990 1027 2029 domini
1060 1990 1319 2043 bipertitum,
1358 1989 1438 2028 nisi
1470 1997 1647 2041 utraque
1678 2002 1773 2041 pars
1790 1992 1828 2024 25

461 2059 583 2099 fuerit
606 2073 757 2112 corpus
780 2059 954 2100 domini.
979 2060 1033 2099 Et
1056 2073 1154 2099 cum
1175 2059 1437 2112 Augustinus
1460 2059 1634 2098 XXX110
1656 2068 1771 2111 post-

460 2143 589 2182 quam
623 2128 807 2169 ostendit
837 2129 955 2182 quod
988 2128 1179 2169 Christus
1213 2137 1252 2169 et
1299 2142 1450 2182 corpus
1490 2142 1617 2168 suum
1657 2129 1772 2182 quod

461 2207 521 2238 est
554 2198 725 2238 ecclesia
754 2207 851 2238 sunt
875 2212 959 2238 una
976 2211 1167 2251 persona,
1186 2198 1374 2251 increpat
1406 2212 1505 2237 eum
1526 2198 1568 2236 in
1591 2199 1774 2238 secunda

459 2268 601 2321 regula
633 2282 714 2321 qua
735 2277 858 2308 vocat
880 2277 1021 2308 totum
1042 2281 1172 2321 genus
1188 2267 1412 2307 hominum
1438 2281 1588 2320 corpus
1612 2268 1772 2307 domini

460 2337 715 2390 bipartitum.
760 2339 874 2389 Non,
908 2337 1057 2391 inquit,
1100 2338 1161 2377 sic
1193 2337 1336 2377 debuit
1385 2338 1619 2390 appellare.
1672 2335 1771 2377 Non
1790 2340 1830 2373 30

460 2407 568 2447 enim
604 2420 758 2447 revera
791 2407 951 2447 domini
983 2420 1139 2460 corpus
1173 2413 1235 2447 est
1265 2407 1379 2460 quod
1422 2421 1517 2447 cum
1557 2408 1647 2460 ipso
1686 2420 1771 2448 non

512 2539 537 2558 2.
559 2531 597 2560 B:
637 2531 814 2559 elemosina.
923 2531 947 2559 3.
970 2533 997 2559 A
1017 2532 1046 2559 in
1068 2540 1183 2567 marga
1222 2531 1334 2560 Tereia
1354 2533 1503 2560 obieccio.
1630 2540 1672 2566 14.
1693 2533 1722 2560 A
1741 2532 1772 2560 in

461 2586 575 2612 marga
597 2578 780 2613 Responsio.
802 2578 918 2605 Totum
938 2586 1035 2613 genus
1049 2579 1218 2605 humanum
1231 2583 1277 2606 est
1297 2587 1376 2606 unus
1398 2579 1492 2606 homo
1510 2578 1628 2606 divisus
1648 2579 1679 2607 in
1695 2579 1773 2607 duos

461 2626 603 2652 homines
625 2629 653 2652 et
678 2632 758 2652 unus
773 2624 896 2651 illorum
919 2629 964 2651 est
992 2633 1107 2660 corpus
1138 2624 1258 2652 domini
1291 2630 1319 2653 et
1352 2625 1428 2652 alius
1449 2630 1494 2653 est
1514 2633 1626 2661 corpus
1648 2625 1773 2653 diaboli.

462 2670 578 2699 Contra
613 2670 793 2698 Ticonium.
937 2671 978 2700 23.
999 2673 1027 2699 A
1064 2671 1093 2698 in
1116 2680 1229 2707 marg:
1248 2671 1442 2707 Augustinus
1463 2675 1569 2700 contra
1588 2671 1772 2700 Ticonium.

517 2765 548 2797 8.
575 2766 611 2797 In
637 2767 740 2797 tertio
767 2765 856 2797 libro
886 2766 933 2796 De
961 2766 1077 2797 Doctr.
1104 2765 1229 2797 Christ.
1263 2776 1335 2809 cap.
1361 2766 1494 2797 XXXII.
1639 2777 1692 2799 22.
1720 2767 1772 2799 Cf.

462 2824 548 2862 Hus,
574 2824 623 2854 De
650 2824 805 2862 ecclesia,
834 2823 927 2866 Opp.
955 2830 1038 2854 tom.
1067 2825 1090 2864 1,
1121 2821 1217 2855 206¹¹'
