2051 3273
197 223 285 252 CAP.
309 213 391 271 xv]
697 227 757 258 DE
783 226 1017 258 ECCLESIA.
1714 221 1785 271 341

58 342 77 375 1
106 340 182 384 1760
197 332 249 371 ad
280 344 418 383 regem
442 330 621 383 pertinet
644 343 896 382 cognoscere
919 330 1034 383 quod
1056 330 1370 370 elemosinarius
1406 346 1504 372 suus
1536 341 1766 404 lttgstoffjsscted

1594 386 1609 404 a
1665 386 1679 404 e
1700 387 1754 414 esy

193 399 305 439 vivat
337 399 589 450 clericaliter,
622 407 714 438 tum
746 399 844 452 quia
888 400 964 439 sub
1008 399 1077 440 illa
1114 400 1361 440 condicione
1408 411 1505 441 sunt
1527 411 1602 450 does
1624 417 1677 450 npt
1696 421 1783 441 come

193 469 417 509 elemosine
450 468 526 508 sibi
558 469 665 520 date,
697 477 790 508 tum,
821 468 953 508 eciam
994 469 1090 523 quia
1126 470 1417 521 degenerando
1453 471 1503 509 ab
1552 447 1669 515 Ιένῑῖιῖὲἶι
1687 448 1757 517 0¹3}

192 538 267 578 ista
299 538 381 577 vita
413 538 518 578 foret
549 546 789 578 monstrum
810 538 992 578 maxime
1013 539 1242 591 proditorie
1278 539 1430 578 faciens
1453 541 1504 579 ad
1588 524 1728 551 nisance3

159 607 524 651 5destruccionem
546 608 673 660 regni,
698 616 737 647 et
764 621 838 661 per
868 621 1128 661 consequens
1160 608 1372 648 incurrens
1402 622 1501 648 con-

192 685 402 729 temptum
434 677 539 730 regis
571 676 876 730 gravissimum.
940 677 1037 717 Ideo
1069 677 1182 717 idem
1214 677 1323 718 foret
1364 691 1502 718 cecare

190 759 332 799 regem
366 755 404 786 et
446 760 625 799 regnum
672 759 746 799 per
789 746 919 786 istum
964 747 1108 787 fucum
1140 747 1419 800 sophisticum
1463 757 1502 788 et

189 816 321 856 dicere
353 816 432 855 illis
477 816 593 869 quod
635 829 721 855 non
766 816 943 869 pertinet
993 817 1049 856 eis
1098 830 1349 871 cognoscere
1401 817 1503 871 quid

190 885 295 925 foret
327 885 448 925 saluti
480 885 618 925 anime
642 899 790 925 eorum
823 894 862 925 et
883 886 1181 939 gubernacioni
1213 887 1326 939 regni
1360 900 1499 927 neces-

134 974 172 995 10
189 955 355 996 sarium.
421 955 473 995 Et
516 968 655 994 revera
705 955 945 1009 quicunque
994 956 1075 996 hoc
1123 956 1372 1009 imposuerit
1414 956 1501 1008 regi

188 1033 345 1075 nostro,
377 1024 560 1077 imponit
592 1024 668 1063 sibi
702 1024 903 1078 implicite
936 1026 1052 1079 quod
1075 1039 1162 1066 non
1185 1026 1236 1066 sit
1267 1026 1415 1065 habilis
1448 1027 1499 1065 ad

187 1094 463 1147 regnandum.
498 1095 586 1134 Rex
619 1108 718 1147 ergo
751 1103 916 1134 tenetur
965 1095 1065 1135 scire
1098 1110 1170 1149 per
1202 1110 1244 1135 se
1275 1096 1340 1135 vel
1373 1109 1498 1135 suum
1514 1103 1568 1131 but
1587 1104 1636 1132 the
1656 1105 1736 1141 King
1761 1107 1786 1134 is

187 1163 450 1204 executivum
483 1163 707 1204 consilium
746 1164 846 1217 quid
876 1174 1060 1218 vergeret
1099 1165 1150 1204 ad
1193 1165 1256 1205 sui
1299 1179 1345 1204 ac
1382 1165 1496 1218 regni
1512 1139 1785 1208 bolifglziidgtffiifsd

185 1233 319 1273 maius
352 1233 600 1286 periculum,
645 1235 760 1287 quod
803 1233 975 1274 indubie
1020 1233 1127 1274 foret
1159 1234 1334 1274 omissio
1367 1234 1492 1273 corri-
1523 1209 1777 1279 daffieggggline

132 1310 169 1342 15
184 1304 308 1357 gendi
332 1304 430 1357 quia
451 1303 685 1343 secundum
708 1304 879 1343 beatum
898 1303 1148 1356 Gregorium
1172 1312 1211 1343 et
1232 1304 1342 1356 leges
1369 1312 1493 1356 quot-

184 1374 302 1413 libet:
341 1373 425 1421 Qui
457 1373 687 1413 emendare
712 1380 857 1426 potest
889 1381 928 1414 et
959 1374 1146 1427 negligit
1176 1373 1334 1426 absque
1366 1373 1494 1413 dubio

176 1443 436 1495 participem
471 1442 616 1482 delicti
645 1456 689 1482 se
710 1444 848 1495 ipsum
873 1444 1096 1484 constituit.
1128 1443 1375 1483 Consideret
1398 1457 1495 1496 ergo

184 1513 234 1552 de
266 1512 360 1552 cleri
394 1511 565 1551 crimine
609 1526 679 1552 rex
722 1514 787 1552 vel
831 1527 954 1552 suum
1002 1512 1225 1553 consilium
1262 1514 1496 1553 secundum

182 1582 394 1623 racionem
421 1596 505 1635 qua
534 1590 594 1621 est
616 1582 746 1635 ipsius
769 1582 882 1636 regni
917 1583 1035 1622 cuius
1066 1596 1135 1622 rex
1157 1583 1316 1636 accepit
1343 1583 1492 1636 guber-

125 1668 166 1689 20
181 1653 329 1692 nacula
362 1651 676 1703 destructivum,
710 1652 816 1691 sicut
848 1653 970 1692 docet
1014 1652 1159 1691 beatus
1193 1651 1418 1706 Gregorius
1449 1652 1492 1690 in

181 1720 371 1774 Registro
403 1721 472 1760 lib.
511 1720 602 1772 XIO,
647 1735 735 1773 cap.
768 1722 924 1761 XXIX0
959 1722 1022 1776 (ut
1060 1721 1248 1775 superius
1286 1720 1491 1776 allegavi).

149 1797 166 1828 1
239 1790 524 1831 Confirmatur
555 1791 782 1844 tripliciter,
822 1791 959 1844 primo
1000 1805 1072 1844 per
1102 1791 1182 1830 hoc
1227 1792 1341 1844 quod
1379 1791 1492 1830 iuxta

180 1861 393 1900 decretum
407 1860 514 1900 beati
531 1860 719 1913 Gregorii
735 1861 922 1914 positum
937 1861 1028 1912 Xla,
1039 1875 1077 1914 q.
1089 1861 1492 1914 111³,Privilegiums
1523 1871 1766 1902 Confirmation:

178 1930 457 1983 Privilegium
481 1931 651 1970 omnino
685 1930 805 1970 debet
836 1932 1029 1971 amittere
1061 1932 1133 1983 qui
1162 1930 1245 1970 sibi
1267 1931 1489 1983 permissa
1507 1906 1778 1983 iga‘gnteisstegffgsss

121 1999 371 2039 25abutitztr
394 2005 617 2052 potestate.
665 2000 745 2039 Sed
790 2000 927 2039 omnis
973 2000 1143 2040 clericus
1187 2000 1362 2040 abutens
1407 2001 1487 2039 ele-
1522 1981 1760 2042 Otfdrtssiigliffe

178 2068 351 2108 mosinis
395 2069 500 2122 regis
546 2069 620 2108 sibi
666 2069 868 2122 permissa
910 2069 1094 2109 abutitur
1127 2078 1344 2122 potestate,
1391 2084 1488 2110 cum

177 2151 275 2190 ergo
308 2138 376 2177 illa
410 2139 575 2178 dotacio
608 2139 659 2179 sit
690 2139 967 2192 privilegium,
1015 2139 1202 2192 sequitur
1240 2141 1352 2193 quod
1387 2140 1488 2179 illud

177 2207 354 2247 omnino
388 2208 508 2248 debet
539 2209 741 2249 amittere.
776 2210 855 2249 Sed
889 2223 959 2262 per
992 2223 1119 2263 quem
1151 2210 1228 2248 nisi
1252 2223 1324 2263 per
1346 2223 1484 2262 regem

178 2274 533 2329 privilegiantem?
564 2278 676 2317 Illius
710 2278 822 2318 enim
853 2288 913 2318 est
936 2279 1201 2332 privilegium
1229 2279 1485 2332 interpretari

118 2349 161 2381 30
177 2354 216 2385 et
248 2345 467 2386 defendere
500 2346 617 2387 cuius
651 2356 711 2387 est
743 2349 931 2389 condere.
996 2348 1280 2389 Confirmatur
1323 2363 1370 2388 ex
1414 2349 1485 2388 illo

175 2415 493 2469 Matthei,X1110
516 2426 582 2457 12:
611 2416 738 2457 Omni
759 2418 933 2458 habenti
954 2418 1124 2459 dabitur
1145 2426 1185 2459 et
1207 2418 1484 2471 habundabit,

226 2538 251 2566 5.
273 2538 312 2565 B:
335 2539 575 2567 detraccionem.
718 2549 757 2567 10.
781 2541 820 2567 B:
854 2541 911 2568 hoc
932 2541 1073 2577 imponit.
1218 2544 1258 2570 18.
1280 2543 1301 2570 B
1322 2545 1352 2570 in
1368 2551 1482 2578 marga

172 2583 253 2611 Nota
273 2585 433 2620 quomodo
448 2593 501 2612 rex
521 2586 691 2613 secundum
708 2585 895 2621 Gregorium
916 2587 1007 2614 habet
1021 2587 1169 2615 interesse
1185 2590 1221 2616 ad
1237 2589 1374 2617 defectus
1395 2590 1481 2617 cleri-

172 2637 279 2657 corum
300 2631 511 2666 corrigendos.
550 2633 578 2659 A
599 2632 629 2659 in
650 2640 764 2667 marga
792 2632 971 2669 Gregorius.
1114 2643 1157 2662 22.
1185 2637 1214 2663 A
1234 2636 1265 2663 in
1287 2644 1398 2670 marg:
1422 2636 1483 2663 Rex

173 2680 288 2711 peccat,
310 2676 336 2703 si
356 2684 416 2704 non
437 2678 563 2713 corrigit
583 2678 727 2706 clericum
748 2679 926 2707 elemosinis
953 2681 1129 2709 abutentem
1150 2682 1267 2716 (Below
1288 2683 1335 2716 170*
1352 2683 1481 2710 without

172 2722 259 2749 mark
279 2721 315 2749 of
331 2722 512 2758 reference).
654 2725 699 2752 28.
721 2726 750 2752 A
769 2725 801 2752 in
822 2733 934 2761 marg:
956 2725 1084 2762 Triplex
1104 2728 1313 2756 confirmacio.

232 2838 284 2860 22.
311 2834 344 2860 et
371 2829 422 2860 25.
449 2830 523 2861 Hus
550 2830 569 2861 l.
597 2841 624 2862 c.
652 2830 710 2863 fol.
738 2831 899 2864 CXXIIF.
