<?xml version="1.0" encoding="UTF-8"?>
<!DOCTYPE html PUBLIC "-//W3C//DTD XHTML 1.0 Transitional//EN"
    "http://www.w3.org/TR/xhtml1/DTD/xhtml1-transitional.dtd">
<html xmlns="http://www.w3.org/1999/xhtml" xml:lang="en" lang="en">
 <head>
  <title>
</title>
<meta http-equiv="Content-Type" content="text/html;charset=utf-8" />
  <meta name='ocr-system' content='tesseract 3.04.00' />
  <meta name='ocr-capabilities' content='ocr_page ocr_carea ocr_par ocr_line ocrx_word'/>
</head>
<body>
  <div class='ocr_page' id='page_1' title='image "./tractatusdeeccle00wycl_0613.png"; bbox 0 0 2051 3273; ppageno 0'>
   <div class='ocr_carea' id='block_1_1' title="bbox 205 180 1808 237">
    <p class='ocr_par' dir='ltr' id='par_1_1' title="bbox 205 180 1808 237">
     <span class='ocr_line' id='line_1_1' title="bbox 205 180 1808 237; baseline 0.009 -17"><span class='ocrx_word' id='word_1_1' title='bbox 205 192 293 220; x_wconf 78' lang='lat' dir='ltr'>CAP.</span> <span class='ocrx_word' id='word_1_2' title='bbox 322 180 446 237; x_wconf 73' lang='lat' dir='ltr'>xxm]</span> <span class='ocrx_word' id='word_1_3' title='bbox 701 194 759 225; x_wconf 80' lang='lat' dir='ltr'>DE</span> <span class='ocrx_word' id='word_1_4' title='bbox 785 193 1020 225; x_wconf 68' lang='lat' dir='ltr'>EchEsm.</span> <span class='ocrx_word' id='word_1_5' title='bbox 1729 181 1808 234; x_wconf 81' lang='lat'>579</span> 
     </span>
    </p>
   </div>
   <div class='ocr_carea' id='block_1_2' title="bbox 53 296 1774 365">
    <p class='ocr_par' dir='ltr' id='par_1_2' title="bbox 53 296 1774 365">
     <span class='ocr_line' id='line_1_2' title="bbox 53 296 1774 365; baseline -0.006 -22"><span class='ocrx_word' id='word_1_6' title='bbox 53 299 356 353; x_wconf 66' lang='lat' dir='ltr'>R207⁵paliter</span> <span class='ocrx_word' id='word_1_7' title='bbox 392 298 554 337; x_wconf 90' lang='lat' dir='ltr'>solvere</span> <span class='ocrx_word' id='word_1_8' title='bbox 596 308 905 349; x_wconf 84' lang='lat' dir='ltr'>expresserunt.</span> <span class='ocrx_word' id='word_1_9' title='bbox 971 297 1093 336; x_wconf 85' lang='lat' dir='ltr'>Unde</span> <span class='ocrx_word' id='word_1_10' title='bbox 1127 305 1296 336; x_wconf 89' lang='lat' dir='ltr'>sanctus</span> <span class='ocrx_word' id='word_1_11' title='bbox 1328 296 1518 334; x_wconf 79' lang='lat' dir='ltr'>Thomas</span> <span class='ocrx_word' id='word_1_12' title='bbox 1570 302 1774 365; x_wconf 47' lang='lat' dir='ltr'>{gussffigssssss</span> 
     </span>
    </p>
   </div>
   <div class='ocr_carea' id='block_1_3' title="bbox 142 365 1809 2363">
    <p class='ocr_par' dir='ltr' id='par_1_3' title="bbox 204 365 1809 558">
     <span class='ocr_line' id='line_1_3' title="bbox 208 365 1809 434; baseline -0.002 -28"><span class='ocrx_word' id='word_1_13' title='bbox 208 368 478 406; x_wconf 80' lang='lat' dir='ltr'>conclusione</span> <span class='ocrx_word' id='word_1_14' title='bbox 535 368 717 406; x_wconf 86' lang='lat' dir='ltr'>secunda</span> <span class='ocrx_word' id='word_1_15' title='bbox 759 367 922 405; x_wconf 80' lang='lat' dir='ltr'>articuli</span> <span class='ocrx_word' id='word_1_16' title='bbox 969 366 1099 416; x_wconf 88' lang='lat' dir='ltr'>tercii,</span> <span class='ocrx_word' id='word_1_17' title='bbox 1150 366 1188 405; x_wconf 92' lang='lat' dir='ltr'>d.</span> <span class='ocrx_word' id='word_1_18' title='bbox 1239 365 1331 418; x_wconf 87' lang='lat' dir='ltr'>XX,</span> <span class='ocrx_word' id='word_1_19' title='bbox 1379 365 1517 417; x_wconf 88' lang='lat' dir='ltr'>quarti</span> <span class='ocrx_word' id='word_1_20' title='bbox 1541 371 1630 433; x_wconf 49' lang='grc' dir='ltr'>32οιἒὲ</span> <span class='ocrx_word' id='word_1_21' title='bbox 1650 372 1809 434; x_wconf 44' lang='grc' dir='ltr'>9ξέηέἓῖὶὶ</span> 
     </span>
     <span class='ocr_line' id='line_1_4' title="bbox 204 426 1808 487; baseline 0 -12"><span class='ocrx_word' id='word_1_22' title='bbox 204 438 297 476; x_wconf 89' lang='lat' dir='ltr'>libri</span> <span class='ocrx_word' id='word_1_23' title='bbox 355 446 497 475; x_wconf 90' lang='lat' dir='ltr'>movet</span> <span class='ocrx_word' id='word_1_24' title='bbox 550 437 741 487; x_wconf 89' lang='lat' dir='ltr'>dubium,</span> <span class='ocrx_word' id='word_1_25' title='bbox 807 445 950 475; x_wconf 89' lang='lat' dir='ltr'>utrum</span> <span class='ocrx_word' id='word_1_26' title='bbox 1022 436 1291 487; x_wconf 83' lang='lat' dir='ltr'>indulgencie</span> <span class='ocrx_word' id='word_1_27' title='bbox 1350 443 1518 474; x_wconf 85' lang='lat' dir='ltr'>tantum</span> <span class='ocrx_word' id='word_1_28' title='bbox 1537 426 1571 467; x_wconf 47' lang='grc' dir='ltr'>οὲ</span> <span class='ocrx_word' id='word_1_29' title='bbox 1594 441 1808 476; x_wconf 83' lang='lat' dir='ltr'>indulgences.</span> 
     </span>
     <span class='ocr_line' id='line_1_5' title="bbox 205 504 1517 558; baseline -0.001 -15"><span class='ocrx_word' id='word_1_30' title='bbox 205 507 343 545; x_wconf 84' lang='lat' dir='ltr'>valent</span> <span class='ocrx_word' id='word_1_31' title='bbox 375 515 583 558; x_wconf 89' lang='lat' dir='ltr'>quantum</span> <span class='ocrx_word' id='word_1_32' title='bbox 607 505 960 557; x_wconf 77' lang='lat' dir='ltr'>pronunciantur,</span> <span class='ocrx_word' id='word_1_33' title='bbox 998 513 1036 543; x_wconf 93' lang='lat' dir='ltr'>et</span> <span class='ocrx_word' id='word_1_34' title='bbox 1062 504 1278 555; x_wconf 82' lang='lat' dir='ltr'>arguendo</span> <span class='ocrx_word' id='word_1_35' title='bbox 1302 504 1352 542; x_wconf 88' lang='lat' dir='ltr'>ad</span> <span class='ocrx_word' id='word_1_36' title='bbox 1377 512 1517 556; x_wconf 84' lang='lat' dir='ltr'>partes</span> 
     </span>
    </p>

    <p class='ocr_par' dir='ltr' id='par_1_4' title="bbox 172 572 1806 904">
     <span class='ocr_line' id='line_1_6' title="bbox 172 572 1806 640; baseline -0.002 -26"><span class='ocrx_word' id='word_1_37' title='bbox 172 576 351 618; x_wconf 68' lang='lat' dir='ltr'>§recitat</span> <span class='ocrx_word' id='word_1_38' title='bbox 375 575 622 627; x_wconf 84' lang='lat' dir='ltr'>opinionem</span> <span class='ocrx_word' id='word_1_39' title='bbox 649 574 983 626; x_wconf 79' lang='lat' dir='ltr'>quadruplicem.</span> <span class='ocrx_word' id='word_1_40' title='bbox 1018 574 1212 621; x_wconf 87' lang='lat' dir='ltr'>Quarum</span> <span class='ocrx_word' id='word_1_41' title='bbox 1249 573 1382 626; x_wconf 90' lang='lat' dir='ltr'>prima</span> <span class='ocrx_word' id='word_1_42' title='bbox 1416 572 1517 611; x_wconf 90' lang='lat' dir='ltr'>dicit</span> <span class='ocrx_word' id='word_1_43' title='bbox 1533 577 1806 640; x_wconf 45' lang='grc' dir='ltr'>Τῖῗὶῐῐξῑὲῑηῗέξξε</span> 
     </span>
     <span class='ocr_line' id='line_1_7' title="bbox 204 621 1719 697; baseline -0.001 -14"><span class='ocrx_word' id='word_1_44' title='bbox 204 646 318 697; x_wconf 88' lang='lat' dir='ltr'>quod</span> <span class='ocrx_word' id='word_1_45' title='bbox 353 644 620 695; x_wconf 80' lang='lat' dir='ltr'>indulgencie</span> <span class='ocrx_word' id='word_1_46' title='bbox 666 657 749 682; x_wconf 92' lang='lat' dir='ltr'>non</span> <span class='ocrx_word' id='word_1_47' title='bbox 783 652 948 682; x_wconf 87' lang='lat' dir='ltr'>tantum</span> <span class='ocrx_word' id='word_1_48' title='bbox 986 644 1125 681; x_wconf 83' lang='lat' dir='ltr'>valent</span> <span class='ocrx_word' id='word_1_49' title='bbox 1164 651 1374 695; x_wconf 87' lang='lat' dir='ltr'>quantum</span> <span class='ocrx_word' id='word_1_50' title='bbox 1420 655 1516 694; x_wconf 90' lang='lat' dir='ltr'>pro-</span> <span class='ocrx_word' id='word_1_51' title='bbox 1619 621 1719 681; x_wconf 50' lang='lat' dir='ltr'>flami),</span> 
     </span>
     <span class='ocr_line' id='line_1_8' title="bbox 205 712 1517 764; baseline -0.002 -12"><span class='ocrx_word' id='word_1_52' title='bbox 205 714 475 762; x_wconf 78' lang='lat' dir='ltr'>nunciantur,</span> <span class='ocrx_word' id='word_1_53' title='bbox 523 714 594 751; x_wconf 84' lang='lat' dir='ltr'>sed</span> <span class='ocrx_word' id='word_1_54' title='bbox 644 713 817 751; x_wconf 87' lang='lat' dir='ltr'>ecclesia</span> <span class='ocrx_word' id='word_1_55' title='bbox 869 713 920 750; x_wconf 91' lang='lat' dir='ltr'>ad</span> <span class='ocrx_word' id='word_1_56' title='bbox 954 712 1033 750; x_wconf 89' lang='lat' dir='ltr'>hoc</span> <span class='ocrx_word' id='word_1_57' title='bbox 1066 713 1120 751; x_wconf 89' lang='lat' dir='ltr'>ita</span> <span class='ocrx_word' id='word_1_58' title='bbox 1155 712 1424 764; x_wconf 80' lang='lat' dir='ltr'>pronunciat,</span> <span class='ocrx_word' id='word_1_59' title='bbox 1471 719 1517 749; x_wconf 89' lang='lat' dir='ltr'>ut</span> 
     </span>
     <span class='ocr_line' id='line_1_9' title="bbox 206 779 1516 835; baseline -0.001 -15"><span class='ocrx_word' id='word_1_60' title='bbox 206 783 391 835; x_wconf 87' lang='lat' dir='ltr'>quadam</span> <span class='ocrx_word' id='word_1_61' title='bbox 439 783 505 834; x_wconf 84' lang='lat' dir='ltr'>pia</span> <span class='ocrx_word' id='word_1_62' title='bbox 553 781 702 821; x_wconf 85' lang='lat' dir='ltr'>fraude</span> <span class='ocrx_word' id='word_1_63' title='bbox 749 782 943 821; x_wconf 87' lang='lat' dir='ltr'>homines</span> <span class='ocrx_word' id='word_1_64' title='bbox 989 782 1040 820; x_wconf 89' lang='lat' dir='ltr'>ad</span> <span class='ocrx_word' id='word_1_65' title='bbox 1088 779 1429 820; x_wconf 86' lang='lat' dir='ltr'>beneficienciam</span> <span class='ocrx_word' id='word_1_66' title='bbox 1478 790 1516 819; x_wconf 93' lang='lat' dir='ltr'>et</span> 
     </span>
     <span class='ocr_line' id='line_1_10' title="bbox 203 850 1517 904; baseline -0.002 -14"><span class='ocrx_word' id='word_1_67' title='bbox 203 851 579 891; x_wconf 87' lang='lat' dir='ltr'>honorificenciam</span> <span class='ocrx_word' id='word_1_68' title='bbox 615 852 783 902; x_wconf 86' lang='lat' dir='ltr'>alliciat,</span> <span class='ocrx_word' id='word_1_69' title='bbox 819 851 927 891; x_wconf 88' lang='lat' dir='ltr'>sicut</span> <span class='ocrx_word' id='word_1_70' title='bbox 960 861 1095 891; x_wconf 85' lang='lat' dir='ltr'>mater</span> <span class='ocrx_word' id='word_1_71' title='bbox 1129 852 1382 904; x_wconf 90' lang='lat' dir='ltr'>promittens</span> <span class='ocrx_word' id='word_1_72' title='bbox 1417 850 1517 889; x_wconf 85' lang='lat' dir='ltr'>false</span> 
     </span>
    </p>

    <p class='ocr_par' dir='ltr' id='par_1_5' title="bbox 150 920 1515 1042">
     <span class='ocr_line' id='line_1_11' title="bbox 150 920 1515 973; baseline -0.001 -13"><span class='ocrx_word' id='word_1_73' title='bbox 150 920 290 964; x_wconf 59' lang='lat' dir='ltr'>10filio</span> <span class='ocrx_word' id='word_1_74' title='bbox 338 935 514 973; x_wconf 86' lang='lat' dir='ltr'>pomum</span> <span class='ocrx_word' id='word_1_75' title='bbox 556 923 620 960; x_wconf 89' lang='lat' dir='ltr'>vel</span> <span class='ocrx_word' id='word_1_76' title='bbox 660 921 772 960; x_wconf 91' lang='lat' dir='ltr'>aliud</span> <span class='ocrx_word' id='word_1_77' title='bbox 820 921 1066 960; x_wconf 86' lang='lat' dir='ltr'>delectabile</span> <span class='ocrx_word' id='word_1_78' title='bbox 1110 922 1162 959; x_wconf 88' lang='lat' dir='ltr'>ad</span> <span class='ocrx_word' id='word_1_79' title='bbox 1208 920 1515 958; x_wconf 88' lang='lat' dir='ltr'>ambulandum</span> 
     </span>
     <span class='ocr_line' id='line_1_12' title="bbox 204 1000 422 1042; baseline 0.005 -13"><span class='ocrx_word' id='word_1_80' title='bbox 204 1000 422 1042; x_wconf 85' lang='lat' dir='ltr'>provocat.</span> 
     </span>
    </p>

    <p class='ocr_par' dir='ltr' id='par_1_6' title="bbox 160 1058 1775 1252">
     <span class='ocr_line' id='line_1_13' title="bbox 160 1058 1775 1131; baseline -0.001 -33"><span class='ocrx_word' id='word_1_81' title='bbox 160 1072 188 1104; x_wconf 76' lang='lat' dir='ltr'>S</span> <span class='ocrx_word' id='word_1_82' title='bbox 265 1060 347 1099; x_wconf 88' lang='lat' dir='ltr'>Sed</span> <span class='ocrx_word' id='word_1_83' title='bbox 395 1058 458 1113; x_wconf 72' lang='lat' dir='ltr'>(ut</span> <span class='ocrx_word' id='word_1_84' title='bbox 506 1059 624 1113; x_wconf 83' lang='lat' dir='ltr'>dicit)</span> <span class='ocrx_word' id='word_1_85' title='bbox 671 1061 958 1112; x_wconf 89' lang='lat' dir='ltr'>periculosum</span> <span class='ocrx_word' id='word_1_86' title='bbox 995 1069 1055 1099; x_wconf 91' lang='lat' dir='ltr'>est</span> <span class='ocrx_word' id='word_1_87' title='bbox 1087 1060 1144 1099; x_wconf 89' lang='lat' dir='ltr'>sic</span> <span class='ocrx_word' id='word_1_88' title='bbox 1178 1060 1336 1109; x_wconf 84' lang='lat' dir='ltr'>dicere,</span> <span class='ocrx_word' id='word_1_89' title='bbox 1376 1059 1516 1110; x_wconf 92' lang='lat' dir='ltr'>primo</span> <span class='ocrx_word' id='word_1_90' title='bbox 1557 1063 1775 1131; x_wconf 49' lang='lat' dir='ltr'>anfejiesettss&#39;d.be</span> 
     </span>
     <span class='ocr_line' id='line_1_14' title="bbox 204 1128 1513 1182; baseline -0.001 -15"><span class='ocrx_word' id='word_1_91' title='bbox 204 1130 300 1181; x_wconf 86' lang='lat' dir='ltr'>quia</span> <span class='ocrx_word' id='word_1_92' title='bbox 336 1130 447 1168; x_wconf 91' lang='lat' dir='ltr'>scola</span> <span class='ocrx_word' id='word_1_93' title='bbox 481 1130 559 1168; x_wconf 83' lang='lat' dir='ltr'>ista</span> <span class='ocrx_word' id='word_1_94' title='bbox 592 1139 652 1168; x_wconf 87' lang='lat' dir='ltr'>est</span> <span class='ocrx_word' id='word_1_95' title='bbox 686 1131 815 1181; x_wconf 84' lang='lat' dir='ltr'>patris</span> <span class='ocrx_word' id='word_1_96' title='bbox 851 1130 1073 1179; x_wconf 89' lang='lat' dir='ltr'>mendacii,</span> <span class='ocrx_word' id='word_1_97' title='bbox 1109 1129 1180 1168; x_wconf 88' lang='lat' dir='ltr'>sed</span> <span class='ocrx_word' id='word_1_98' title='bbox 1214 1129 1291 1167; x_wconf 85' lang='lat' dir='ltr'>Job</span> <span class='ocrx_word' id='word_1_99' title='bbox 1321 1128 1455 1179; x_wconf 86' lang='lat' dir='ltr'>X1110‚</span> <span class='ocrx_word' id='word_1_100' title='bbox 1491 1143 1513 1182; x_wconf 87' lang='lat'>7</span> 
     </span>
     <span class='ocr_line' id='line_1_15' title="bbox 203 1198 1517 1252; baseline -0.001 -16"><span class='ocrx_word' id='word_1_101' title='bbox 203 1198 376 1237; x_wconf 80' lang='lat' dir='ltr'>dicitur:</span> <span class='ocrx_word' id='word_1_102' title='bbox 410 1198 633 1251; x_wconf 77' lang='lat' dir='ltr'>Numquid</span> <span class='ocrx_word' id='word_1_103' title='bbox 664 1199 782 1238; x_wconf 81' lang='lat' dir='ltr'>Deus</span> <span class='ocrx_word' id='word_1_104' title='bbox 816 1199 975 1252; x_wconf 72' lang='lat' dir='ltr'>indiget</span> <span class='ocrx_word' id='word_1_105' title='bbox 1016 1199 1236 1238; x_wconf 78' lang='lat' dir='ltr'>mendacio</span> <span class='ocrx_word' id='word_1_106' title='bbox 1275 1204 1429 1245; x_wconf 78' lang='lat' dir='ltr'>vestro,</span> <span class='ocrx_word' id='word_1_107' title='bbox 1472 1203 1517 1236; x_wconf 83' lang='lat' dir='ltr'>ut</span> 
     </span>
    </p>

    <p class='ocr_par' dir='ltr' id='par_1_7' title="bbox 149 1268 1515 1600">
     <span class='ocr_line' id='line_1_16' title="bbox 149 1268 1515 1321; baseline -0.001 -15"><span class='ocrx_word' id='word_1_108' title='bbox 149 1280 280 1320; x_wconf 78' lang='lat' dir='ltr'>15pr0</span> <span class='ocrx_word' id='word_1_109' title='bbox 319 1281 366 1307; x_wconf 82' lang='lat' dir='ltr'>eo</span> <span class='ocrx_word' id='word_1_110' title='bbox 401 1268 666 1321; x_wconf 78' lang='lat' dir='ltr'>loquamini?</span> <span class='ocrx_word' id='word_1_111' title='bbox 715 1269 834 1318; x_wconf 84' lang='lat' dir='ltr'>Item,</span> <span class='ocrx_word' id='word_1_112' title='bbox 882 1270 937 1307; x_wconf 89' lang='lat' dir='ltr'>sic</span> <span class='ocrx_word' id='word_1_113' title='bbox 982 1270 1124 1308; x_wconf 88' lang='lat' dir='ltr'>dicens</span> <span class='ocrx_word' id='word_1_114' title='bbox 1170 1277 1365 1321; x_wconf 78' lang='lat' dir='ltr'>peccaret</span> <span class='ocrx_word' id='word_1_115' title='bbox 1398 1268 1439 1306; x_wconf 91' lang='lat' dir='ltr'>in</span> <span class='ocrx_word' id='word_1_116' title='bbox 1473 1281 1515 1306; x_wconf 88' lang='lat' dir='ltr'>se</span> 
     </span>
     <span class='ocr_line' id='line_1_17' title="bbox 202 1338 1512 1389; baseline 0 -14"><span class='ocrx_word' id='word_1_117' title='bbox 202 1338 438 1376; x_wconf 79' lang='lat' dir='ltr'>mortaliter</span> <span class='ocrx_word' id='word_1_118' title='bbox 486 1348 525 1376; x_wconf 90' lang='lat' dir='ltr'>et</span> <span class='ocrx_word' id='word_1_119' title='bbox 571 1339 689 1376; x_wconf 89' lang='lat' dir='ltr'>daret</span> <span class='ocrx_word' id='word_1_120' title='bbox 734 1339 1001 1377; x_wconf 81' lang='lat' dir='ltr'>occasionem</span> <span class='ocrx_word' id='word_1_121' title='bbox 1047 1338 1269 1377; x_wconf 86' lang='lat' dir='ltr'>diffidendi</span> <span class='ocrx_word' id='word_1_122' title='bbox 1314 1338 1363 1376; x_wconf 92' lang='lat' dir='ltr'>de</span> <span class='ocrx_word' id='word_1_123' title='bbox 1409 1350 1512 1389; x_wconf 89' lang='lat' dir='ltr'>quo-</span> 
     </span>
     <span class='ocr_line' id='line_1_18' title="bbox 202 1406 1510 1460; baseline 0 -15"><span class='ocrx_word' id='word_1_124' title='bbox 202 1421 367 1460; x_wconf 85' lang='lat' dir='ltr'>cunque</span> <span class='ocrx_word' id='word_1_125' title='bbox 393 1408 504 1446; x_wconf 89' lang='lat' dir='ltr'>dicto</span> <span class='ocrx_word' id='word_1_126' title='bbox 522 1408 585 1446; x_wconf 89' lang='lat' dir='ltr'>vel</span> <span class='ocrx_word' id='word_1_127' title='bbox 603 1407 713 1447; x_wconf 87' lang='lat' dir='ltr'>facto</span> <span class='ocrx_word' id='word_1_128' title='bbox 736 1409 887 1460; x_wconf 86' lang='lat' dir='ltr'>prelati</span> <span class='ocrx_word' id='word_1_129' title='bbox 916 1408 1100 1447; x_wconf 86' lang='lat' dir='ltr'>ecclesie.</span> <span class='ocrx_word' id='word_1_130' title='bbox 1127 1408 1235 1446; x_wconf 89' lang='lat' dir='ltr'>Nam</span> <span class='ocrx_word' id='word_1_131' title='bbox 1261 1407 1292 1445; x_wconf 72' lang='lat'>1⁹</span> <span class='ocrx_word' id='word_1_132' title='bbox 1317 1406 1510 1446; x_wconf 86' lang='lat' dir='ltr'>Corinth.</span> 
     </span>
     <span class='ocr_line' id='line_1_19' title="bbox 200 1476 1514 1529; baseline -0.001 -14"><span class='ocrx_word' id='word_1_133' title='bbox 200 1477 312 1525; x_wconf 80' lang='lat' dir='ltr'>XVO,</span> <span class='ocrx_word' id='word_1_134' title='bbox 369 1490 415 1527; x_wconf 73' lang='lat'>¹4</span> <span class='ocrx_word' id='word_1_135' title='bbox 454 1478 554 1516; x_wconf 89' lang='lat' dir='ltr'>dicit</span> <span class='ocrx_word' id='word_1_136' title='bbox 587 1478 841 1529; x_wconf 83' lang='lat' dir='ltr'>Apostolus:</span> <span class='ocrx_word' id='word_1_137' title='bbox 890 1478 934 1516; x_wconf 85' lang='lat' dir='ltr'>Si</span> <span class='ocrx_word' id='word_1_138' title='bbox 977 1478 1118 1516; x_wconf 77' lang='lat' dir='ltr'>inanis</span> <span class='ocrx_word' id='word_1_139' title='bbox 1164 1483 1225 1516; x_wconf 80' lang='lat' dir='ltr'>est</span> <span class='ocrx_word' id='word_1_140' title='bbox 1268 1476 1514 1529; x_wconf 76' lang='lat' dir='ltr'>predicacio</span> 
     </span>
     <span class='ocr_line' id='line_1_20' title="bbox 202 1545 1513 1600; baseline -0.001 -15"><span class='ocrx_word' id='word_1_141' title='bbox 202 1553 363 1595; x_wconf 74' lang='lat' dir='ltr'>nostra,</span> <span class='ocrx_word' id='word_1_142' title='bbox 388 1547 526 1586; x_wconf 81' lang='lat' dir='ltr'>inanis</span> <span class='ocrx_word' id='word_1_143' title='bbox 561 1554 621 1586; x_wconf 80' lang='lat' dir='ltr'>est</span> <span class='ocrx_word' id='word_1_144' title='bbox 653 1554 691 1586; x_wconf 82' lang='lat' dir='ltr'>et</span> <span class='ocrx_word' id='word_1_145' title='bbox 709 1547 825 1600; x_wconf 78' lang='lat' dir='ltr'>fides</span> <span class='ocrx_word' id='word_1_146' title='bbox 855 1554 1015 1587; x_wconf 81' lang='lat' dir='ltr'>nostra.</span> <span class='ocrx_word' id='word_1_147' title='bbox 1043 1547 1158 1586; x_wconf 89' lang='lat' dir='ltr'>Talis</span> <span class='ocrx_word' id='word_1_148' title='bbox 1183 1556 1324 1585; x_wconf 88' lang='lat' dir='ltr'>autern</span> <span class='ocrx_word' id='word_1_149' title='bbox 1360 1545 1513 1585; x_wconf 88' lang='lat' dir='ltr'>falsum</span> 
     </span>
    </p>

    <p class='ocr_par' dir='ltr' id='par_1_8' title="bbox 145 1615 1512 1946">
     <span class='ocr_line' id='line_1_21' title="bbox 145 1615 1512 1669; baseline 0.001 -16"><span class='ocrx_word' id='word_1_150' title='bbox 145 1638 185 1658; x_wconf 80' lang='lat'>20</span> <span class='ocrx_word' id='word_1_151' title='bbox 201 1615 423 1668; x_wconf 86' lang='lat' dir='ltr'>predicans</span> <span class='ocrx_word' id='word_1_152' title='bbox 458 1617 786 1669; x_wconf 77' lang='lat' dir='ltr'>dampnabiliter</span> <span class='ocrx_word' id='word_1_153' title='bbox 820 1626 996 1655; x_wconf 85' lang='lat' dir='ltr'>evacuat</span> <span class='ocrx_word' id='word_1_154' title='bbox 1033 1630 1054 1654; x_wconf 93' lang='lat' dir='ltr'>a</span> <span class='ocrx_word' id='word_1_155' title='bbox 1088 1629 1131 1655; x_wconf 89' lang='lat' dir='ltr'>se</span> <span class='ocrx_word' id='word_1_156' title='bbox 1166 1615 1307 1654; x_wconf 88' lang='lat' dir='ltr'>fidem.</span> <span class='ocrx_word' id='word_1_157' title='bbox 1349 1616 1402 1655; x_wconf 83' lang='lat' dir='ltr'>Et</span> <span class='ocrx_word' id='word_1_158' title='bbox 1435 1629 1512 1668; x_wconf 92' lang='lat' dir='ltr'>pro</span> 
     </span>
     <span class='ocr_line' id='line_1_22' title="bbox 201 1686 1512 1737; baseline 0 -14"><span class='ocrx_word' id='word_1_159' title='bbox 201 1686 383 1724; x_wconf 88' lang='lat' dir='ltr'>secunda</span> <span class='ocrx_word' id='word_1_160' title='bbox 431 1695 549 1737; x_wconf 89' lang='lat' dir='ltr'>parte</span> <span class='ocrx_word' id='word_1_161' title='bbox 602 1687 750 1724; x_wconf 90' lang='lat' dir='ltr'>beatus</span> <span class='ocrx_word' id='word_1_162' title='bbox 800 1687 1067 1737; x_wconf 79' lang='lat' dir='ltr'>Augustinus</span> <span class='ocrx_word' id='word_1_163' title='bbox 1119 1686 1296 1737; x_wconf 91' lang='lat' dir='ltr'>epistola</span> <span class='ocrx_word' id='word_1_164' title='bbox 1350 1686 1512 1724; x_wconf 89' lang='lat' dir='ltr'>decima</span> 
     </span>
     <span class='ocr_line' id='line_1_23' title="bbox 201 1755 1511 1808; baseline 0.002 -16"><span class='ocrx_word' id='word_1_165' title='bbox 201 1768 310 1792; x_wconf 84' lang='lat' dir='ltr'>nona</span> <span class='ocrx_word' id='word_1_166' title='bbox 357 1757 509 1806; x_wconf 86' lang='lat' dir='ltr'>probat</span> <span class='ocrx_word' id='word_1_167' title='bbox 558 1756 682 1795; x_wconf 83' lang='lat' dir='ltr'>beato</span> <span class='ocrx_word' id='word_1_168' title='bbox 716 1756 946 1808; x_wconf 80' lang='lat' dir='ltr'>Jeronymo</span> <span class='ocrx_word' id='word_1_169' title='bbox 994 1756 1125 1807; x_wconf 87' lang='lat' dir='ltr'>quod,</span> <span class='ocrx_word' id='word_1_170' title='bbox 1162 1756 1191 1794; x_wconf 91' lang='lat' dir='ltr'>si</span> <span class='ocrx_word' id='word_1_171' title='bbox 1229 1756 1270 1793; x_wconf 89' lang='lat' dir='ltr'>in</span> <span class='ocrx_word' id='word_1_172' title='bbox 1304 1755 1511 1807; x_wconf 86' lang='lat' dir='ltr'>scriptura</span> 
     </span>
     <span class='ocr_line' id='line_1_24' title="bbox 200 1824 1510 1876; baseline 0.002 -15"><span class='ocrx_word' id='word_1_173' title='bbox 200 1838 315 1862; x_wconf 87' lang='lat' dir='ltr'>sacra</span> <span class='ocrx_word' id='word_1_174' title='bbox 351 1825 738 1876; x_wconf 84' lang='lat' dir='ltr'>deprehenderetur</span> <span class='ocrx_word' id='word_1_175' title='bbox 771 1825 927 1876; x_wconf 86' lang='lat' dir='ltr'>aliquid</span> <span class='ocrx_word' id='word_1_176' title='bbox 964 1824 1171 1875; x_wconf 85' lang='lat' dir='ltr'>falsitatis,</span> <span class='ocrx_word' id='word_1_177' title='bbox 1207 1826 1336 1863; x_wconf 89' lang='lat' dir='ltr'>robur</span> <span class='ocrx_word' id='word_1_178' title='bbox 1369 1834 1510 1864; x_wconf 81' lang='lat' dir='ltr'>aucto-</span> 
     </span>
     <span class='ocr_line' id='line_1_25' title="bbox 200 1894 1506 1946; baseline 0.001 -15"><span class='ocrx_word' id='word_1_179' title='bbox 200 1894 333 1932; x_wconf 87' lang='lat' dir='ltr'>ritatis</span> <span class='ocrx_word' id='word_1_180' title='bbox 353 1894 561 1946; x_wconf 88' lang='lat' dir='ltr'>scripture</span> <span class='ocrx_word' id='word_1_181' title='bbox 591 1894 760 1946; x_wconf 84' lang='lat' dir='ltr'>periret.</span> <span class='ocrx_word' id='word_1_182' title='bbox 794 1894 909 1942; x_wconf 83' lang='lat' dir='ltr'>Item,</span> <span class='ocrx_word' id='word_1_183' title='bbox 935 1907 1030 1932; x_wconf 89' lang='lat' dir='ltr'>cum</span> <span class='ocrx_word' id='word_1_184' title='bbox 1062 1894 1312 1945; x_wconf 86' lang='lat' dir='ltr'>promittens</span> <span class='ocrx_word' id='word_1_185' title='bbox 1347 1894 1506 1932; x_wconf 89' lang='lat' dir='ltr'>donum</span> 
     </span>
    </p>

    <p class='ocr_par' dir='ltr' id='par_1_9' title="bbox 143 1963 1512 2294">
     <span class='ocr_line' id='line_1_26' title="bbox 143 1963 1508 2016; baseline 0.001 -15"><span class='ocrx_word' id='word_1_186' title='bbox 143 1974 182 2005; x_wconf 84' lang='lat'>25</span> <span class='ocrx_word' id='word_1_187' title='bbox 199 1963 417 2014; x_wconf 88' lang='lat' dir='ltr'>spirituale</span> <span class='ocrx_word' id='word_1_188' title='bbox 477 1965 611 2015; x_wconf 81' lang='lat' dir='ltr'>magis</span> <span class='ocrx_word' id='word_1_189' title='bbox 673 1965 886 2015; x_wconf 76' lang='lat' dir='ltr'>obligatur</span> <span class='ocrx_word' id='word_1_190' title='bbox 940 1977 986 2001; x_wconf 82' lang='lat' dir='ltr'>ex</span> <span class='ocrx_word' id='word_1_191' title='bbox 1039 1964 1321 2015; x_wconf 86' lang='lat' dir='ltr'>promissione</span> <span class='ocrx_word' id='word_1_192' title='bbox 1381 1977 1508 2016; x_wconf 86' lang='lat' dir='ltr'>quam</span> 
     </span>
     <span class='ocr_line' id='line_1_27' title="bbox 201 2033 1509 2085; baseline 0.001 -15"><span class='ocrx_word' id='word_1_193' title='bbox 201 2033 486 2084; x_wconf 83' lang='lat' dir='ltr'>promissione</span> <span class='ocrx_word' id='word_1_194' title='bbox 526 2034 756 2085; x_wconf 88' lang='lat' dir='ltr'>corporalis</span> <span class='ocrx_word' id='word_1_195' title='bbox 802 2034 996 2084; x_wconf 88' lang='lat' dir='ltr'>pecunie,</span> <span class='ocrx_word' id='word_1_196' title='bbox 1043 2033 1235 2085; x_wconf 86' lang='lat' dir='ltr'>sequitur</span> <span class='ocrx_word' id='word_1_197' title='bbox 1269 2034 1385 2085; x_wconf 86' lang='lat' dir='ltr'>quod</span> <span class='ocrx_word' id='word_1_198' title='bbox 1425 2033 1509 2085; x_wconf 89' lang='lat' dir='ltr'>epi-</span> 
     </span>
     <span class='ocr_line' id='line_1_28' title="bbox 197 2102 1510 2155; baseline 0 -15"><span class='ocrx_word' id='word_1_199' title='bbox 197 2115 350 2153; x_wconf 90' lang='lat' dir='ltr'>scopus</span> <span class='ocrx_word' id='word_1_200' title='bbox 382 2102 613 2141; x_wconf 87' lang='lat' dir='ltr'>literatorie</span> <span class='ocrx_word' id='word_1_201' title='bbox 655 2103 712 2141; x_wconf 89' lang='lat' dir='ltr'>sic</span> <span class='ocrx_word' id='word_1_202' title='bbox 760 2102 858 2141; x_wconf 91' lang='lat' dir='ltr'>false</span> <span class='ocrx_word' id='word_1_203' title='bbox 914 2103 1168 2155; x_wconf 81' lang='lat' dir='ltr'>promittens</span> <span class='ocrx_word' id='word_1_204' title='bbox 1221 2102 1510 2154; x_wconf 81' lang='lat' dir='ltr'>indulgencias</span> 
     </span>
     <span class='ocr_line' id='line_1_29' title="bbox 199 2171 1512 2223; baseline 0 -13"><span class='ocrx_word' id='word_1_205' title='bbox 199 2172 360 2223; x_wconf 81' lang='lat' dir='ltr'>obligat</span> <span class='ocrx_word' id='word_1_206' title='bbox 406 2186 448 2211; x_wconf 89' lang='lat' dir='ltr'>se</span> <span class='ocrx_word' id='word_1_207' title='bbox 495 2172 546 2210; x_wconf 90' lang='lat' dir='ltr'>ad</span> <span class='ocrx_word' id='word_1_208' title='bbox 596 2173 849 2211; x_wconf 83' lang='lat' dir='ltr'>solvendum</span> <span class='ocrx_word' id='word_1_209' title='bbox 901 2172 1148 2210; x_wconf 82' lang='lat' dir='ltr'>thesaurum</span> <span class='ocrx_word' id='word_1_210' title='bbox 1195 2172 1298 2210; x_wconf 88' lang='lat' dir='ltr'>Deo.</span> <span class='ocrx_word' id='word_1_211' title='bbox 1354 2171 1512 2211; x_wconf 90' lang='lat' dir='ltr'>Caveat</span> 
     </span>
     <span class='ocr_line' id='line_1_30' title="bbox 200 2241 1509 2294; baseline 0 -14"><span class='ocrx_word' id='word_1_212' title='bbox 200 2254 300 2292; x_wconf 80' lang='lat' dir='ltr'>ergo</span> <span class='ocrx_word' id='word_1_213' title='bbox 336 2241 560 2294; x_wconf 84' lang='lat' dir='ltr'>episcopus</span> <span class='ocrx_word' id='word_1_214' title='bbox 592 2242 641 2279; x_wconf 92' lang='lat' dir='ltr'>de</span> <span class='ocrx_word' id='word_1_215' title='bbox 667 2241 891 2280; x_wconf 89' lang='lat' dir='ltr'>indiscreta</span> <span class='ocrx_word' id='word_1_216' title='bbox 925 2251 964 2280; x_wconf 93' lang='lat' dir='ltr'>et</span> <span class='ocrx_word' id='word_1_217' title='bbox 997 2250 1327 2293; x_wconf 87' lang='lat' dir='ltr'>presumptuosa</span> <span class='ocrx_word' id='word_1_218' title='bbox 1350 2242 1509 2293; x_wconf 81' lang='lat' dir='ltr'>obliga-</span> 
     </span>
    </p>

    <p class='ocr_par' dir='ltr' id='par_1_10' title="bbox 142 2310 1508 2363">
     <span class='ocr_line' id='line_1_31' title="bbox 142 2310 1508 2363; baseline -0.001 -12"><span class='ocrx_word' id='word_1_219' title='bbox 142 2319 183 2351; x_wconf 78' lang='lat'>30</span> <span class='ocrx_word' id='word_1_220' title='bbox 198 2310 317 2348; x_wconf 88' lang='lat' dir='ltr'>cione</span> <span class='ocrx_word' id='word_1_221' title='bbox 351 2311 401 2348; x_wconf 89' lang='lat' dir='ltr'>ad</span> <span class='ocrx_word' id='word_1_222' title='bbox 436 2311 626 2350; x_wconf 89' lang='lat' dir='ltr'>dandum</span> <span class='ocrx_word' id='word_1_223' title='bbox 661 2312 908 2350; x_wconf 89' lang='lat' dir='ltr'>thesaurum</span> <span class='ocrx_word' id='word_1_224' title='bbox 940 2311 1118 2362; x_wconf 87' lang='lat' dir='ltr'>domini,</span> <span class='ocrx_word' id='word_1_225' title='bbox 1151 2311 1249 2363; x_wconf 86' lang='lat' dir='ltr'>quia</span> <span class='ocrx_word' id='word_1_226' title='bbox 1283 2310 1362 2349; x_wconf 90' lang='lat' dir='ltr'>hoc</span> <span class='ocrx_word' id='word_1_227' title='bbox 1394 2311 1508 2349; x_wconf 86' lang='lat' dir='ltr'>vide·</span> 
     </span>
    </p>
   </div>
   <div class='ocr_carea' id='block_1_4' title="bbox 198 2380 1507 2433">
    <p class='ocr_par' dir='ltr' id='par_1_11' title="bbox 198 2380 1507 2433">
     <span class='ocr_line' id='line_1_32' title="bbox 198 2380 1507 2433; baseline 0.002 -16"><span class='ocrx_word' id='word_1_228' title='bbox 198 2388 266 2417; x_wconf 88' lang='lat' dir='ltr'>tur</span> <span class='ocrx_word' id='word_1_229' title='bbox 290 2380 420 2433; x_wconf 85' lang='lat' dir='ltr'>magis</span> <span class='ocrx_word' id='word_1_230' title='bbox 462 2381 733 2433; x_wconf 83' lang='lat' dir='ltr'>dampnabile</span> <span class='ocrx_word' id='word_1_231' title='bbox 760 2394 887 2433; x_wconf 88' lang='lat' dir='ltr'>quam</span> <span class='ocrx_word' id='word_1_232' title='bbox 912 2381 1117 2420; x_wconf 89' lang='lat' dir='ltr'>talentum</span> <span class='ocrx_word' id='word_1_233' title='bbox 1135 2380 1211 2418; x_wconf 91' lang='lat' dir='ltr'>Dei</span> <span class='ocrx_word' id='word_1_234' title='bbox 1236 2381 1507 2431; x_wconf 86' lang='lat' dir='ltr'>abscondere,</span> 
     </span>
    </p>
   </div>
   <div class='ocr_carea' id='block_1_5' title="bbox 197 2526 1507 2607">
    <p class='ocr_par' dir='ltr' id='par_1_12' title="bbox 197 2526 1507 2607">
     <span class='ocr_line' id='line_1_33' title="bbox 250 2526 1507 2561; baseline 0.002 -8"><span class='ocrx_word' id='word_1_235' title='bbox 250 2534 287 2560; x_wconf 84' lang='lat'>¹7·</span> <span class='ocrx_word' id='word_1_236' title='bbox 309 2528 336 2553; x_wconf 89' lang='lat' dir='ltr'><strong>A</strong></span> <span class='ocrx_word' id='word_1_237' title='bbox 357 2526 395 2553; x_wconf 83' lang='lat' dir='ltr'>B:</span> <span class='ocrx_word' id='word_1_238' title='bbox 427 2526 498 2554; x_wconf 87' lang='lat' dir='ltr'>Cor.</span> <span class='ocrx_word' id='word_1_239' title='bbox 526 2526 592 2554; x_wconf 86' lang='lat' dir='ltr'>XV.</span> <span class='ocrx_word' id='word_1_240' title='bbox 736 2534 774 2554; x_wconf 88' lang='lat'>21.</span> <span class='ocrx_word' id='word_1_241' title='bbox 807 2527 836 2554; x_wconf 89' lang='lat' dir='ltr'><strong>A</strong></span> <span class='ocrx_word' id='word_1_242' title='bbox 862 2527 892 2554; x_wconf 91' lang='lat' dir='ltr'>in</span> <span class='ocrx_word' id='word_1_243' title='bbox 919 2534 1031 2561; x_wconf 48' lang='lat' dir='ltr'>marga</span> <span class='ocrx_word' id='word_1_244' title='bbox 1067 2527 1264 2561; x_wconf 80' lang='lat' dir='ltr'>Augustinus</span> <span class='ocrx_word' id='word_1_245' title='bbox 1291 2528 1331 2555; x_wconf 92' lang='lat' dir='ltr'>ib.</span> <span class='ocrx_word' id='word_1_246' title='bbox 1359 2528 1388 2555; x_wconf 88' lang='lat' dir='ltr'>in</span> <span class='ocrx_word' id='word_1_247' title='bbox 1417 2528 1507 2555; x_wconf 87' lang='lat' dir='ltr'>codd.</span> 
     </span>
     <span class='ocr_line' id='line_1_34' title="bbox 197 2572 1135 2607; baseline 0.001 -8"><span class='ocrx_word' id='word_1_248' title='bbox 197 2574 326 2607; x_wconf 85' lang='lat' dir='ltr'>epistola</span> <span class='ocrx_word' id='word_1_249' title='bbox 343 2573 394 2600; x_wconf 84' lang='lat' dir='ltr'>IX.</span> <span class='ocrx_word' id='word_1_250' title='bbox 411 2572 549 2600; x_wconf 86' lang='lat' dir='ltr'>Correxi.</span> <span class='ocrx_word' id='word_1_251' title='bbox 622 2572 668 2600; x_wconf 77' lang='lat'>28.</span> <span class='ocrx_word' id='word_1_252' title='bbox 683 2574 710 2600; x_wconf 79' lang='lat' dir='ltr'>A</span> <span class='ocrx_word' id='word_1_253' title='bbox 725 2573 784 2607; x_wconf 55' lang='lat' dir='ltr'>AI:</span> <span class='ocrx_word' id='word_1_254' title='bbox 806 2573 983 2600; x_wconf 77' lang='lat' dir='ltr'>thesaurum</span> <span class='ocrx_word' id='word_1_255' title='bbox 1006 2573 1135 2600; x_wconf 83' lang='lat' dir='ltr'>domini.</span> 
     </span>
    </p>
   </div>
   <div class='ocr_carea' id='block_1_6' title="bbox 196 2679 1506 2896">
    <p class='ocr_par' dir='ltr' id='par_1_13' title="bbox 196 2679 1506 2837">
     <span class='ocr_line' id='line_1_35' title="bbox 257 2679 1506 2722; baseline 0.001 -12"><span class='ocrx_word' id='word_1_256' title='bbox 257 2690 284 2710; x_wconf 89' lang='lat'>2.</span> <span class='ocrx_word' id='word_1_257' title='bbox 314 2680 346 2710; x_wconf 82' lang='lat' dir='ltr'>S.</span> <span class='ocrx_word' id='word_1_258' title='bbox 374 2679 535 2710; x_wconf 87' lang='lat' dir='ltr'>Thomae</span> <span class='ocrx_word' id='word_1_259' title='bbox 562 2680 707 2710; x_wconf 83' lang='lat' dir='ltr'>Summa</span> <span class='ocrx_word' id='word_1_260' title='bbox 731 2679 838 2710; x_wconf 87' lang='lat' dir='ltr'>theol.</span> <span class='ocrx_word' id='word_1_261' title='bbox 867 2680 1047 2722; x_wconf 83' lang='lat' dir='ltr'>Supplem.</span> <span class='ocrx_word' id='word_1_262' title='bbox 1074 2680 1196 2711; x_wconf 86' lang='lat' dir='ltr'>tertiae</span> <span class='ocrx_word' id='word_1_263' title='bbox 1222 2681 1340 2722; x_wconf 86' lang='lat' dir='ltr'>partis,</span> <span class='ocrx_word' id='word_1_264' title='bbox 1368 2681 1506 2722; x_wconf 83' lang='lat' dir='ltr'>questio</span> 
     </span>
     <span class='ocr_line' id='line_1_36' title="bbox 197 2736 1506 2780; baseline 0.002 -13"><span class='ocrx_word' id='word_1_265' title='bbox 197 2736 335 2768; x_wconf 88' lang='lat' dir='ltr'>XXVII.</span> <span class='ocrx_word' id='word_1_266' title='bbox 370 2737 461 2779; x_wconf 89' lang='lat' dir='ltr'>Opp.</span> <span class='ocrx_word' id='word_1_267' title='bbox 496 2744 579 2768; x_wconf 86' lang='lat' dir='ltr'>tom.</span> <span class='ocrx_word' id='word_1_268' title='bbox 605 2738 662 2776; x_wconf 83' lang='lat' dir='ltr'>Vl,</span> <span class='ocrx_word' id='word_1_269' title='bbox 704 2747 781 2779; x_wconf 88' lang='lat' dir='ltr'>pag.</span> <span class='ocrx_word' id='word_1_270' title='bbox 815 2736 869 2779; x_wconf 78' lang='lat'>76.</span> <span class='ocrx_word' id='word_1_271' title='bbox 1018 2749 1069 2768; x_wconf 73' lang='lat'>21.</span> <span class='ocrx_word' id='word_1_272' title='bbox 1103 2737 1195 2779; x_wconf 89' lang='lat' dir='ltr'>Opp.</span> <span class='ocrx_word' id='word_1_273' title='bbox 1229 2739 1317 2780; x_wconf 85' lang='lat' dir='ltr'>Aug.</span> <span class='ocrx_word' id='word_1_274' title='bbox 1350 2745 1433 2769; x_wconf 90' lang='lat' dir='ltr'>tom.</span> <span class='ocrx_word' id='word_1_275' title='bbox 1468 2739 1506 2777; x_wconf 88' lang='lat'>11,</span> 
     </span>
     <span class='ocr_line' id='line_1_37' title="bbox 196 2794 980 2837; baseline 0 -12"><span class='ocrx_word' id='word_1_276' title='bbox 196 2804 272 2836; x_wconf 84' lang='lat' dir='ltr'>pag.</span> <span class='ocrx_word' id='word_1_277' title='bbox 307 2804 379 2837; x_wconf 80' lang='lat'>¹90·</span> <span class='ocrx_word' id='word_1_278' title='bbox 407 2795 565 2837; x_wconf 85' lang='lat' dir='ltr'>Epistola</span> <span class='ocrx_word' id='word_1_279' title='bbox 594 2795 753 2826; x_wconf 83' lang='lat' dir='ltr'>LXXXII</span> <span class='ocrx_word' id='word_1_280' title='bbox 785 2794 880 2834; x_wconf 83' lang='lat' dir='ltr'>(alias</span> <span class='ocrx_word' id='word_1_281' title='bbox 906 2795 980 2826; x_wconf 83' lang='lat' dir='ltr'>XIX</span> 
     </span>
    </p>

    <p class='ocr_par' dir='ltr' id='par_1_14' title="bbox 1314 2851 1379 2896">
     <span class='ocr_line' id='line_1_38' title="bbox 1314 2851 1379 2896; baseline 0 -12"><span class='ocrx_word' id='word_1_282' title='bbox 1314 2851 1379 2896; x_wconf 57' lang='grc' dir='ltr'>37ὺξ</span> 
     </span>
    </p>
   </div>
  </div>
 </body>
</html>
