<?xml version="1.0" encoding="UTF-8"?>
<!DOCTYPE html PUBLIC "-//W3C//DTD XHTML 1.0 Transitional//EN"
    "http://www.w3.org/TR/xhtml1/DTD/xhtml1-transitional.dtd">
<html xmlns="http://www.w3.org/1999/xhtml" xml:lang="en" lang="en">
 <head>
  <title>
</title>
<meta http-equiv="Content-Type" content="text/html;charset=utf-8" />
  <meta name='ocr-system' content='tesseract 3.04.00' />
  <meta name='ocr-capabilities' content='ocr_page ocr_carea ocr_par ocr_line ocrx_word'/>
</head>
<body>
  <div class='ocr_page' id='page_1' title='image "./tractatusdeeccle00wycl_0065.png"; bbox 0 0 2051 3343; ppageno 0'>
   <div class='ocr_carea' id='block_1_1' title="bbox 192 239 1783 297">
    <p class='ocr_par' dir='ltr' id='par_1_1' title="bbox 192 239 1783 297">
     <span class='ocr_line' id='line_1_1' title="bbox 192 239 1783 297; baseline -0.004 -12"><span class='ocrx_word' id='word_1_1' title='bbox 192 239 348 297; x_wconf 79' lang='lat' dir='ltr'>CAP·11-]</span> <span class='ocrx_word' id='word_1_2' title='bbox 698 252 757 284; x_wconf 86' lang='lat' dir='ltr'>DE</span> <span class='ocrx_word' id='word_1_3' title='bbox 786 252 1023 284; x_wconf 71' lang='lat' dir='ltr'>ECCLEfflA.</span> <span class='ocrx_word' id='word_1_4' title='bbox 1739 241 1783 279; x_wconf 80' lang='lat'>31</span> 
     </span>
    </p>
   </div>
   <div class='ocr_carea' id='block_1_2' title="bbox 39 355 1784 1241">
    <p class='ocr_par' dir='ltr' id='par_1_2' title="bbox 39 355 1784 1241">
     <span class='ocr_line' id='line_1_2' title="bbox 39 355 1501 408; baseline -0.001 -14"><span class='ocrx_word' id='word_1_5' title='bbox 39 368 70 400; x_wconf 82' lang='grc' dir='ltr'>Ε</span> <span class='ocrx_word' id='word_1_6' title='bbox 97 367 175 399; x_wconf 65' lang='lat' dir='ltr'>132ss</span> <span class='ocrx_word' id='word_1_7' title='bbox 191 369 276 395; x_wconf 91' lang='lat' dir='ltr'>non</span> <span class='ocrx_word' id='word_1_8' title='bbox 309 355 360 394; x_wconf 92' lang='lat' dir='ltr'>sit</span> <span class='ocrx_word' id='word_1_9' title='bbox 392 355 513 394; x_wconf 92' lang='lat' dir='ltr'>unica</span> <span class='ocrx_word' id='word_1_10' title='bbox 545 355 741 395; x_wconf 87' lang='lat' dir='ltr'>columba</span> <span class='ocrx_word' id='word_1_11' title='bbox 773 355 939 406; x_wconf 85' lang='lat' dir='ltr'>Christi,</span> <span class='ocrx_word' id='word_1_12' title='bbox 980 355 1077 408; x_wconf 88' lang='lat' dir='ltr'>quia</span> <span class='ocrx_word' id='word_1_13' title='bbox 1115 355 1218 393; x_wconf 91' lang='lat' dir='ltr'>bene</span> <span class='ocrx_word' id='word_1_14' title='bbox 1264 364 1324 394; x_wconf 89' lang='lat' dir='ltr'>est</span> <span class='ocrx_word' id='word_1_15' title='bbox 1355 355 1434 405; x_wconf 84' lang='lat' dir='ltr'>isti,</span> <span class='ocrx_word' id='word_1_16' title='bbox 1469 355 1501 394; x_wconf 88' lang='lat' dir='ltr'>si</span> 
     </span>
     <span class='ocr_line' id='line_1_3' title="bbox 191 424 1107 464; baseline -0.002 0"><span class='ocrx_word' id='word_1_17' title='bbox 191 425 242 464; x_wconf 91' lang='lat' dir='ltr'>sit</span> <span class='ocrx_word' id='word_1_18' title='bbox 274 425 482 464; x_wconf 83' lang='lat' dir='ltr'>abiectum</span> <span class='ocrx_word' id='word_1_19' title='bbox 512 426 751 464; x_wconf 85' lang='lat' dir='ltr'>membrum</span> <span class='ocrx_word' id='word_1_20' title='bbox 783 424 893 463; x_wconf 88' lang='lat' dir='ltr'>illius</span> <span class='ocrx_word' id='word_1_21' title='bbox 927 424 1107 463; x_wconf 81' lang='lat' dir='ltr'><strong>ecclesie.</strong></span> 
     </span>
     <span class='ocr_line' id='line_1_4' title="bbox 248 492 1500 547; baseline -0.002 -13"><span class='ocrx_word' id='word_1_22' title='bbox 248 493 533 534; x_wconf 88' lang='lat' dir='ltr'>Conformiter</span> <span class='ocrx_word' id='word_1_23' title='bbox 575 494 760 547; x_wconf 85' lang='lat' dir='ltr'>arguitur</span> <span class='ocrx_word' id='word_1_24' title='bbox 805 502 948 533; x_wconf 87' lang='lat' dir='ltr'>contra</span> <span class='ocrx_word' id='word_1_25' title='bbox 1007 507 1304 547; x_wconf 89' lang='lat' dir='ltr'>quamcunque</span> <span class='ocrx_word' id='word_1_26' title='bbox 1363 492 1500 545; x_wconf 89' lang='lat' dir='ltr'>opini-</span> 
     </span>
     <span class='ocr_line' id='line_1_5' title="bbox 190 562 1502 616; baseline -0.002 -14"><span class='ocrx_word' id='word_1_27' title='bbox 190 576 316 602; x_wconf 89' lang='lat' dir='ltr'>onem</span> <span class='ocrx_word' id='word_1_28' title='bbox 347 563 390 602; x_wconf 89' lang='lat' dir='ltr'>in</span> <span class='ocrx_word' id='word_1_29' title='bbox 421 564 498 602; x_wconf 87' lang='lat' dir='ltr'>ista</span> <span class='ocrx_word' id='word_1_30' title='bbox 531 563 714 611; x_wconf 87' lang='lat' dir='ltr'>materia,</span> <span class='ocrx_word' id='word_1_31' title='bbox 749 564 963 616; x_wconf 90' lang='lat' dir='ltr'>querendo</span> <span class='ocrx_word' id='word_1_32' title='bbox 1011 563 1185 602; x_wconf 82' lang='lat' dir='ltr'><strong>sollicite</strong></span> <span class='ocrx_word' id='word_1_33' title='bbox 1218 563 1268 602; x_wconf 91' lang='lat' dir='ltr'>de</span> <span class='ocrx_word' id='word_1_34' title='bbox 1301 562 1502 615; x_wconf 82' lang='lat' dir='ltr'>quiditate</span> 
     </span>
     <span class='ocr_line' id='line_1_6' title="bbox 156 631 1503 685; baseline 0 -15"><span class='ocrx_word' id='word_1_35' title='bbox 156 631 298 675; x_wconf 80' lang='lat' dir='ltr'>5illius</span> <span class='ocrx_word' id='word_1_36' title='bbox 332 633 513 672; x_wconf 88' lang='lat' dir='ltr'><strong>ecclesie.</strong></span> <span class='ocrx_word' id='word_1_37' title='bbox 559 634 667 671; x_wconf 90' lang='lat' dir='ltr'>Nam</span> <span class='ocrx_word' id='word_1_38' title='bbox 706 632 784 672; x_wconf 88' lang='lat' dir='ltr'>ista</span> <span class='ocrx_word' id='word_1_39' title='bbox 828 632 998 671; x_wconf 88' lang='lat' dir='ltr'><strong>ecclesia</strong></span> <span class='ocrx_word' id='word_1_40' title='bbox 1045 645 1127 685; x_wconf 93' lang='lat' dir='ltr'>que</span> <span class='ocrx_word' id='word_1_41' title='bbox 1176 632 1387 684; x_wconf 89' lang='lat' dir='ltr'>complete</span> <span class='ocrx_word' id='word_1_42' title='bbox 1419 631 1503 670; x_wconf 86' lang='lat' dir='ltr'>viat</span> 
     </span>
     <span class='ocr_line' id='line_1_7' title="bbox 190 700 1502 754; baseline -0.002 -13"><span class='ocrx_word' id='word_1_43' title='bbox 190 715 266 754; x_wconf 91' lang='lat' dir='ltr'>pro</span> <span class='ocrx_word' id='word_1_44' title='bbox 299 710 489 754; x_wconf 88' lang='lat' dir='ltr'>tempore</span> <span class='ocrx_word' id='word_1_45' title='bbox 522 701 675 741; x_wconf 87' lang='lat' dir='ltr'>Christi</span> <span class='ocrx_word' id='word_1_46' title='bbox 720 715 806 741; x_wconf 92' lang='lat' dir='ltr'>non</span> <span class='ocrx_word' id='word_1_47' title='bbox 838 710 976 754; x_wconf 86' lang='lat' dir='ltr'>potest</span> <span class='ocrx_word' id='word_1_48' title='bbox 1008 715 1095 740; x_wconf 91' lang='lat' dir='ltr'><strong>esse</strong></span> <span class='ocrx_word' id='word_1_49' title='bbox 1137 700 1215 740; x_wconf 88' lang='lat' dir='ltr'>alia</span> <span class='ocrx_word' id='word_1_50' title='bbox 1259 715 1384 754; x_wconf 90' lang='lat' dir='ltr'>quam</span> <span class='ocrx_word' id='word_1_51' title='bbox 1426 701 1502 740; x_wconf 84' lang='lat' dir='ltr'>ista</span> 
     </span>
     <span class='ocr_line' id='line_1_8' title="bbox 191 770 1500 823; baseline -0.002 -13"><span class='ocrx_word' id='word_1_52' title='bbox 191 772 335 810; x_wconf 90' lang='lat' dir='ltr'>eadem</span> <span class='ocrx_word' id='word_1_53' title='bbox 368 771 551 821; x_wconf 80' lang='lat' dir='ltr'><strong>ecclesia,</strong></span> <span class='ocrx_word' id='word_1_54' title='bbox 597 780 635 810; x_wconf 93' lang='lat' dir='ltr'>et</span> <span class='ocrx_word' id='word_1_55' title='bbox 679 770 735 810; x_wconf 91' lang='lat' dir='ltr'>sic</span> <span class='ocrx_word' id='word_1_56' title='bbox 780 771 828 809; x_wconf 92' lang='lat' dir='ltr'>de</span> <span class='ocrx_word' id='word_1_57' title='bbox 877 770 1061 823; x_wconf 85' lang='lat' dir='ltr'>qualibet</span> <span class='ocrx_word' id='word_1_58' title='bbox 1103 770 1182 808; x_wconf 88' lang='lat' dir='ltr'>alia</span> <span class='ocrx_word' id='word_1_59' title='bbox 1215 770 1386 809; x_wconf 87' lang='lat' dir='ltr'><strong>ecclesia</strong></span> <span class='ocrx_word' id='word_1_60' title='bbox 1418 770 1500 808; x_wconf 89' lang='lat' dir='ltr'>sin-</span> 
     </span>
     <span class='ocr_line' id='line_1_9' title="bbox 188 839 1501 894; baseline -0.002 -15"><span class='ocrx_word' id='word_1_61' title='bbox 188 841 334 893; x_wconf 87' lang='lat' dir='ltr'>gulari.</span> <span class='ocrx_word' id='word_1_62' title='bbox 381 841 441 879; x_wconf 83' lang='lat' dir='ltr'>Ex</span> <span class='ocrx_word' id='word_1_63' title='bbox 474 854 559 894; x_wconf 93' lang='lat' dir='ltr'>quo</span> <span class='ocrx_word' id='word_1_64' title='bbox 593 848 706 893; x_wconf 91' lang='lat' dir='ltr'>patet</span> <span class='ocrx_word' id='word_1_65' title='bbox 747 841 863 893; x_wconf 92' lang='lat' dir='ltr'>quod</span> <span class='ocrx_word' id='word_1_66' title='bbox 905 840 1104 879; x_wconf 86' lang='lat' dir='ltr'>continue</span> <span class='ocrx_word' id='word_1_67' title='bbox 1137 848 1196 878; x_wconf 91' lang='lat' dir='ltr'>est</span> <span class='ocrx_word' id='word_1_68' title='bbox 1229 839 1306 878; x_wconf 86' lang='lat' dir='ltr'>alia</span> <span class='ocrx_word' id='word_1_69' title='bbox 1340 849 1379 878; x_wconf 87' lang='lat' dir='ltr'>et</span> <span class='ocrx_word' id='word_1_70' title='bbox 1422 839 1501 878; x_wconf 88' lang='lat' dir='ltr'>alia</span> 
     </span>
     <span class='ocr_line' id='line_1_10' title="bbox 97 908 1500 962; baseline -0.002 -12"><span class='ocrx_word' id='word_1_71' title='bbox 97 916 174 952; x_wconf 56' lang='grc' dir='ltr'>13ῑῦ</span> <span class='ocrx_word' id='word_1_72' title='bbox 190 909 372 961; x_wconf 79' lang='lat' dir='ltr'><strong>ecclesia,</strong></span> <span class='ocrx_word' id='word_1_73' title='bbox 416 909 532 949; x_wconf 86' lang='lat' dir='ltr'>vians</span> <span class='ocrx_word' id='word_1_74' title='bbox 564 909 588 937; x_wconf 60' lang='lat'>³³⁴</span> <span class='ocrx_word' id='word_1_75' title='bbox 619 911 671 949; x_wconf 89' lang='lat' dir='ltr'>ad</span> <span class='ocrx_word' id='word_1_76' title='bbox 712 909 920 949; x_wconf 80' lang='lat' dir='ltr'>alietatem</span> <span class='ocrx_word' id='word_1_77' title='bbox 958 923 1236 962; x_wconf 89' lang='lat' dir='ltr'>personarum</span> <span class='ocrx_word' id='word_1_78' title='bbox 1269 923 1317 948; x_wconf 81' lang='lat' dir='ltr'><strong>ex</strong></span> <span class='ocrx_word' id='word_1_79' title='bbox 1349 908 1500 962; x_wconf 87' lang='lat' dir='ltr'>quibus</span> 
     </span>
     <span class='ocr_line' id='line_1_11' title="bbox 135 979 1500 1032; baseline -0.001 -13"><span class='ocrx_word' id='word_1_80' title='bbox 135 998 174 1019; x_wconf 93' lang='lat'>10</span> <span class='ocrx_word' id='word_1_81' title='bbox 190 979 477 1032; x_wconf 80' lang='lat' dir='ltr'>componitur3</span> <span class='ocrx_word' id='word_1_82' title='bbox 517 993 603 1019; x_wconf 90' lang='lat' dir='ltr'>non</span> <span class='ocrx_word' id='word_1_83' title='bbox 636 979 748 1018; x_wconf 91' lang='lat' dir='ltr'>enim</span> <span class='ocrx_word' id='word_1_84' title='bbox 786 979 895 1018; x_wconf 85' lang='lat' dir='ltr'>valet</span> <span class='ocrx_word' id='word_1_85' title='bbox 932 992 1081 1032; x_wconf 83' lang='lat' dir='ltr'>negare</span> <span class='ocrx_word' id='word_1_86' title='bbox 1120 979 1400 1031; x_wconf 86' lang='lat' dir='ltr'>sillogismum</span> <span class='ocrx_word' id='word_1_87' title='bbox 1433 992 1500 1017; x_wconf 82' lang='lat' dir='ltr'><strong>ex-</strong></span> 
     </span>
     <span class='ocr_line' id='line_1_12' title="bbox 188 1048 1500 1101; baseline -0.001 -13"><span class='ocrx_word' id='word_1_88' title='bbox 188 1048 442 1100; x_wconf 89' lang='lat' dir='ltr'>positorium</span> <span class='ocrx_word' id='word_1_89' title='bbox 474 1062 549 1087; x_wconf 91' lang='lat' dir='ltr'>nec</span> <span class='ocrx_word' id='word_1_90' title='bbox 582 1048 616 1087; x_wconf 90' lang='lat' dir='ltr'>ei</span> <span class='ocrx_word' id='word_1_91' title='bbox 649 1048 843 1100; x_wconf 80' lang='lat' dir='ltr'>similem,</span> <span class='ocrx_word' id='word_1_92' title='bbox 887 1048 963 1087; x_wconf 89' lang='lat' dir='ltr'>nisi</span> <span class='ocrx_word' id='word_1_93' title='bbox 1003 1048 1134 1088; x_wconf 86' lang='lat' dir='ltr'>subsit</span> <span class='ocrx_word' id='word_1_94' title='bbox 1178 1048 1302 1101; x_wconf 87' lang='lat' dir='ltr'>plana</span> <span class='ocrx_word' id='word_1_95' title='bbox 1334 1048 1500 1087; x_wconf 87' lang='lat' dir='ltr'>diversi-</span> 
     </span>
     <span class='ocr_line' id='line_1_13' title="bbox 188 1118 837 1171; baseline 0 -14"><span class='ocrx_word' id='word_1_96' title='bbox 188 1118 281 1157; x_wconf 86' lang='lat' dir='ltr'>tatis</span> <span class='ocrx_word' id='word_1_97' title='bbox 314 1118 424 1158; x_wconf 90' lang='lat' dir='ltr'>racio</span> <span class='ocrx_word' id='word_1_98' title='bbox 458 1118 727 1171; x_wconf 86' lang='lat' dir='ltr'>exprimenda</span> <span class='ocrx_word' id='word_1_99' title='bbox 760 1127 837 1157; x_wconf 92' lang='lat' dir='ltr'>etc.</span> 
     </span>
     <span class='ocr_line' id='line_1_14' title="bbox 245 1187 1784 1241; baseline 0.003 -15"><span class='ocrx_word' id='word_1_100' title='bbox 245 1188 341 1226; x_wconf 93' lang='lat' dir='ltr'>Ideo</span> <span class='ocrx_word' id='word_1_101' title='bbox 374 1188 518 1227; x_wconf 87' lang='lat' dir='ltr'>dicunt</span> <span class='ocrx_word' id='word_1_102' title='bbox 545 1189 734 1228; x_wconf 88' lang='lat' dir='ltr'>doctores</span> <span class='ocrx_word' id='word_1_103' title='bbox 757 1188 978 1241; x_wconf 89' lang='lat' dir='ltr'>periciores</span> <span class='ocrx_word' id='word_1_104' title='bbox 1011 1188 1126 1241; x_wconf 88' lang='lat' dir='ltr'>quod</span> <span class='ocrx_word' id='word_1_105' title='bbox 1157 1187 1355 1227; x_wconf 90' lang='lat' dir='ltr'>dominus</span> <span class='ocrx_word' id='word_1_106' title='bbox 1388 1201 1497 1239; x_wconf 88' lang='lat' dir='ltr'>papa</span> <span class='ocrx_word' id='word_1_107' title='bbox 1512 1192 1579 1233; x_wconf 70' lang='lat' dir='ltr'>The</span> <span class='ocrx_word' id='word_1_108' title='bbox 1600 1195 1696 1222; x_wconf 80' lang='lat' dir='ltr'>better</span> <span class='ocrx_word' id='word_1_109' title='bbox 1715 1195 1784 1230; x_wconf 67' lang='lat' dir='ltr'>opi-</span> 
     </span>
    </p>
   </div>
   <div class='ocr_carea' id='block_1_3' title="bbox 188 1229 1794 1310">
    <p class='ocr_par' dir='ltr' id='par_1_3' title="bbox 188 1229 1794 1310">
     <span class='ocr_line' id='line_1_15' title="bbox 188 1229 1794 1310; baseline 0.001 -14"><span class='ocrx_word' id='word_1_110' title='bbox 188 1271 275 1296; x_wconf 87' lang='lat' dir='ltr'>non</span> <span class='ocrx_word' id='word_1_111' title='bbox 319 1266 378 1297; x_wconf 90' lang='lat' dir='ltr'>est</span> <span class='ocrx_word' id='word_1_112' title='bbox 428 1267 552 1310; x_wconf 91' lang='lat' dir='ltr'>caput</span> <span class='ocrx_word' id='word_1_113' title='bbox 601 1258 844 1297; x_wconf 83' lang='lat' dir='ltr'>universalis</span> <span class='ocrx_word' id='word_1_114' title='bbox 892 1258 963 1297; x_wconf 92' lang='lat' dir='ltr'>sed</span> <span class='ocrx_word' id='word_1_115' title='bbox 1009 1257 1267 1310; x_wconf 86' lang='lat' dir='ltr'>particularis</span> <span class='ocrx_word' id='word_1_116' title='bbox 1315 1256 1497 1308; x_wconf 80' lang='lat' dir='ltr'><strong>ecclesie,</strong></span> <span class='ocrx_word' id='word_1_117' title='bbox 1513 1229 1794 1298; x_wconf 45' lang='grc' dir='ltr'>ἓΐβηῡῗεῐὲἓὲἀῐιὲεῑ</span> 
     </span>
    </p>
   </div>
   <div class='ocr_carea' id='block_1_4' title="bbox 131 1298 1789 2216">
    <p class='ocr_par' dir='ltr' id='par_1_4' title="bbox 136 1298 1789 1575">
     <span class='ocr_line' id='line_1_16' title="bbox 136 1298 1789 1381; baseline 0 -15"><span class='ocrx_word' id='word_1_118' title='bbox 136 1335 172 1367; x_wconf 84' lang='lat'>15</span> <span class='ocrx_word' id='word_1_119' title='bbox 189 1328 290 1366; x_wconf 91' lang='lat' dir='ltr'>dum</span> <span class='ocrx_word' id='word_1_120' title='bbox 322 1337 463 1366; x_wconf 87' lang='lat' dir='ltr'>tamen</span> <span class='ocrx_word' id='word_1_121' title='bbox 485 1337 792 1380; x_wconf 86' lang='lat' dir='ltr'>perseveranter</span> <span class='ocrx_word' id='word_1_122' title='bbox 814 1328 959 1367; x_wconf 83' lang='lat' dir='ltr'>vixerit</span> <span class='ocrx_word' id='word_1_123' title='bbox 990 1336 1209 1381; x_wconf 85' lang='lat' dir='ltr'>tamquam</span> <span class='ocrx_word' id='word_1_124' title='bbox 1236 1341 1360 1380; x_wconf 84' lang='lat' dir='ltr'>papa,</span> <span class='ocrx_word' id='word_1_125' title='bbox 1394 1307 1530 1366; x_wconf 78' lang='lat' dir='ltr'>sicuta</span> <span class='ocrx_word' id='word_1_126' title='bbox 1557 1299 1632 1325; x_wconf 77' lang='lat' dir='ltr'><strong>local</strong></span> <span class='ocrx_word' id='word_1_127' title='bbox 1655 1298 1789 1327; x_wconf 72' lang='lat' dir='ltr'>Churcn.</span> 
     </span>
     <span class='ocr_line' id='line_1_17' title="bbox 188 1395 1499 1450; baseline -0.001 -15"><span class='ocrx_word' id='word_1_128' title='bbox 188 1397 286 1437; x_wconf 91' lang='lat' dir='ltr'>dicit</span> <span class='ocrx_word' id='word_1_129' title='bbox 308 1397 484 1450; x_wconf 90' lang='lat' dir='ltr'>septima</span> <span class='ocrx_word' id='word_1_130' title='bbox 506 1397 719 1437; x_wconf 90' lang='lat' dir='ltr'><strong>conclusio</strong></span> <span class='ocrx_word' id='word_1_131' title='bbox 744 1397 911 1450; x_wconf 89' lang='lat' dir='ltr'>capituli</span> <span class='ocrx_word' id='word_1_132' title='bbox 943 1397 1141 1450; x_wconf 80' lang='lat' dir='ltr'>proximi3</span> <span class='ocrx_word' id='word_1_133' title='bbox 1176 1405 1216 1436; x_wconf 92' lang='lat' dir='ltr'>et</span> <span class='ocrx_word' id='word_1_134' title='bbox 1247 1396 1303 1436; x_wconf 89' lang='lat' dir='ltr'>sic</span> <span class='ocrx_word' id='word_1_135' title='bbox 1334 1395 1499 1435; x_wconf 89' lang='lat' dir='ltr'>videtur</span> 
     </span>
     <span class='ocr_line' id='line_1_18' title="bbox 188 1466 1501 1520; baseline -0.001 -15"><span class='ocrx_word' id='word_1_136' title='bbox 188 1467 504 1506; x_wconf 89' lang='lat' dir='ltr'>concedendum</span> <span class='ocrx_word' id='word_1_137' title='bbox 536 1468 651 1520; x_wconf 91' lang='lat' dir='ltr'>quod</span> <span class='ocrx_word' id='word_1_138' title='bbox 683 1467 732 1506; x_wconf 90' lang='lat' dir='ltr'>de</span> <span class='ocrx_word' id='word_1_139' title='bbox 764 1466 951 1519; x_wconf 88' lang='lat' dir='ltr'>possibili</span> <span class='ocrx_word' id='word_1_140' title='bbox 984 1466 1034 1505; x_wconf 91' lang='lat' dir='ltr'>sit</span> <span class='ocrx_word' id='word_1_141' title='bbox 1066 1480 1174 1519; x_wconf 90' lang='lat' dir='ltr'>papa</span> <span class='ocrx_word' id='word_1_142' title='bbox 1195 1466 1288 1519; x_wconf 91' lang='lat' dir='ltr'>ipso</span> <span class='ocrx_word' id='word_1_143' title='bbox 1312 1466 1501 1518; x_wconf 88' lang='lat' dir='ltr'>superior</span> 
     </span>
     <span class='ocr_line' id='line_1_19' title="bbox 187 1535 488 1575; baseline 0.003 -1"><span class='ocrx_word' id='word_1_144' title='bbox 187 1536 254 1575; x_wconf 92' lang='lat' dir='ltr'>hic</span> <span class='ocrx_word' id='word_1_145' title='bbox 286 1536 328 1574; x_wconf 90' lang='lat' dir='ltr'>in</span> <span class='ocrx_word' id='word_1_146' title='bbox 360 1535 488 1575; x_wconf 83' lang='lat' dir='ltr'>terris.</span> 
     </span>
    </p>

    <p class='ocr_par' dir='ltr' id='par_1_5' title="bbox 246 1604 1499 1660">
     <span class='ocr_line' id='line_1_20' title="bbox 246 1604 1499 1660; baseline 0 -15"><span class='ocrx_word' id='word_1_147' title='bbox 246 1606 388 1645; x_wconf 87' lang='lat' dir='ltr'>Posito</span> <span class='ocrx_word' id='word_1_148' title='bbox 422 1607 537 1660; x_wconf 91' lang='lat' dir='ltr'>quod</span> <span class='ocrx_word' id='word_1_149' title='bbox 569 1619 677 1645; x_wconf 87' lang='lat' dir='ltr'>unus</span> <span class='ocrx_word' id='word_1_150' title='bbox 717 1606 820 1645; x_wconf 85' lang='lat' dir='ltr'>alius</span> <span class='ocrx_word' id='word_1_151' title='bbox 853 1604 1080 1658; x_wconf 90' lang='lat' dir='ltr'>perfeccius</span> <span class='ocrx_word' id='word_1_152' title='bbox 1125 1606 1272 1644; x_wconf 89' lang='lat' dir='ltr'>doceat</span> <span class='ocrx_word' id='word_1_153' title='bbox 1317 1614 1356 1644; x_wconf 92' lang='lat' dir='ltr'>et</span> <span class='ocrx_word' id='word_1_154' title='bbox 1388 1614 1499 1658; x_wconf 84' lang='lat' dir='ltr'>regat</span> 
     </span>
    </p>

    <p class='ocr_par' dir='ltr' id='par_1_6' title="bbox 132 1675 1736 2007">
     <span class='ocr_line' id='line_1_21' title="bbox 132 1675 1501 1730; baseline 0.001 -17"><span class='ocrx_word' id='word_1_155' title='bbox 132 1692 173 1714; x_wconf 87' lang='lat'>20</span> <span class='ocrx_word' id='word_1_156' title='bbox 189 1677 350 1729; x_wconf 89' lang='lat' dir='ltr'>plurem</span> <span class='ocrx_word' id='word_1_157' title='bbox 383 1678 593 1730; x_wconf 91' lang='lat' dir='ltr'>populum</span> <span class='ocrx_word' id='word_1_158' title='bbox 616 1676 886 1716; x_wconf 87' lang='lat' dir='ltr'>conformiter</span> <span class='ocrx_word' id='word_1_159' title='bbox 918 1675 996 1728; x_wconf 85' lang='lat' dir='ltr'><strong>legi</strong></span> <span class='ocrx_word' id='word_1_160' title='bbox 1027 1675 1194 1726; x_wconf 82' lang='lat' dir='ltr'>Christi,</span> <span class='ocrx_word' id='word_1_161' title='bbox 1227 1675 1332 1714; x_wconf 92' lang='lat' dir='ltr'>sicut</span> <span class='ocrx_word' id='word_1_162' title='bbox 1363 1683 1501 1727; x_wconf 90' lang='lat' dir='ltr'>potest</span> 
     </span>
     <span class='ocr_line' id='line_1_22' title="bbox 189 1744 1502 1795; baseline -0.002 -10"><span class='ocrx_word' id='word_1_163' title='bbox 189 1759 274 1785; x_wconf 91' lang='lat' dir='ltr'>esse</span> <span class='ocrx_word' id='word_1_164' title='bbox 318 1747 367 1785; x_wconf 94' lang='lat' dir='ltr'>de</span> <span class='ocrx_word' id='word_1_165' title='bbox 414 1760 585 1786; x_wconf 91' lang='lat' dir='ltr'>summo</span> <span class='ocrx_word' id='word_1_166' title='bbox 638 1746 850 1785; x_wconf 85' lang='lat' dir='ltr'>sacerdote</span> <span class='ocrx_word' id='word_1_167' title='bbox 903 1745 1071 1784; x_wconf 89' lang='lat' dir='ltr'><strong>ecclesie</strong></span> <span class='ocrx_word' id='word_1_168' title='bbox 1115 1745 1283 1795; x_wconf 82' lang='lat' dir='ltr'>Asiane,</span> <span class='ocrx_word' id='word_1_169' title='bbox 1337 1744 1502 1784; x_wconf 80' lang='lat' dir='ltr'>videtur</span> 
     </span>
     <span class='ocr_line' id='line_1_23' title="bbox 187 1814 1499 1869; baseline -0.002 -14"><span class='ocrx_word' id='word_1_170' title='bbox 187 1825 327 1855; x_wconf 88' lang='lat' dir='ltr'>tamen</span> <span class='ocrx_word' id='word_1_171' title='bbox 359 1815 462 1855; x_wconf 89' lang='lat' dir='ltr'>mihi</span> <span class='ocrx_word' id='word_1_172' title='bbox 495 1816 610 1869; x_wconf 90' lang='lat' dir='ltr'>quod</span> <span class='ocrx_word' id='word_1_173' title='bbox 642 1828 730 1854; x_wconf 90' lang='lat' dir='ltr'>non</span> <span class='ocrx_word' id='word_1_174' title='bbox 763 1816 963 1854; x_wconf 87' lang='lat' dir='ltr'>debemus</span> <span class='ocrx_word' id='word_1_175' title='bbox 997 1815 1247 1854; x_wconf 84' lang='lat' dir='ltr'>contendere</span> <span class='ocrx_word' id='word_1_176' title='bbox 1271 1814 1375 1854; x_wconf 92' lang='lat' dir='ltr'>circa</span> <span class='ocrx_word' id='word_1_177' title='bbox 1396 1814 1499 1853; x_wconf 89' lang='lat' dir='ltr'>illud</span> 
     </span>
     <span class='ocr_line' id='line_1_24' title="bbox 189 1884 1736 1939; baseline -0.001 -15"><span class='ocrx_word' id='word_1_178' title='bbox 189 1887 238 1924; x_wconf 93' lang='lat' dir='ltr'>de</span> <span class='ocrx_word' id='word_1_179' title='bbox 272 1886 419 1937; x_wconf 74' lang='lat' dir='ltr'>inesse,</span> <span class='ocrx_word' id='word_1_180' title='bbox 465 1886 580 1939; x_wconf 90' lang='lat' dir='ltr'>quod</span> <span class='ocrx_word' id='word_1_181' title='bbox 611 1885 686 1924; x_wconf 88' lang='lat' dir='ltr'>iste</span> <span class='ocrx_word' id='word_1_182' title='bbox 719 1884 960 1938; x_wconf 83' lang='lat' dir='ltr'>quicunque</span> <span class='ocrx_word' id='word_1_183' title='bbox 999 1898 1248 1924; x_wconf 86' lang='lat' dir='ltr'>conversans</span> <span class='ocrx_word' id='word_1_184' title='bbox 1277 1884 1497 1923; x_wconf 90' lang='lat' dir='ltr'>nobiscum</span> <span class='ocrx_word' id='word_1_185' title='bbox 1566 1899 1644 1927; x_wconf 76' lang='lat' dir='ltr'><strong>Note</strong></span> <span class='ocrx_word' id='word_1_186' title='bbox 1665 1900 1736 1927; x_wconf 78' lang='lat' dir='ltr'>this.</span> 
     </span>
     <span class='ocr_line' id='line_1_25' title="bbox 187 1953 1496 2007; baseline -0.002 -13"><span class='ocrx_word' id='word_1_187' title='bbox 187 1954 237 1994; x_wconf 92' lang='lat' dir='ltr'>sit</span> <span class='ocrx_word' id='word_1_188' title='bbox 268 1955 373 2006; x_wconf 86' lang='lat' dir='ltr'>talis,</span> <span class='ocrx_word' id='word_1_189' title='bbox 417 1956 488 1994; x_wconf 89' lang='lat' dir='ltr'>sed</span> <span class='ocrx_word' id='word_1_190' title='bbox 532 1968 768 2007; x_wconf 86' lang='lat' dir='ltr'>supponere</span> <span class='ocrx_word' id='word_1_191' title='bbox 808 1954 1099 1993; x_wconf 84' lang='lat' dir='ltr'><strong>excellenciam</strong></span> <span class='ocrx_word' id='word_1_192' title='bbox 1132 1953 1312 1993; x_wconf 87' lang='lat' dir='ltr'>Romani</span> <span class='ocrx_word' id='word_1_193' title='bbox 1356 1953 1496 2006; x_wconf 89' lang='lat' dir='ltr'>ponti-</span> 
     </span>
    </p>

    <p class='ocr_par' dir='ltr' id='par_1_7' title="bbox 131 2023 1499 2147">
     <span class='ocr_line' id='line_1_26' title="bbox 131 2023 1499 2077; baseline 0 -15"><span class='ocrx_word' id='word_1_194' title='bbox 131 2030 170 2062; x_wconf 81' lang='lat'>25</span> <span class='ocrx_word' id='word_1_195' title='bbox 188 2023 274 2063; x_wconf 89' lang='lat' dir='ltr'>ficis</span> <span class='ocrx_word' id='word_1_196' title='bbox 308 2038 431 2077; x_wconf 90' lang='lat' dir='ltr'>super</span> <span class='ocrx_word' id='word_1_197' title='bbox 463 2024 551 2064; x_wconf 89' lang='lat' dir='ltr'>aliis</span> <span class='ocrx_word' id='word_1_198' title='bbox 585 2023 716 2063; x_wconf 88' lang='lat' dir='ltr'>eciam</span> <span class='ocrx_word' id='word_1_199' title='bbox 757 2024 896 2076; x_wconf 92' lang='lat' dir='ltr'>quoad</span> <span class='ocrx_word' id='word_1_200' title='bbox 929 2024 1080 2074; x_wconf 85' lang='lat' dir='ltr'>Deum,</span> <span class='ocrx_word' id='word_1_201' title='bbox 1114 2023 1211 2076; x_wconf 89' lang='lat' dir='ltr'>quia</span> <span class='ocrx_word' id='word_1_202' title='bbox 1245 2032 1406 2062; x_wconf 89' lang='lat' dir='ltr'>certum</span> <span class='ocrx_word' id='word_1_203' title='bbox 1438 2031 1499 2062; x_wconf 90' lang='lat' dir='ltr'>est</span> 
     </span>
     <span class='ocr_line' id='line_1_27' title="bbox 188 2092 1496 2147; baseline -0.002 -14"><span class='ocrx_word' id='word_1_204' title='bbox 188 2095 303 2147; x_wconf 94' lang='lat' dir='ltr'>quod</span> <span class='ocrx_word' id='word_1_205' title='bbox 326 2107 412 2133; x_wconf 89' lang='lat' dir='ltr'>non</span> <span class='ocrx_word' id='word_1_206' title='bbox 435 2103 495 2133; x_wconf 93' lang='lat' dir='ltr'>est</span> <span class='ocrx_word' id='word_1_207' title='bbox 517 2093 705 2146; x_wconf 90' lang='lat' dir='ltr'>superior</span> <span class='ocrx_word' id='word_1_208' title='bbox 727 2092 805 2131; x_wconf 90' lang='lat' dir='ltr'>nisi</span> <span class='ocrx_word' id='word_1_209' title='bbox 829 2092 951 2131; x_wconf 86' lang='lat' dir='ltr'>fuerit</span> <span class='ocrx_word' id='word_1_210' title='bbox 973 2092 1163 2145; x_wconf 89' lang='lat' dir='ltr'>superior</span> <span class='ocrx_word' id='word_1_211' title='bbox 1189 2093 1329 2145; x_wconf 88' lang='lat' dir='ltr'>quoad</span> <span class='ocrx_word' id='word_1_212' title='bbox 1344 2093 1496 2132; x_wconf 90' lang='lat' dir='ltr'>Deum.</span> 
     </span>
    </p>

    <p class='ocr_par' dir='ltr' id='par_1_8' title="bbox 141 2162 1787 2216">
     <span class='ocr_line' id='line_1_28' title="bbox 141 2162 1787 2216; baseline 0.004 -16"><span class='ocrx_word' id='word_1_213' title='bbox 141 2168 172 2200; x_wconf 87' lang='lat' dir='ltr'><strong>F</strong></span> <span class='ocrx_word' id='word_1_214' title='bbox 245 2164 305 2202; x_wconf 82' lang='lat' dir='ltr'>Ex</span> <span class='ocrx_word' id='word_1_215' title='bbox 353 2163 504 2216; x_wconf 88' lang='lat' dir='ltr'>quibus</span> <span class='ocrx_word' id='word_1_216' title='bbox 553 2164 716 2202; x_wconf 87' lang='lat' dir='ltr'>videtur</span> <span class='ocrx_word' id='word_1_217' title='bbox 765 2162 869 2202; x_wconf 88' lang='lat' dir='ltr'>mihi</span> <span class='ocrx_word' id='word_1_218' title='bbox 918 2163 1032 2215; x_wconf 92' lang='lat' dir='ltr'>quod</span> <span class='ocrx_word' id='word_1_219' title='bbox 1083 2162 1223 2201; x_wconf 91' lang='lat' dir='ltr'>nullus</span> <span class='ocrx_word' id='word_1_220' title='bbox 1280 2163 1498 2202; x_wconf 87' lang='lat' dir='ltr'>Romanus</span> <span class='ocrx_word' id='word_1_221' title='bbox 1513 2177 1560 2205; x_wconf 81' lang='lat' dir='ltr'>No</span> <span class='ocrx_word' id='word_1_222' title='bbox 1583 2186 1663 2214; x_wconf 71' lang='lat' dir='ltr'>pope</span> <span class='ocrx_word' id='word_1_223' title='bbox 1679 2179 1787 2206; x_wconf 78' lang='lat' dir='ltr'>should</span> 
     </span>
    </p>
   </div>
   <div class='ocr_carea' id='block_1_5' title="bbox 186 2214 1788 2285">
    <p class='ocr_par' dir='ltr' id='par_1_9' title="bbox 186 2214 1788 2285">
     <span class='ocr_line' id='line_1_29' title="bbox 186 2214 1788 2285; baseline 0.003 -14"><span class='ocrx_word' id='word_1_224' title='bbox 186 2232 373 2284; x_wconf 81' lang='lat' dir='ltr'>pontifex</span> <span class='ocrx_word' id='word_1_225' title='bbox 411 2233 476 2272; x_wconf 89' lang='lat' dir='ltr'>cui</span> <span class='ocrx_word' id='word_1_226' title='bbox 509 2246 595 2272; x_wconf 90' lang='lat' dir='ltr'>non</span> <span class='ocrx_word' id='word_1_227' title='bbox 628 2233 678 2273; x_wconf 90' lang='lat' dir='ltr'>sit</span> <span class='ocrx_word' id='word_1_228' title='bbox 710 2232 814 2272; x_wconf 82' lang='lat' dir='ltr'>facta</span> <span class='ocrx_word' id='word_1_229' title='bbox 847 2232 1034 2285; x_wconf 86' lang='lat' dir='ltr'>specialis</span> <span class='ocrx_word' id='word_1_230' title='bbox 1069 2231 1270 2271; x_wconf 83' lang='lat' dir='ltr'>revelacio</span> <span class='ocrx_word' id='word_1_231' title='bbox 1304 2241 1499 2271; x_wconf 89' lang='lat' dir='ltr'>assereret</span> <span class='ocrx_word' id='word_1_232' title='bbox 1513 2215 1696 2282; x_wconf 44' lang='lat' dir='ltr'>ajsescetiiarihtzg</span> <span class='ocrx_word' id='word_1_233' title='bbox 1714 2214 1788 2275; x_wconf 48' lang='lat' dir='ltr'>{¹1¹1ss</span> 
     </span>
    </p>
   </div>
   <div class='ocr_carea' id='block_1_6' title="bbox 155 2283 1788 2738">
    <p class='ocr_par' dir='ltr' id='par_1_10' title="bbox 155 2283 1788 2738">
     <span class='ocr_line' id='line_1_30' title="bbox 186 2283 1788 2355; baseline 0.002 -14"><span class='ocrx_word' id='word_1_234' title='bbox 186 2302 250 2341; x_wconf 87' lang='lat' dir='ltr'><strong>vel</strong></span> <span class='ocrx_word' id='word_1_235' title='bbox 297 2302 538 2354; x_wconf 88' lang='lat' dir='ltr'>opinaretur</span> <span class='ocrx_word' id='word_1_236' title='bbox 576 2303 690 2355; x_wconf 93' lang='lat' dir='ltr'>quod</span> <span class='ocrx_word' id='word_1_237' title='bbox 735 2302 902 2340; x_wconf 90' lang='lat' dir='ltr'>subesse</span> <span class='ocrx_word' id='word_1_238' title='bbox 950 2301 1025 2340; x_wconf 91' lang='lat' dir='ltr'>sibi</span> <span class='ocrx_word' id='word_1_239' title='bbox 1069 2300 1120 2340; x_wconf 90' lang='lat' dir='ltr'>sit</span> <span class='ocrx_word' id='word_1_240' title='bbox 1163 2302 1213 2340; x_wconf 94' lang='lat' dir='ltr'>de</span> <span class='ocrx_word' id='word_1_241' title='bbox 1257 2301 1498 2340; x_wconf 88' lang='lat' dir='ltr'>necessitate</span> <span class='ocrx_word' id='word_1_242' title='bbox 1513 2291 1537 2309; x_wconf 71' lang='lat'>¹⁵</span> <span class='ocrx_word' id='word_1_243' title='bbox 1552 2283 1788 2351; x_wconf 46' lang='lat' dir='ltr'>nessiiiiiiffsal‘</span> 
     </span>
     <span class='ocr_line' id='line_1_31' title="bbox 155 2367 1497 2425; baseline -0.001 -15"><span class='ocrx_word' id='word_1_244' title='bbox 155 2371 328 2414; x_wconf 89' lang='lat' dir='ltr'>1salutis</span> <span class='ocrx_word' id='word_1_245' title='bbox 362 2371 581 2411; x_wconf 87' lang='lat' dir='ltr'>cuiuslibet</span> <span class='ocrx_word' id='word_1_246' title='bbox 613 2370 835 2410; x_wconf 89' lang='lat' dir='ltr'>christiani.</span> <span class='ocrx_word' id='word_1_247' title='bbox 879 2372 988 2410; x_wconf 85' lang='lat' dir='ltr'>Nam</span> <span class='ocrx_word' id='word_1_248' title='bbox 1021 2367 1085 2425; x_wconf 83' lang='lat' dir='ltr'>(ut</span> <span class='ocrx_word' id='word_1_249' title='bbox 1130 2369 1255 2423; x_wconf 87' lang='lat' dir='ltr'><strong>logici</strong></span> <span class='ocrx_word' id='word_1_250' title='bbox 1299 2368 1497 2425; x_wconf 84' lang='lat' dir='ltr'>arguunt)</span> 
     </span>
     <span class='ocr_line' id='line_1_32' title="bbox 186 2439 1499 2493; baseline -0.002 -13"><span class='ocrx_word' id='word_1_251' title='bbox 186 2441 309 2480; x_wconf 88' lang='lat' dir='ltr'>multi</span> <span class='ocrx_word' id='word_1_252' title='bbox 331 2449 427 2480; x_wconf 90' lang='lat' dir='ltr'>sunt</span> <span class='ocrx_word' id='word_1_253' title='bbox 449 2440 655 2480; x_wconf 86' lang='lat' dir='ltr'>christiani</span> <span class='ocrx_word' id='word_1_254' title='bbox 690 2453 766 2493; x_wconf 89' lang='lat' dir='ltr'>pro</span> <span class='ocrx_word' id='word_1_255' title='bbox 795 2454 872 2480; x_wconf 93' lang='lat' dir='ltr'>suo</span> <span class='ocrx_word' id='word_1_256' title='bbox 903 2449 1092 2492; x_wconf 90' lang='lat' dir='ltr'>tempore</span> <span class='ocrx_word' id='word_1_257' title='bbox 1116 2439 1187 2493; x_wconf 89' lang='lat' dir='ltr'>qui</span> <span class='ocrx_word' id='word_1_258' title='bbox 1209 2452 1296 2479; x_wconf 89' lang='lat' dir='ltr'>non</span> <span class='ocrx_word' id='word_1_259' title='bbox 1319 2440 1499 2479; x_wconf 90' lang='lat' dir='ltr'>subsunt</span> 
     </span>
     <span class='ocr_line' id='line_1_33' title="bbox 188 2508 1498 2562; baseline 0 -14"><span class='ocrx_word' id='word_1_260' title='bbox 188 2509 276 2561; x_wconf 82' lang='lat' dir='ltr'>sibi,</span> <span class='ocrx_word' id='word_1_261' title='bbox 316 2510 421 2549; x_wconf 90' lang='lat' dir='ltr'>sicut</span> <span class='ocrx_word' id='word_1_262' title='bbox 460 2523 535 2549; x_wconf 92' lang='lat' dir='ltr'>nec</span> <span class='ocrx_word' id='word_1_263' title='bbox 566 2510 747 2562; x_wconf 91' lang='lat' dir='ltr'>ipsemet</span> <span class='ocrx_word' id='word_1_264' title='bbox 778 2509 850 2562; x_wconf 91' lang='lat' dir='ltr'>qui</span> <span class='ocrx_word' id='word_1_265' title='bbox 883 2517 943 2548; x_wconf 92' lang='lat' dir='ltr'>est</span> <span class='ocrx_word' id='word_1_266' title='bbox 974 2508 1196 2561; x_wconf 89' lang='lat' dir='ltr'>precipuus</span> <span class='ocrx_word' id='word_1_267' title='bbox 1239 2508 1498 2548; x_wconf 62' lang='lat' dir='ltr'>christianus</span> 
     </span>
     <span class='ocr_line' id='line_1_34' title="bbox 245 2609 1499 2646; baseline -0.001 -8"><span class='ocrx_word' id='word_1_268' title='bbox 245 2619 276 2644; x_wconf 83' lang='lat'>4.</span> <span class='ocrx_word' id='word_1_269' title='bbox 289 2612 334 2638; x_wconf 88' lang='lat' dir='ltr'>A:</span> <span class='ocrx_word' id='word_1_270' title='bbox 356 2610 514 2646; x_wconf 85' lang='lat' dir='ltr'>querendo</span> <span class='ocrx_word' id='word_1_271' title='bbox 535 2610 704 2646; x_wconf 86' lang='lat' dir='ltr'>querendo.</span> <span class='ocrx_word' id='word_1_272' title='bbox 790 2609 829 2637; x_wconf 80' lang='lat'>13.</span> <span class='ocrx_word' id='word_1_273' title='bbox 842 2611 869 2637; x_wconf 88' lang='lat' dir='ltr'><strong>A</strong></span> <span class='ocrx_word' id='word_1_274' title='bbox 881 2609 902 2636; x_wconf 89' lang='grc' dir='ltr'><em>Β</em></span> <span class='ocrx_word' id='word_1_275' title='bbox 919 2610 949 2637; x_wconf 89' lang='lat' dir='ltr'>in</span> <span class='ocrx_word' id='word_1_276' title='bbox 965 2618 1068 2645; x_wconf 82' lang='lat' dir='ltr'>marg:</span> <span class='ocrx_word' id='word_1_277' title='bbox 1092 2609 1310 2637; x_wconf 84' lang='lat' dir='ltr'>Conclusionis</span> <span class='ocrx_word' id='word_1_278' title='bbox 1325 2610 1499 2645; x_wconf 85' lang='lat' dir='ltr'>responsio.</span> 
     </span>
     <span class='ocr_line' id='line_1_35' title="bbox 187 2655 1500 2692; baseline 0 -8"><span class='ocrx_word' id='word_1_279' title='bbox 187 2659 214 2684; x_wconf 91' lang='lat' dir='ltr'><strong>A</strong></span> <span class='ocrx_word' id='word_1_280' title='bbox 235 2657 264 2684; x_wconf 87' lang='lat' dir='ltr'>in</span> <span class='ocrx_word' id='word_1_281' title='bbox 285 2665 389 2692; x_wconf 82' lang='lat' dir='ltr'>marg:</span> <span class='ocrx_word' id='word_1_282' title='bbox 415 2657 495 2685; x_wconf 85' lang='lat' dir='ltr'>Nota</span> <span class='ocrx_word' id='word_1_283' title='bbox 516 2658 553 2684; x_wconf 88' lang='lat' dir='ltr'>de</span> <span class='ocrx_word' id='word_1_284' title='bbox 574 2657 702 2684; x_wconf 84' lang='lat' dir='ltr'>subesse</span> <span class='ocrx_word' id='word_1_285' title='bbox 722 2664 801 2691; x_wconf 88' lang='lat' dir='ltr'>pape</span> <span class='ocrx_word' id='word_1_286' title='bbox 822 2661 853 2683; x_wconf 87' lang='lat' dir='ltr'>ut</span> <span class='ocrx_word' id='word_1_287' title='bbox 874 2655 984 2683; x_wconf 85' lang='lat' dir='ltr'>dicitur</span> <span class='ocrx_word' id='word_1_288' title='bbox 1004 2657 1040 2683; x_wconf 89' lang='lat' dir='ltr'>de</span> <span class='ocrx_word' id='word_1_289' title='bbox 1062 2656 1243 2684; x_wconf 84' lang='lat' dir='ltr'>necessitate</span> <span class='ocrx_word' id='word_1_290' title='bbox 1263 2657 1368 2684; x_wconf 82' lang='lat' dir='ltr'>salutis</span> <span class='ocrx_word' id='word_1_291' title='bbox 1390 2657 1500 2691; x_wconf 86' lang='lat' dir='ltr'>(above</span> 
     </span>
     <span class='ocr_line' id='line_1_36' title="bbox 188 2700 1499 2738; baseline -0.001 -8"><span class='ocrx_word' id='word_1_292' title='bbox 188 2703 244 2730; x_wconf 90' lang='lat' dir='ltr'>col.</span> <span class='ocrx_word' id='word_1_293' title='bbox 267 2704 328 2731; x_wconf 75' lang='lat'>1321‘</span> <span class='ocrx_word' id='word_1_294' title='bbox 347 2704 477 2731; x_wconf 85' lang='lat' dir='ltr'>without</span> <span class='ocrx_word' id='word_1_295' title='bbox 496 2703 582 2731; x_wconf 84' lang='lat' dir='ltr'>mark</span> <span class='ocrx_word' id='word_1_296' title='bbox 601 2703 635 2730; x_wconf 86' lang='lat' dir='ltr'>of</span> <span class='ocrx_word' id='word_1_297' title='bbox 652 2703 827 2737; x_wconf 81' lang='lat' dir='ltr'>reference).</span> <span class='ocrx_word' id='word_1_298' title='bbox 988 2703 1029 2730; x_wconf 84' lang='lat'>16.</span> <span class='ocrx_word' id='word_1_299' title='bbox 1050 2702 1072 2729; x_wconf 86' lang='lat' dir='ltr'>B</span> <span class='ocrx_word' id='word_1_300' title='bbox 1092 2702 1216 2738; x_wconf 77' lang='lat' dir='ltr'>capituli</span> <span class='ocrx_word' id='word_1_301' title='bbox 1236 2703 1307 2731; x_wconf 88' lang='lat' dir='ltr'>XXI</span> <span class='ocrx_word' id='word_1_302' title='bbox 1334 2704 1402 2738; x_wconf 90' lang='lat' dir='ltr'>(pro</span> <span class='ocrx_word' id='word_1_303' title='bbox 1416 2700 1499 2738; x_wconf 67' lang='lat' dir='ltr'>cp—xi&gt;.</span> 
     </span>
    </p>
   </div>
   <div class='ocr_carea' id='block_1_7' title="bbox 189 2748 1498 2829">
    <p class='ocr_par' dir='ltr' id='par_1_11' title="bbox 189 2748 1498 2829">
     <span class='ocr_line' id='line_1_37' title="bbox 189 2748 1498 2785; baseline 0 -9"><span class='ocrx_word' id='word_1_304' title='bbox 189 2757 232 2776; x_wconf 82' lang='lat'>22.</span> <span class='ocrx_word' id='word_1_305' title='bbox 252 2751 280 2777; x_wconf 88' lang='lat' dir='ltr'><strong>A</strong></span> <span class='ocrx_word' id='word_1_306' title='bbox 300 2750 329 2776; x_wconf 90' lang='lat' dir='ltr'>in</span> <span class='ocrx_word' id='word_1_307' title='bbox 350 2758 452 2785; x_wconf 80' lang='lat' dir='ltr'>marg:</span> <span class='ocrx_word' id='word_1_308' title='bbox 473 2749 552 2777; x_wconf 85' lang='lat' dir='ltr'>Nota</span> <span class='ocrx_word' id='word_1_309' title='bbox 572 2750 660 2776; x_wconf 86' lang='lat' dir='ltr'>bene.</span> <span class='ocrx_word' id='word_1_310' title='bbox 794 2756 837 2775; x_wconf 85' lang='lat'>22.</span> <span class='ocrx_word' id='word_1_311' title='bbox 858 2748 897 2775; x_wconf 77' lang='lat'>13:</span> <span class='ocrx_word' id='word_1_312' title='bbox 920 2749 1000 2776; x_wconf 85' lang='lat' dir='ltr'>circa</span> <span class='ocrx_word' id='word_1_313' title='bbox 1020 2749 1113 2776; x_wconf 87' lang='lat' dir='ltr'>idem.</span> <span class='ocrx_word' id='word_1_314' title='bbox 1230 2756 1273 2783; x_wconf 86' lang='lat'>27.</span> <span class='ocrx_word' id='word_1_315' title='bbox 1295 2751 1322 2776; x_wconf 93' lang='lat' dir='ltr'><strong>A</strong></span> <span class='ocrx_word' id='word_1_316' title='bbox 1343 2749 1373 2776; x_wconf 86' lang='lat' dir='ltr'>in</span> <span class='ocrx_word' id='word_1_317' title='bbox 1396 2757 1498 2783; x_wconf 77' lang='lat' dir='ltr'>marg:</span> 
     </span>
     <span class='ocr_line' id='line_1_38' title="bbox 189 2794 772 2829; baseline -0.003 -7"><span class='ocrx_word' id='word_1_318' title='bbox 189 2795 245 2828; x_wconf 70' lang='lat' dir='ltr'>Ha,</span> <span class='ocrx_word' id='word_1_319' title='bbox 267 2796 305 2822; x_wconf 81' lang='lat' dir='ltr'>ha</span> <span class='ocrx_word' id='word_1_320' title='bbox 337 2796 365 2822; x_wconf 90' lang='lat' dir='ltr'><strong>A</strong></span> <span class='ocrx_word' id='word_1_321' title='bbox 380 2796 400 2822; x_wconf 84' lang='grc' dir='ltr'>Β</span> <span class='ocrx_word' id='word_1_322' title='bbox 421 2797 451 2823; x_wconf 89' lang='lat' dir='ltr'>in</span> <span class='ocrx_word' id='word_1_323' title='bbox 473 2804 574 2829; x_wconf 78' lang='lat' dir='ltr'>marg:</span> <span class='ocrx_word' id='word_1_324' title='bbox 596 2794 772 2822; x_wconf 85' lang='lat' dir='ltr'>Conclusio.</span> 
     </span>
    </p>
   </div>
   <div class='ocr_carea' id='block_1_8' title="bbox 252 2867 705 2910">
    <p class='ocr_par' dir='ltr' id='par_1_12' title="bbox 252 2867 705 2910">
     <span class='ocr_line' id='line_1_39' title="bbox 252 2867 705 2910; baseline -0.002 -12"><span class='ocrx_word' id='word_1_325' title='bbox 252 2867 300 2898; x_wconf 73' lang='lat' dir='ltr'>is».</span> <span class='ocrx_word' id='word_1_326' title='bbox 328 2868 392 2898; x_wconf 85' lang='lat' dir='ltr'>See</span> <span class='ocrx_word' id='word_1_327' title='bbox 418 2878 495 2909; x_wconf 82' lang='lat' dir='ltr'>pag.</span> <span class='ocrx_word' id='word_1_328' title='bbox 527 2878 576 2910; x_wconf 78' lang='lat'>¹9-</span> <span class='ocrx_word' id='word_1_329' title='bbox 605 2868 625 2897; x_wconf 88' lang='grc' dir='ltr'>Ι.</span> <span class='ocrx_word' id='word_1_330' title='bbox 657 2867 705 2898; x_wconf 82' lang='lat'>18.</span> 
     </span>
    </p>
   </div>
  </div>
 </body>
</html>
