2051 3343
212 232 306 283 CAR·
318 221 386 278 v1.]
715 234 775 265 DE
802 234 1035 266 ECCLESIA.

57 351 189 395 P147⁵
208 353 320 391 suos,
352 338 536 378 limitans
568 337 645 377 sibi
678 346 718 377 et
749 338 936 390 partibus
969 339 1054 378 suis
1079 348 1340 379 crementum
1373 349 1412 379 et
1441 340 1520 380 alia

207 408 436 449 accidentia
480 407 709 459 naturalia,
763 407 819 447 sic
863 422 906 448 se
948 407 1072 448 habet
1115 408 1273 448 nedum
1326 409 1518 449 divinitas

208 478 362 520 Christi
395 477 649 518 extrinsecus
695 478 767 517 sed
801 477 1040 517 humanitas
1074 477 1162 518 eius
1193 478 1443 519 intrinsecus
1466 480 1518 519 ad

207 556 394 587 sanctam
437 555 614 586 matrem
660 546 904 598 ecclesiam;
955 547 1066 587 unde
1112 547 1409 600 blasphemum
1457 557 1519 589 est

173 629 190 662 5
207 618 386 670 cogitare
419 617 535 670 quod
556 617 697 656 subest
718 616 916 669 potestati
947 616 1133 656 humane
1164 630 1288 670 posse
1312 617 1516 658 celebrare

205 687 440 727 divorcium
491 686 598 726 inter
650 685 867 726 Christum
919 695 959 726 et
1000 695 1179 726 matrem
1226 700 1360 739 suam,
1412 688 1518 728 sicut

206 756 420 796 carnaliter
450 756 747 811 ymaginamur
779 757 845 796 de*
863 756 1025 796 defectu
1047 756 1090 795 in
1123 756 1275 796 carnali
1301 757 1514 811 coniugio.

204 825 389 866 Ecclesia
422 825 535 865 enim
568 833 629 865 est
659 825 776 879 virgo
810 825 1078 879 spiritualiter
1110 825 1384 878 intelligendo
1409 826 1516 867 sicut

203 904 291 935 tota
307 895 536 935 multitudo
553 895 769 935 celestium
787 895 944 935 civium
965 909 1123 949 agnum
1145 895 1421 949 sequencium
1449 894 1516 951 (ut

148 988 188 1010 10
204 965 351 1005 dicitur
365 965 620 1019 Apocalyps.
643 965 773 1017 XIV0,
803 962 856 1019 1),
880 965 991 1004 unde
1012 965 1112 1005 tales
1133 965 1310 1019 virgines
1336 975 1516 1019 possunt

201 1042 300 1088 post
331 1035 654 1088 corrupcionem
685 1048 927 1088 recuperare
959 1035 1255 1088 virginitatem,
1288 1035 1394 1076 sicut
1424 1049 1512 1075 non

202 1104 407 1158 contingit
428 1105 478 1144 de
497 1104 733 1157 virginitate
757 1104 922 1156 carnali,
943 1105 1133 1158 quamvis
1149 1119 1314 1158 semper
1335 1114 1515 1158 possunt

201 1187 289 1214 esse
319 1173 512 1226 virgines.
547 1175 657 1214 Nam
689 1188 738 1214 eo
770 1174 880 1227 ipso,
920 1188 1006 1228 quo
1045 1175 1350 1227 predestinatus
1391 1175 1516 1216 habet

200 1243 444 1294 celibatum,
492 1244 695 1297 recipiens
740 1258 762 1283 a
808 1258 967 1297 sponso
1000 1244 1170 1284 ecclesie
1215 1258 1357 1284 semen
1404 1244 1514 1297 fidei,

146 1327 182 1360 15
198 1312 410 1367 gignendo
442 1313 580 1354 filium
611 1313 700 1365 Dei,
734 1323 794 1354 est
816 1314 950 1367 virgo,
983 1327 1138 1367 sponsa
1171 1313 1338 1367 Christi,
1372 1324 1410 1355 et
1441 1328 1516 1368 per

199 1396 474 1438 consequens,
507 1397 627 1423 soror
648 1391 688 1423 et
709 1383 833 1423 frater
848 1383 936 1424 eius
958 1397 1197 1437 germanus,
1231 1393 1270 1424 et
1290 1397 1364 1438 per
1385 1384 1512 1436 idern,

196 1463 331 1494 mater
362 1453 463 1505 eius,
488 1466 585 1493 cum
607 1453 739 1507 gignit
763 1452 978 1494 Christum
1001 1453 1268 1506 spiritualiter
1284 1467 1332 1493 ex
1355 1453 1513 1494 semine

198 1523 343 1577 sponsi
375 1523 418 1562 in
465 1522 606 1563 anima
651 1536 853 1563 conversa
898 1523 950 1562 ad
1002 1522 1232 1565 Christum.
1285 1524 1338 1564 Et
1389 1523 1514 1563 istam

198 1593 415 1633 materiam
430 1592 602 1646 pulchre
618 1592 750 1646 tangit
765 1594 978 1633 decretum
1001 1607 1047 1633 ex
1067 1593 1257 1633 doctrina
1272 1593 1512 1647 Augustini,

142 1687 182 1708 20
197 1671 244 1703 ut
257 1671 371 1716 patet
388 1663 563 1704 XXVIIa
582 1677 625 1717 q.
650 1663 806 1717 prima:
831 1663 1119 1716 Nupciarum,
1142 1663 1213 1703 ubi
1229 1663 1379 1703 dicitur
1396 1664 1513 1716 quod

197 1733 378 1773 ecclesia
394 1739 479 1772 tota
495 1732 623 1786 virgo
639 1740 713 1784 est,
730 1745 825 1772 cum
842 1730 1075 1786 Apostolus
1089 1732 1170 1772 Ha.
1192 1732 1511 1773 Corinthiorum

196 1802 295 1853 XI0,
329 1815 352 1842 2
394 1802 517 1843 dicit:
546 1802 703 1855 Aptam·
733 1816 808 1843 vos
847 1804 922 1842 uni
961 1804 1052 1843 viro
1093 1802 1309 1856 virginem
1349 1809 1511 1843 castam

197 1872 398 1912 exhibere
434 1872 613 1913 Christo.
646 1873 700 1913 Et
731 1873 780 1912 ab
812 1872 885 1912 illo
932 1872 1023 1912 viro
1046 1886 1143 1913 curn
1173 1872 1274 1914 vivit
1295 1882 1512 1926 perpetuo,

197 1957 285 1983 non
315 1943 410 1983 licet
441 1944 628 1983 recedere
661 1942 926 1996 spiritualiter
968 1942 1228 1994 fornicando,
1274 1942 1369 1983 ideo
1412 1957 1511 1983 con-

143 2014 364 2071 25iugatus
395 2022 536 2053 manet
568 2013 834 2066 spiritualiter
864 2013 994 2067 virgo.

150 2107 185 2148 Q
255 2084 336 2124 Sed
352 2083 528 2123 dubium
546 2092 606 2123 est
620 2091 781 2123 tactum
796 2083 838 2122 in
856 2092 1005 2137 quarto
1021 2091 1270 2137 argumento
1286 2084 1336 2123 de
1351 2083 1511 2124 unitate

198 2153 401 2193 numerali
418 2153 600 2205 ecclesie,
621 2162 765 2193 utrum
776 2153 967 2194 Christus
983 2163 1023 2194 et
1037 2153 1256 2207 quodlibet
1269 2153 1511 2193 membrum

198 2223 367 2263 ecclesie
400 2223 451 2263 sit
483 2223 630 2263 eadem
661 2223 830 2263 ecclesia
854 2223 896 2262 in
927 2236 1122 2274 numero,
1146 2232 1185 2263 et
1206 2222 1370 2262 videtur
1392 2223 1511 2276 quod

165 2292 253 2348 lsic
286 2307 334 2332 ex
365 2292 515 2345 triplici
548 2293 844 2333 conveniencia
876 2293 1096 2332 numerali.
1131 2292 1286 2343 Primo,
1320 2292 1508 2346 inquam,

140 2384 181 2417 30
196 2362 360 2402 videtur
391 2363 506 2416 quod
540 2371 919 2416 quantumcunque
951 2371 1111 2416 partem
1145 2362 1284 2402 anima
1326 2363 1510 2404 hominis

197 2433 400 2486 adequate
462 2432 708 2483 actuaverit‚
763 2441 1140 2487 quantumcunque
1196 2432 1369 2473 materia
1420 2446 1508 2473 cor-

247 2578 272 2605 7.
294 2569 323 2597 A
342 2569 372 2597 in
393 2577 511 2603 marg.:
549 2568 673 2604 Sponsa
693 2569 818 2598 Christi.
1013 2577 1055 2604 14.
1079 2570 1119 2597 B:
1160 2578 1279 2606 sponso
1306 2578 1411 2599 semen
1440 2572 1511 2600 fidei

194 2617 351 2652 gignendi.
432 2623 470 2643 21.
492 2615 521 2643 A
541 2614 580 2642 B:
601 2615 628 2643 II
648 2615 719 2644 Cor.
741 2616 778 2644 X.
800 2616 826 2644 A
848 2617 879 2644 in
900 2625 996 2652 marg.
1018 2624 1096 2644 cerr.
1118 2615 1190 2644 Cor.
1212 2616 1263 2644 XI.
1335 2625 1383 2652 24.
1404 2618 1447 2647 25.
1468 2619 1509 2646 B:

193 2662 276 2690 idem
307 2662 502 2698 coniugatus.
644 2663 691 2691 26.
712 2665 740 2691 A
760 2663 790 2691 in
810 2672 926 2700 marga:
958 2663 1103 2692 Dubium.
1123 2664 1151 2691 A
1171 2664 1193 2691 B
1213 2664 1244 2692 in
1265 2672 1379 2701 marg.:
1398 2665 1510 2696 Utrum

195 2708 337 2737 Christus
359 2714 386 2737 et
406 2709 569 2746 quodlibet
588 2711 763 2738 membrum
786 2711 913 2738 ecclesie
934 2711 973 2738 sit
992 2711 1100 2739 eadem
1123 2711 1254 2739 ecclesia
1273 2712 1304 2739 in
1332 2713 1390 2748 (Az
1412 2713 1508 2750 deest)

194 2763 324 2782 numero
337 2755 370 2789 (B
391 2763 485 2783 manu
499 2757 584 2791 rec.).
724 2756 772 2784 30.
793 2755 834 2784 B:
874 2757 977 2785 anima
996 2758 1092 2785 deest.

256 2871 304 2904 19.
330 2861 429 2894 Decr.
458 2862 496 2894 ΙΙ.
522 2872 614 2905 pars,
639 2873 741 2896 causa
766 2863 901 2904 XXVII,
928 2874 960 2906 q.
988 2866 1011 2906 I,
1038 2875 1066 2898 c,
1094 2863 1186 2909 XLI]

1732 226 1804 265 133

1573 2085 1677 2115 Christ
1697 2087 1756 2115 and

1550 2129 1643 2158 every
1661 2130 1720 2149 one
1740 2122 1776 2150 of

1551 2155 1598 2183 his
1618 2157 1776 2184 members

1543 2191 1632 2218 make
1650 2199 1691 2226 up
1714 2200 1774 2219 one

1589 2225 1724 2255 Church.
