2051 3273
269 195 356 223 CAP.
380 184 461 242 xx]
759 198 819 230 DE
845 197 1079 229 ECCLESIA.

114 313 150 346 N
171 310 249 357 195‘1
264 301 416 341 finibus
449 302 533 341 suis
565 315 725 354 egressa
750 301 923 341 Matthei
946 302 1055 341 XVO.
1080 302 1191 340 Nam
1214 315 1261 340 ex
1283 301 1572 354 predicacione

262 370 357 410 fidei
394 371 585 424 gentibus
624 379 818 411 exeuntes
864 371 914 410 de
951 370 1189 424 gentilitatis
1228 384 1363 410 errore
1400 371 1571 411 accincti

263 450 360 480 sunt
402 441 452 479 ad
496 449 689 493 precepta
733 438 893 479 domini
926 439 1204 492 adimplenda.
1254 440 1307 480 Et
1350 440 1448 494 quia
1492 441 1571 481 hoc

202 521 248 553 14
262 511 465 549 redundat
511 511 563 549 ad
608 509 844 562 profectum
876 509 1058 560 ecclesie,
1092 508 1187 548 ideo
1221 509 1385 549 decimo
1418 519 1568 563 quarto

228 579 530 622 5subinfertur:
579 578 802 618 Fortitudo
842 585 880 617 et
910 578 1037 617 decor
1068 578 1359 619 indumentum
1393 581 1497 633 eius,
1531 588 1570 620 et

259 649 412 688 ridebit
442 649 482 688 in
515 648 582 688 die
609 649 846 688 novissimo.
871 648 980 687 Nam
1013 662 1060 687 ex
1091 648 1324 688 insercione
1346 649 1568 701 gentilium

257 718 392 758 induit
436 718 605 758 ecclesia
648 717 860 771 copiosius
905 717 1130 757 dominum
1160 719 1303 758 Jesum
1336 719 1564 760 Christum.

257 787 477 827 Fortitudo
510 788 745 827 secundum
776 786 1065 840 Augustinum
1105 787 1240 839 signat
1280 789 1565 828 constanciam

256 856 458 909 passionis
493 857 718 909 sanguinee
751 865 790 896 et
822 857 946 895 decor
974 856 1121 896 florem
1154 857 1349 897 castitatis
1383 858 1565 912 virginee

202 951 239 971 10
254 927 366 966 iuxta
398 926 557 966 dictum
579 926 786 979 superius:
811 926 963 966 Bissus
987 933 1026 965 et
1039 940 1246 978 purpura
1269 927 1562 968 indumentum

255 996 357 1037 eius.
388 997 497 1035 Nam
528 995 603 1035 hec
637 997 717 1034 due
750 995 921 1035 virtutes
955 995 1220 1036 invaluerunt
1250 997 1358 1037 ultra
1387 998 1563 1037 Judeam

252 1065 295 1103 in
327 1065 497 1104 ecclesia
529 1064 724 1117 gencium
761 1078 1069 1116 conversarum,
1103 1074 1142 1105 et
1174 1066 1320 1105 exhinc
1362 1067 1563 1107 nimirum

260 1134 425 1173 habebit
455 1135 530 1173 hec
569 1143 763 1173 matrona
808 1134 1013 1173 iubileum
1058 1134 1100 1173 in
1156 1135 1220 1175 die
1264 1136 1424 1190 iudicii3
1485 1151 1561 1178 nec

257 1203 456 1243 miremur
494 1204 594 1257 quid
629 1204 831 1257 scriptura
862 1213 948 1243 tam
987 1204 1128 1244 crebro
1173 1206 1348 1259 precipit
1384 1220 1463 1246 nos
1501 1207 1560 1246 in-

197 1274 376 1319 15dnere
401 1274 510 1313 Isaac
534 1282 741 1325 nostrum,
778 1273 874 1326 quia
902 1282 1053 1313 notum
1083 1283 1143 1314 est
1169 1277 1285 1328 quod
1313 1275 1561 1318 indumenta

249 1343 385 1382 anime
419 1352 517 1383 sunt
538 1344 723 1395 virtutes,
758 1343 946 1383 Christus
979 1353 1121 1384 autem
1142 1344 1217 1384 Dei
1249 1345 1378 1385 virtus
1411 1355 1451 1386 et
1482 1347 1559 1387 Dei

249 1413 457 1465 sapiencia
490 1422 529 1452 et
562 1412 697 1453 forma
736 1413 979 1466 exemplaris
1023 1414 1248 1454 extrinseca
1294 1415 1475 1456 efficiens
1519 1427 1558 1458 et

247 1481 340 1521 finis
379 1482 466 1522 sine
498 1482 615 1522 cuius
648 1483 781 1536 illapsi
814 1483 1119 1523 informacione
1159 1498 1247 1523 non
1280 1494 1340 1525 est
1372 1495 1556 1527 creatura

246 1552 385 1605 aliqua
415 1552 611 1592 virtuosa.
666 1553 844 1592 Habitus
889 1563 1030 1593 autem
1078 1555 1149 1608 qui
1194 1564 1292 1595 sunt
1336 1556 1553 1609 qualitates

190 1648 230 1668 20
247 1631 285 1661 et
328 1620 463 1661 forme
508 1622 724 1662 intrinsece
763 1637 850 1662 non
893 1633 991 1664 sunt
1036 1625 1113 1663 nisi
1146 1626 1472 1666 consuetudines
1516 1637 1554 1668 et

244 1691 600 1744 promptitudines
632 1693 682 1732 ad
717 1694 940 1746 agendum.
994 1695 1114 1734 Unde
1149 1694 1341 1736 Christus
1382 1696 1553 1750 illapsus

243 1761 434 1800 membro
467 1775 544 1801 suo
577 1770 796 1815 tamquam
828 1763 902 1801 sibi
935 1763 1147 1804 accidente
1171 1764 1320 1805 dicitur
1351 1774 1391 1806 et
1411 1766 1553 1819 ipsum

243 1830 413 1870 induere
457 1840 497 1870 et
542 1840 767 1870 contexens
805 1833 1027 1873 virtutibus
1067 1834 1274 1887 sapiencia
1313 1849 1549 1888 perornare.

125 1915 156 1948 0
182 1916 226 1948 15
299 1900 420 1940 Unde
452 1900 638 1954 sequitur
682 1901 845 1941 decimo
890 1902 1058 1955 quinto:
1124 1903 1181 1943 Os
1211 1917 1338 1944 suum
1383 1907 1552 1958 aperuit

183 1970 448 2022 25sapiencie
480 1977 518 2009 et
551 1972 620 2010 lex
642 1972 864 2011 clemencie
886 1973 926 2011 in
952 1973 1101 2025 lingua
1135 1974 1237 2014 eius.
1273 1974 1412 2015 Virtus
1436 1976 1547 2016 enim

239 2051 321 2091 que
373 2048 433 2077 est
483 2039 689 2092 sapiencia
741 2041 868 2093 patris
912 2041 1057 2094 illapsa
1102 2044 1270 2083 ecclesie
1316 2044 1409 2083 fecit
1456 2059 1546 2085 eam

238 2108 410 2147 ebullire
443 2109 648 2162 sapiencia
683 2119 768 2149 tam
802 2112 1036 2152 secundum
1068 2122 1185 2153 actus
1218 2128 1347 2167 quam
1379 2114 1546 2155 habitus

237 2177 398 2217 virtutis
418 2192 497 2232 que
520 2187 617 2217 sunt
639 2179 726 2218 eius
748 2180 932 2234 vestigia,
963 2191 1000 2221 et
1022 2182 1063 2220 in
1086 2182 1228 2236 lingua
1250 2183 1336 2222 eius
1360 2184 1546 2225 ordinate

236 2246 408 2298 ponitur
443 2249 508 2287 lex
544 2249 740 2288 laudandi
780 2250 822 2288 in
855 2264 932 2290 suo
966 2251 1111 2290 ordine
1144 2252 1304 2291 domini
1338 2262 1376 2292 et
1409 2256 1544 2307 quod-

178 2315 335 2364 3olibet
378 2330 485 2369 opus
523 2331 660 2357 suum.
716 2319 877 2359 Hestet
921 2321 1053 2370 nobis,
1099 2321 1235 2374 inquit
1266 2324 1543 2376 Augustinus,

234 2385 276 2423 in
299 2385 373 2424 illa
396 2387 643 2435 constitutis,
673 2387 807 2439 ipsam
833 2389 1118 2440 laudantibus,
1152 2391 1216 2430 illi
1239 2392 1543 2444 coherentibus,

233 2466 327 2493 cum
373 2455 447 2494 illa
491 2463 531 2495 et
568 2457 608 2495 in
642 2458 717 2496 illa
762 2466 981 2511 tamquam
1026 2468 1158 2499 matre
1203 2460 1381 2511 gloriam
1423 2477 1543 2503 suam

231 2524 564 2576 expectantibus,
610 2533 655 2565 ut
692 2534 731 2566 et
782 2540 856 2567 nos
907 2529 947 2567 in
994 2530 1144 2569 timore
1194 2531 1442 2582 aperiamus
1495 2546 1541 2573 os

232 2600 422 2632 nostrum
455 2600 611 2634 attente
633 2602 672 2634 et
700 2603 822 2635 caute
854 2604 893 2636 et
912 2598 1101 2638 sollicite.
1136 2600 1245 2638 Nam
1278 2600 1314 2638 Ia
1347 2600 1537 2644 Corinth.

175 2661 298 2715 35110,
335 2662 354 2699 3
381 2662 519 2702 scribit
540 2665 793 2716 Apostolus:
815 2665 918 2705 Cum
951 2667 1102 2707 timore
1133 2674 1173 2707 et
1193 2675 1377 2709 tremore
1405 2672 1537 2710 multo

293 2826 333 2855 13.
349 2818 461 2847 Codd.:
474 2820 629 2848 iubilium.
702 2823 904 2857 19.1nc0dd.:
923 2831 980 2859 que
990 2829 1071 2852 sunt.
1145 2824 1533 2860 34.B:accincteetcaute.

1775 191 1859 244 487

1645 588 1741 616 Verse
1760 590 1802 618 25.

1608 622 1669 651 She
1690 625 1778 658 gains
1799 626 1830 652 in

1612 659 1699 698 glory
1719 659 1760 698 by
1776 660 1826 687 the

1600 692 1734 728 grafting
1754 703 1782 721 1n
1804 694 1839 722 of

1606 727 1656 754 the
1677 727 1827 756 Gentiles.

1616 1922 1715 1951 Ver-se
1735 1926 1781 1952 20.

1592 1956 1659 1985 The
1680 1958 1803 1987 Church

1586 1991 1615 2019 is
1634 1992 1687 2020 full
1709 1994 1745 2021 of
1760 1995 1810 2022 the

1562 2027 1694 2055 wisdom
1723 2028 1758 2056 of
1783 2031 1835 2057 the

1637 2062 1760 2100 Fama,
