2051 3343
226 246 245 270 Ν

952 241 1177 273 JOHANle
1202 242 1397 274 WYcLiF.
1682 228 1787 285 [CAP.
1808 241 1830 267 1.

511 345 665 385 minuit
696 345 903 384 honorem
933 345 998 383 vel
1030 345 1311 384 ministerium
1344 344 1534 386 debitum
1564 345 1652 386 istis
1684 357 1927 399 paren-128⁰
1949 359 1984 392 A

510 414 636 456 tibus.
670 415 725 455 Et
755 415 831 454 hec
864 423 925 454 est
956 415 1081 466 racio,
1114 428 1243 468 quare
1276 415 1357 455 hoc
1380 415 1607 468 precipitur
1629 416 1670 455 in
1693 417 1832 469 primo

510 485 712 524 mandato
758 484 940 523 secunde
983 483 1124 523 tabule
1168 492 1387 537 tamquam
1435 493 1570 524 metro
1610 494 1648 525 et
1687 485 1833 537 regula

512 554 707 594 omnium
739 553 931 592 aliorum.
967 554 1201 602 Quomodo
1235 567 1332 606 ergo
1367 553 1472 593 foret
1502 554 1729 594 catholicus
1762 554 1834 607 qui

512 623 720 677 ignoraret
752 631 913 675 partem
954 622 1123 661 simboli
1163 622 1204 661 in
1244 636 1327 676 qua
1358 622 1460 662 fides
1491 623 1634 663 matris
1665 637 1739 663 sue
1770 623 1863 669 in-f,

251 699 350 728 Belief
366 701 395 728 in
417 700 467 727 the
512 689 680 732 seritur?
714 693 825 731 Nam
857 692 987 732 credo
1020 692 1244 732 ecclesiam
1271 693 1527 732 catholicam
1550 692 1648 732 dicit
1670 701 1832 732 utrum-

221 735 497 797 garffluiffigglgiss
511 775 591 815 que
625 761 874 812 simbolum;
907 775 983 800 nec
1017 762 1139 801 credo
1174 761 1356 800 dominis
1380 761 1588 815 episcopis
1611 762 1829 816 displicere

255 805 467 832 bomcreeds'
509 832 625 884 quod
668 839 865 871 tractetur
908 830 1010 870 fides
1056 830 1276 870 christiana
1315 832 1366 871 de
1399 832 1600 886 quiditate
1648 832 1831 884 ecclesie,

509 910 601 941 tum
646 901 743 954 quia
787 900 864 954 ipsi
909 900 1091 940 maxime
1136 909 1332 941 tenentur
1375 916 1448 955 per
1480 917 1522 942 se
1554 910 1594 942 et
1625 915 1698 955 per
1729 902 1831 942 alios

510 972 657 1011 docere
689 971 901 1024 populum
944 971 1060 1010 illam
1104 970 1246 1023 fidem,
1292 980 1384 1011 tum
1430 972 1561 1012 eciam
1601 972 1699 1026 quia
1731 985 1890 1016 con-10

510 1042 689 1081 tendunt
732 1042 782 1080 de
825 1041 1015 1081 libertate
1060 1049 1099 1080 et
1143 1042 1434 1094 prosperitate,
1481 1042 1530 1081 de
1563 1041 1832 1081 edificacione

511 1119 550 1150 et
581 1110 883 1162 destruccione,
917 1110 967 1149 de
1000 1110 1223 1164 privilegiis
1256 1118 1295 1150 et
1327 1110 1641 1150 defensionibus
1664 1111 1833 1151 ecclesie

511 1188 656 1219 contra
686 1179 904 1219 hereticos.
939 1180 1020 1219 Sed
1053 1188 1215 1220 constat
1248 1181 1363 1233 quod
1394 1181 1636 1233 loqueretur
1668 1189 1713 1220 ut
1745 1180 1837 1234 pica

510 1249 581 1302 qui
613 1257 804 1289 tractaret
837 1250 887 1289 de
919 1249 1006 1289 istis
1037 1249 1304 1302 passionibus
1326 1249 1560 1303 ignorando
1583 1250 1832 1302 subiectum,

509 1332 606 1359 cum
652 1320 837 1359 secundo
883 1319 1167 1372 posteriorum
1212 1319 1251 1358 in
1298 1319 1506 1372 principio
1549 1333 1644 1359 vere
1684 1319 1887 1363 dicitur15

510 1389 626 1442 quod
669 1395 835 1441 oportet
887 1402 1147 1443 cognoscere
1195 1391 1473 1442 questionem,
1531 1390 1634 1443 quid
1676 1396 1737 1429 est
1780 1390 1832 1429 de

508 1459 712 1509 subiecto,
760 1466 991 1512 antequam
1027 1466 1231 1498 noscatur
1270 1460 1362 1499 eius
1399 1460 1562 1512 passio.
1622 1459 1676 1498 Et
1721 1472 1833 1498 error

509 1528 628 1568 istius
684 1528 841 1567 ordinis
886 1528 1087 1568 noscendi
1136 1528 1233 1568 facit
1277 1529 1435 1568 multos
1481 1542 1613 1569 errare
1657 1529 1707 1568 de
1751 1528 1831 1567 fide

510 1597 692 1638 ecclesie.
747 1598 983 1646 Quomodo
1016 1612 1148 1652 queso
1183 1611 1483 1651 cognoscerem
1515 1598 1557 1637 in
1591 1612 1677 1652 quo
1710 1606 1832 1638 staret

509 1668 597 1708 eius
630 1667 884 1720 prosperitas
917 1669 982 1707 vel
1016 1667 1244 1719 edificacio,
1293 1668 1371 1707 nisi
1417 1668 1553 1721 ipsam
1598 1680 1830 1722 precogno-
1849 1689 1891 1710 20

508 1751 678 1790 scerem,
723 1752 822 1778 cum
854 1746 1070 1791 sequatur:
1115 1751 1194 1790 ego
1240 1751 1451 1791 cognosco
1492 1738 1606 1791 quod
1645 1737 1833 1791 procedit

508 1821 719 1861 prospere,
770 1821 867 1861 ergo
908 1807 1021 1860 prius
1066 1821 1197 1847 nosco
1233 1807 1351 1847 illam
1384 1804 1496 1847 esse?
1544 1808 1832 1848 Adhibeamus

510 1890 607 1930 ergo
641 1877 921 1931 diligenciam,
955 1885 1002 1917 ut
1035 1890 1342 1930 cognoscamus
1375 1877 1512 1917 debite
1545 1886 1723 1918 matrem
1754 1891 1831 1917 no-

510 1955 651 1987 stram.

572 2015 777 2065 Quamvis
829 2025 971 2056 autem
1024 2017 1196 2056 ecclesia
1247 2017 1407 2057 dicatur
1460 2016 1748 2070 multipliciter
1790 2016 1879 2059 inB

512 2086 728 2139 scriptura,
767 2100 966 2139 suppono
999 2087 1116 2140 quod
1148 2094 1341 2125 sumatur
1372 2087 1422 2125 ad
1455 2086 1725 2140 propositum
1756 2099 1832 2139 pro

220 2008 288 2035 Tne
313 2007 435 2036 Church
465 2008 495 2034 in

219 2044 257 2070 its
286 2044 353 2070 best
382 2044 496 2070 known

221 2086 310 2105 sense
330 2086 437 2105 means
459 2077 496 2104 all

220 2113 289 2139 who
305 2120 355 2140 are
371 2114 497 2147 predes-

248 2148 352 2175 tinate.
391 2146 468 2174 This

238 2182 360 2210 Clmrch
384 2182 409 2208 is
429 2182 479 2209 the

279 2217 449 2279 Sffiffi‘gtff
511 2233 666 2264 torum.
701 2225 773 2263 Illa
805 2233 947 2264 autem
980 2234 1041 2265 est
1072 2238 1233 2278 sponsa
1258 2224 1426 2277 Christi,
1461 2226 1511 2264 de
1544 2239 1627 2279 qua
1653 2233 1714 2264 est
1735 2238 1832 2278 pro-

510 2308 648 2334 cessus
681 2293 845 2333 Cantici
885 2294 1166 2346 canticorum;
1212 2295 1262 2333 de
1295 2307 1379 2347 qua
1410 2294 1598 2348 loquitur
1630 2294 1834 2348 scriptura

513 2155 741 2206 famosiori,
786 2155 939 2195 scilicet
985 2155 1316 2209 congregacione
1349 2156 1546 2196 omnium
1577 2155 1832 2209 predestina-

510 2364 611 2403 Isaie
656 2364 782 2415 LX10,
841 2373 906 2402 10:
961 2365 1198 2417 Tamquam
1245 2376 1448 2415 sponsam
1495 2364 1717 2403 decoravit
1768 2377 1833 2402 me
1851 2371 1891 2403 30

510 2445 686 2473 corona.
752 2433 840 2472 Hec
899 2432 1031 2472 eciam
1091 2442 1150 2472 est
1211 2434 1368 2472 mulier
1414 2434 1568 2488 fortis,
1634 2433 1684 2472 de
1751 2446 1834 2486 qua

567 2564 591 2583 2.
606 2556 642 2583 B:
666 2556 731 2583 Hec
752 2556 848 2583 raci0.
922 2556 991 2584 15.B
1013 2557 1043 2584 in
1066 2565 1169 2592 marg:
1191 2562 1222 2584 2⁰
1233 2557 1452 2592 posteriorum.
1527 2557 1622 2585 1613:
1643 2563 1833 2591 cognoscere

508 2603 674 2638 quomodo.
749 2610 794 2630 20.
817 2603 854 2630 B:
877 2603 961 2638 prius
998 2611 1234 2639 cognoscerem.
1308 2603 1349 2631 25.
1370 2605 1398 2631 A
1418 2604 1447 2631 in
1464 2611 1566 2638 marg:
1588 2602 1725 2630 Ecclesia
1745 2606 1834 2637 capta

509 2649 657 2676 famosius
678 2650 750 2676 dicit
777 2657 885 2677 omnes
911 2650 1139 2685 predestinatos
1161 2655 1189 2677 et
1209 2650 1265 2677 ista
1287 2655 1335 2677 est
1355 2657 1473 2685 sponsa
1495 2648 1609 2677 Christi
1631 2653 1659 2676 et
1679 2649 1775 2676 multa
1796 2648 1832 2675 de

510 2696 565 2722 hac
585 2696 724 2722 ecclesia.
816 2696 862 2723 30.
884 2696 905 2723 B
927 2696 956 2723 in
978 2705 1081 2732 marg:
1103 2698 1142 2724 Is.
1165 2698 1207 2725 61.

574 2800 622 2833 16.
649 2801 750 2833 Arist.
765 2799 1002 2834 Ἀναλυτικῶν
1030 2801 1180 2847 ὑστέρων
1209 2804 1232 2843 I⁷
1255 2814 1283 2844 1;
1303 2804 1341 2845 ΙΙ,
1360 2814 1388 2835 2.
1487 2813 1540 2834 20.
1557 2799 1831 2848 προγιγνώσκειν,

511 2856 610 2889 Arist.
639 2856 758 2889 ’Λναλ
785 2859 808 2899 Ι,
840 2870 865 2889 1.
965 2859 1017 2891 28.
1046 2861 1142 2892 Cant.
1171 2859 1226 2901 IV,
1254 2860 1382 2892 8—11.
1411 2861 1450 2899 V,
1484 2871 1508 2891 1.
