2051 3273
214 239 288 278 156
931 248 1153 281 JOHANNIS
1179 249 1378 281 WYCLIF.
1620 237 1804 293 [cmvii.

495 354 782 395 communicat
826 367 902 407 pro
947 353 1126 405 mortali,
1172 367 1302 406 quam
1346 354 1658 393 communicare
1697 354 1956 399 nude15o⁸0

496 424 767 477 corporaliter
799 437 897 463 cum
929 423 1290 463 excommunicato
1323 423 1464 462 solum
1486 424 1534 462 ab
1562 423 1748 463 homine.

205 501 481 573 p‘rrilffieggegetitieg-
555 494 704 534 Tercio
736 493 910 533 miratur
942 493 1134 533 secularis
1168 492 1338 533 ecclesia
1370 494 1486 546 quod
1518 493 1650 533 clerus
1682 493 1844 536 instato

218 580 468 634 ἒὲῐιῐειξὲᾞῧῇὃῖξά
497 578 592 617 erga
623 563 841 603 brachium
873 563 1068 614 seculare,
1102 572 1149 602 ut
1180 576 1328 602 omnes
1361 563 1713 603 excommunicati
1746 563 1809 603 sui

208 641 482 703 ggrssosssnsgguld
496 647 569 687 per
601 633 875 686 quadraginta
898 633 997 685 dies,
1026 631 1180 673 remass
1195 642 1340 673 nentes
1363 647 1386 672 a
1408 632 1576 685 prelatis
1599 647 1707 686 quos
1730 633 1809 686 ipsi
1828 641 1908 675 150b

283 685 298 704 a
323 685 337 704 e
416 684 481 713 ‘ay'
497 702 749 755 signaverint
787 716 873 742 non
907 703 1047 755 soluti,
1092 703 1387 756 mancipentur
1427 703 1577 742 carceri
1622 702 1808 755 seculari,

495 786 721 826 quousque
773 773 1009 812 secundum
1057 786 1206 812 eorum
1256 772 1472 812 arbitrium
1523 772 1808 824 satisfecerint,

496 850 876 895 quantumcunque
934 842 1159 895 sophistice
1219 842 1301 882 sint
1350 842 1476 896 ligati.
1540 843 1637 882 Non
1696 841 1809 882 enim

496 920 679 951 meretur
712 925 860 952 eorum
881 912 1137 965 ingratitudo
1170 912 1249 952 tale
1273 912 1523 963 subsidium,
1547 925 1644 951 cum
1666 911 1809 963 regula

495 981 594 1021 iuris
643 981 771 1020 divini
818 982 1046 1022 sentenciat
1097 983 1213 1036 quod
1256 983 1539 1036 privilegium
1593 981 1807 1021 indultum
1828 1001 1867 1022 10

495 1057 665 1091 tenetur
696 1053 891 1092 amittere
925 1053 997 1105 qui
1028 1052 1111 1092 sibi
1142 1065 1344 1092 concessa
1368 1052 1561 1092 abutitur
1585 1057 1807 1104 potestate.

496 1122 665 1161 Abusus
699 1134 796 1174 ergo
830 1122 1003 1161 tendens
1025 1122 1077 1161 ad
1100 1122 1419 1162 enervacionem
1446 1121 1563 1174 regni
1586 1131 1625 1161 et
1647 1122 1811 1160 bonum

496 1191 707 1245 privatum
740 1192 854 1231 bono
888 1192 1107 1232 communi
1139 1192 1452 1245 preponderans
1484 1200 1667 1231 meretur
1697 1190 1809 1230 abla-

497 1261 665 1300 cionem
697 1261 901 1314 privilegii
935 1261 992 1301 sic
1024 1261 1154 1301 abusi.

554 1331 607 1371 Et
640 1331 793 1371 iterum
815 1331 980 1371 videtur
1002 1332 1162 1371 clerum
1194 1340 1280 1371 tam
1326 1330 1470 1371 leviter
1502 1339 1541 1370 et
1585 1330 1857 1370 incircum-P

497 1410 637 1454 specte
671 1401 1111 1442 excommunicantem
1148 1401 1359 1441 involvere
1404 1400 1606 1440 seculares
1650 1400 1693 1439 in
1737 1414 1811 1440 sua

497 1470 940 1511 excommunicacione
963 1485 1149 1523 erronea,
1184 1485 1281 1511 cum
1304 1484 1351 1510 ex
1375 1484 1522 1510 eorum
1545 1471 1699 1511 ducatu
1714 1484 1811 1523 sepe

495 1555 569 1594 per
620 1540 747 1580 talem
797 1541 1287 1581 excommunicacionem
1337 1549 1576 1594 pretensam
1627 1540 1812 1593 puniunt

496 1611 755 1663 innocentes,
815 1620 854 1651 et
905 1625 978 1664 per
1027 1624 1302 1664 consequenS,
1352 1624 1450 1650 cum
1498 1624 1574 1650 nec
1617 1599 1810 1650 tenentur
1825 1625 1868 1647 20

497 1681 659 1720 credere
683 1682 799 1733 quod
822 1694 970 1721 eorum
993 1681 1177 1735 quelibet
1200 1680 1586 1720 excommunicacio
1610 1680 1661 1720 sit
1688 1680 1810 1731 iusta,

497 1763 572 1790 nec
597 1763 644 1789 ex
675 1749 756 1790 fide
779 1751 978 1804 scripture
1001 1752 1065 1791 vel
1088 1751 1253 1791 racione
1286 1759 1479 1790 tenentur
1501 1750 1668 1790 obedire
1701 1750 1810 1790 clero

199 1820 538 1898 ¹ogftael2013}oltrtffillyin
565 1820 643 1859 ista
674 1820 1003 1861 incarceracione
1036 1821 1186 1873 servili,
1217 1821 1380 1861 videtur
1402 1834 1450 1860 ex
1471 1820 1621 1860 timore
1653 1820 1810 1873 peccati

497 1904 726 1930 consensus
759 1892 875 1944 quod
907 1905 994 1931 non
1034 1891 1187 1930 debent
1229 1899 1324 1930 ante
1362 1889 1595 1943 legitimam
1656 1890 1809 1930 exami-

497 1960 719 2000 nacionem
743 1974 864 2000 cause
897 1970 936 2001 et
960 1961 1093 2000 forme
1117 1959 1570 2000 excommunicacionis
1591 1959 1808 2012 punicioni
1828 1965 1867 1998 25

494 2030 740 2070 huiusmodi
765 2031 1013 2071 consentire.
1049 2030 1162 2071 Cum
1184 2030 1297 2070 enim
1318 2029 1429 2069 racio
1464 2029 1667 2082 scripture
1699 2043 1811 2069 sacre

496 2101 547 2141 sit
579 2101 766 2154 optimus
810 2101 954 2154 legum
998 2101 1212 2153 interpres,
1251 2108 1366 2152 patet
1397 2100 1514 2152 quod
1552 2098 1810 2138 adiutorium

495 2171 755 2225 promissum
785 2185 808 2210 a
840 2169 1097 2224 principibus
1136 2170 1176 2208 in
1218 2170 1293 2209 hac
1325 2177 1440 2222 parte
1479 2168 1600 2208 debet
1636 2168 1810 2222 intelligi

499 2255 597 2282 cum
620 2241 867 2281 condicione
900 2241 1016 2294 quod
1038 2239 1128 2279 talis
1160 2239 1431 2279 incarceracio
1464 2238 1515 2278 sit
1548 2238 1598 2277 de
1630 2252 1809 2278 numero

496 2325 676 2365 operum
698 2311 926 2350 elemosine
949 2324 1025 2364 pro
1057 2309 1208 2363 quibus
1240 2308 1461 2361 punientes
1494 2317 1591 2348 sunt
1621 2308 1664 2347 in
1695 2308 1867 2347 finalisso

496 2381 650 2421 iudicio
674 2379 921 2434 premiandi.
946 2380 1026 2420 Sed
1049 2387 1255 2419 scrutetur
1277 2378 1408 2418 fidelis
1424 2378 1688 2430 evangelium
1701 2378 1807 2418 Mat·-

496 2451 579 2491 thei
600 2451 739 2490 XXV0
773 2458 812 2489 et
832 2450 970 2489 videat
992 2449 1024 2488 si
1047 2448 1321 2489 incarceracio
1345 2447 1810 2488 excommunicatorum

494 2521 647 2560 iniuste
668 2521 711 2559 in
735 2520 877 2573 aliquo
903 2533 1081 2572 operum
1105 2518 1387 2558 misericordie
1411 2518 1461 2557 sit
1484 2525 1692 2557 contenta.
1723 2518 1808 2557 Nec

495 2590 737 2644 ignorancia
760 2598 929 2630 excusat
952 2589 1194 2643 simpliciter
1221 2602 1273 2628 ne
1295 2596 1502 2641 peccetur,
1536 2601 1634 2627 cum
1653 2587 1808 2628 Paulus

496 2674 543 2699 ex
565 2659 805 2714 ignorancia
826 2659 1007 2699 veritatis
1031 2658 1230 2711 scripture
1253 2657 1466 2697 commisit
1489 2657 1807 2711 blasphemiam,
1826 2659 1866 2694 35

548 2792 567 2811 1.
601 2783 643 2810 D:
673 2792 728 2820 pro
748 2784 941 2812 mortalibus.
1085 2782 1110 2811 3.
1144 2784 1185 2810 D:
1218 2784 1378 2819 quomodo
1405 2783 1516 2810 clerus.
1658 2791 1687 2816 4.
1720 2783 1749 2810 A
1777 2783 1807 2810 in

496 2839 609 2865 marga
632 2831 794 2859 Brachium
816 2832 964 2859 seculare.
1108 2839 1133 2865 7.
1155 2830 1198 2857 D:
1226 2829 1452 2857 satisfecerunt.
1594 2829 1635 2857 25.
1657 2828 1696 2855 B:
1717 2828 1808 2864 puni-

496 2877 604 2904 cimus.
746 2877 788 2905 35.
809 2878 838 2904 A
858 2877 889 2905 in
910 2885 1027 2912 marg:
1048 2877 1230 2912 Ignorancia
1250 2884 1312 2903 non
1334 2880 1468 2903 excusat.
