2051 3273
224 1149 293 1179 The
319 1153 409 1187 profit
429 1152 463 1179 of

281 1193 406 1222 present

223 1222 456 1257 righteousness

292 1262 322 1284 to
344 1258 393 1285 tlie

228 1291 408 1320 foreknown
431 1294 456 1321 is

261 1329 326 1354 that
348 1328 419 1364 they

245 1363 347 1389 lessen
368 1363 446 1390 their

237 1397 448 1434 punishment,

243 2072 302 2098 and
326 2072 394 2106 gain
417 2080 432 2099 a

215 2106 358 2140 qualified
380 2107 458 2142 right

234 2145 264 2167 to
286 2143 438 2176 temporal

281 2177 392 2211 goods.

933 204 1155 236 JOHANNIS
1180 205 1374 237 WYCLIF.
1603 190 1708 248 [CAP.
1728 201 1808 229 xrx.

499 309 792 348 destinacionis
816 317 854 348 et
869 308 1005 361 aliqua
1029 309 1163 361 gracia
1185 309 1416 348 secundum
1435 318 1670 361 presentem
1692 309 1862 352 iusti-X

498 378 617 430 ciam,
651 379 707 418 sic
728 379 898 432 aliquod
923 387 983 417 est
1006 387 1225 431 peccatum
1258 378 1509 431 presciencie
1532 378 1556 405 ²³⁵
1578 379 1642 418 vel
1674 378 1808 418 finalis
1829 386 1907 431 1931‘

496 447 805 500 impenitencie,
829 457 868 487 et
889 447 1060 501 aliquod
1083 457 1301 501 peccatum
1317 448 1551 487 secundum
1573 456 1809 501 presentem

495 516 760 569 iniusficiam,
794 526 833 557 et
864 517 962 571 quia
992 517 1157 556 termini
1179 518 1371 558 videntur
1393 518 1537 557 multis
1569 517 1747 557 extranei
1771 525 1810 556 et

495 595 629 640 preter
644 586 999 640 significacionem
1023 588 1243 640 verbalem,
1267 588 1361 627 ideo
1384 588 1482 627 alias
1504 587 1599 627 illos
1623 587 1808 640 exposui,
1827 595 1842 628 5

496 657 707 695 declarans
751 658 971 710 quomodo
1015 657 1092 696 ista
1140 657 1338 697 dicuntur
1380 657 1514 711 gracie
1555 666 1594 696 et
1642 664 1809 709 peccata

496 726 694 779 equivoce
734 735 772 765 et
812 727 1033 780 quomodo
1071 726 1146 766 ista
1180 736 1276 766 sunt
1307 726 1542 766 alternatim
1574 726 1649 765 sibi
1673 740 1807 779 oppo-

496 795 583 835 sita.
618 797 728 835 Nam
761 797 900 835 omnis
932 797 1137 850 prescitus
1171 797 1296 836 habet
1327 805 1580 850 perpetuum
1613 805 1652 835 et
1685 795 1807 849 origi-

496 866 634 905 nalem
679 866 904 918 defectum,
950 867 1018 906 ille
1062 876 1202 906 tamen
1250 867 1299 905 ad
1345 876 1512 919 tempus
1558 866 1598 905 in
1644 865 1809 905 malicia

495 949 569 975 sua
621 936 891 988 suspenditur
940 950 1014 989 per
1065 936 1247 988 graciam
1292 937 1525 976 secundum
1570 944 1866 988 presentemro

495 1005 717 1056 iusticiam,
763 1015 809 1045 ut
855 1006 1037 1059 graciam
1076 1006 1373 1058 baptismalem
1407 1015 1446 1045 et
1477 1006 1589 1057 alias,
1634 1014 1673 1044 et
1715 1005 1808 1044 ideo

497 1075 578 1114 dixi
613 1076 727 1128 quod
762 1085 982 1128 peccatum
1006 1075 1208 1129 originale
1242 1089 1327 1115 non
1361 1076 1521 1115 deletur
1554 1074 1807 1128 simpliciter.

498 1145 549 1184 Et
595 1145 625 1184 si
678 1154 875 1198 queratur
925 1146 1024 1199 quid
1072 1155 1252 1185 meretur
1297 1145 1496 1199 prescitus
1542 1145 1719 1185 existens
1765 1144 1806 1183 in

496 1215 633 1267 gracia
672 1216 908 1254 secundum
949 1224 1186 1268 presentem
1226 1215 1448 1266 iusticiam,
1497 1214 1648 1254 dicitur
1693 1214 1807 1267 quod

496 1293 598 1337 aput
659 1285 915 1338 rectiloquos
979 1294 1017 1324 et
1079 1299 1164 1325 non
1229 1286 1524 1339 equivocantes
1587 1297 1807 1337 nunquam
1828 1291 1864 1324 15

496 1363 679 1393 meretur
730 1354 1049 1406 beatitudinem,
1111 1355 1207 1408 quia
1262 1368 1482 1408 nunquam
1545 1363 1606 1393 est
1657 1354 1807 1407 dignus

495 1423 766 1475 beatitudine,
801 1425 872 1463 sed
895 1433 1078 1464 meretur
1100 1433 1349 1477 perpetuam
1372 1424 1686 1477 mitigacionem
1703 1418 1808 1477 pene

494 1502 633 1533 eterne
685 1508 781 1533 cum
832 1494 921 1533 aliis
967 1494 1087 1533 bonis
1132 1494 1460 1547 temporalibus3
1513 1503 1551 1533 et
1596 1494 1651 1533 sic
1696 1493 1809 1533 Deus

491 1563 667 1602 redemit
698 1563 924 1616 prescitum
958 1577 1043 1603 non
1085 1564 1137 1602 ad
1169 1563 1473 1603 beatitudinem
1510 1563 1580 1602 sed
1619 1563 1667 1602 ad
1702 1576 1807 1615 pene

493 1642 630 1673 eterne
664 1633 881 1685 miticiam,
922 1633 1029 1673 sicut
1060 1634 1237 1673 redemit
1269 1647 1416 1673 omnes
1449 1633 1712 1686 dampnatos.
1754 1632 1807 1671 Et
1824 1651 1865 1672 20

492 1704 871 1755 correspondenter
909 1703 1114 1756 prescitus
1159 1702 1388 1742 absolvitur
1425 1716 1447 1741 a
1485 1710 1671 1755 peccato,
1718 1715 1804 1741 non

490 1782 535 1812 ut
578 1773 756 1812 omnino
790 1787 875 1813 non
916 1781 1123 1826 perpetuo
1156 1773 1354 1826 puniatur
1392 1774 1462 1812 sed
1502 1786 1554 1812 ne
1591 1781 1678 1811 tam
1715 1785 1804 1824 gra-

488 1841 592 1881 viter
623 1851 829 1895 perpetuo
852 1843 1063 1895 puniatur.
1097 1843 1150 1882 Et
1182 1842 1239 1882 sic
1271 1841 1335 1897 (ut
1358 1842 1457 1881 dicit
1479 1839 1803 1894 Lincolniensis)

489 1920 659 1964 peccata
712 1912 887 1952 redemit
938 1925 1024 1951 non
1084 1920 1202 1952 actus
1254 1913 1325 1952 sed
1385 1912 1570 1952 defectus
1622 1924 1805 1965 quorum

491 1981 655 2021 malicia
688 1995 761 2034 per
792 1983 1072 2034 temporalem
1105 1981 1287 2035 graciam
1323 1990 1383 2021 est
1415 1995 1629 2034 suspensa.
1664 1982 1717 2021 Et
1749 1983 1804 2021 sic
1823 1988 1861 2020 25

492 2051 672 2103 presciti,
690 2052 773 2090 sive
796 2051 1000 2090 seculares
1024 2051 1108 2090 sive
1133 2051 1280 2102 clerici,
1304 2060 1682 2104 quantumcunque
1699 2050 1804 2090 iuste

490 2120 709 2160 videantur
742 2120 883 2173 prefici
916 2121 1037 2160 bonis
1064 2121 1154 2174 Dei,
1188 2121 1267 2160 hoc
1301 2130 1374 2172 est,
1408 2121 1625 2160 dumtaxat
1657 2133 1802 2159 secun-

490 2191 594 2230 dum
627 2191 727 2244 quid
767 2192 871 2230 dum
910 2200 1007 2231 sunt
1045 2191 1086 2230 in
1126 2191 1261 2243 gracia
1308 2190 1526 2243 temporali
1571 2199 1610 2230 et
1653 2190 1804 2229 iniuste

491 2260 735 2313 simpliciter
768 2262 871 2301 dum
904 2271 1043 2301 carent
1076 2261 1253 2301 omnino
1286 2270 1584 2300 momentanea
1617 2260 1795 2300 caritate.

491 2331 550 2368 Ex
605 2344 690 2384 quo
742 2339 856 2384 patet
908 2333 1023 2385 quod
1070 2331 1228 2371 iudices
1278 2340 1366 2370 tam
1415 2332 1618 2370 seculares
1672 2344 1800 2383 quam
1819 2337 1861 2369 30

491 2400 754 2440 ecclesiastici
788 2400 987 2440 deficiunt
1020 2415 1191 2454 persepe
1226 2401 1265 2440 in
1301 2400 1384 2440 suis
1409 2400 1570 2440 iudiciis
1604 2414 1626 2439 a
1649 2400 1800 2454 regulis

540 2556 565 2575 2.
587 2549 615 2575 A
635 2549 691 2582 A1²
722 2549 801 2576 sicut
833 2548 971 2582 aliquod,
1114 2557 1139 2576 2„
1161 2549 1189 2576 A
1220 2549 1249 2576 in
1281 2549 1437 2582 margine:
1466 2549 1545 2576 Nota
1566 2549 1639 2585 quid
1667 2553 1802 2576 meretur

491 2596 643 2629 pre-scitus
678 2603 731 2628 per
763 2596 967 2630 temporalem
1002 2595 1188 2623 iniusticiam
1237 2596 1360 2629 (Above
1396 2595 1460 2630 1931Ἰ
1485 2595 1616 2622 without
1654 2596 1742 2622 mark
1770 2596 1802 2622 ot

490 2640 667 2675 reference).
811 2641 835 2668 5.
858 2646 974 2676 preter;
1007 2642 1037 2668 in
1068 2642 1176 2669 codd:
1211 2643 1253 2676 p².
1396 2649 1430 2668 11.
1463 2642 1548 2677 alias,
1576 2642 1639 2669 scil.
1668 2641 1800 2676 gracias.

489 2708 525 2737 13.
558 2711 630 2737 Ain
652 2718 766 2745 marg:
798 2686 929 2761 ἓῇῐῗξὲ
968 2711 1020 2746 >
1065 2711 1156 2738 Nota.
1275 2711 1316 2739 23.
1339 2712 1365 2738 A
1380 2712 1409 2738 in
1427 2719 1540 2746 marg:
1561 2711 1799 2739 Lincolniensis.

488 2787 534 2815 24.
570 2779 607 2808 B:
641 2784 765 2816 peccata
798 2780 939 2808 redeunt.
1083 2781 1130 2809 30.
1152 2783 1179 2809 A
1201 2782 1230 2808 in
1258 2789 1374 2817 marga
1403 2781 1584 2810 Conclusio.
1612 2782 1655 2809 De
1676 2781 1799 2810 iudiciis

488 2835 560 2861 sepe
581 2827 683 2853 dubiis
704 2827 924 2854 iudicancium.
