<?xml version="1.0" encoding="UTF-8"?>
<!DOCTYPE html PUBLIC "-//W3C//DTD XHTML 1.0 Transitional//EN"
    "http://www.w3.org/TR/xhtml1/DTD/xhtml1-transitional.dtd">
<html xmlns="http://www.w3.org/1999/xhtml" xml:lang="en" lang="en">
 <head>
  <title>
</title>
<meta http-equiv="Content-Type" content="text/html;charset=utf-8" />
  <meta name='ocr-system' content='tesseract 3.04.00' />
  <meta name='ocr-capabilities' content='ocr_page ocr_carea ocr_par ocr_line ocrx_word'/>
</head>
<body>
  <div class='ocr_page' id='page_1' title='image "./tractatusdeeccle00wycl_0206.png"; bbox 0 0 2051 3273; ppageno 0'>
   <div class='ocr_carea' id='block_1_1' title="bbox 196 257 268 297">
    <p class='ocr_par' dir='ltr' id='par_1_1' title="bbox 196 257 268 297">
     <span class='ocr_line' id='line_1_1' title="bbox 196 257 268 297; baseline 0 -15"><span class='ocrx_word' id='word_1_1' title='bbox 196 257 268 297; x_wconf 80' lang='lat'>172</span> 
     </span>
    </p>
   </div>
   <div class='ocr_carea' id='block_1_2' title="bbox 203 506 451 578">
    <p class='ocr_par' dir='ltr' id='par_1_2' title="bbox 203 506 451 578">
     <span class='ocr_line' id='line_1_2' title="bbox 203 506 451 534; baseline -0.004 0"><span class='ocrx_word' id='word_1_2' title='bbox 203 506 283 534; x_wconf 85' lang='lat' dir='ltr'>Two</span> <span class='ocrx_word' id='word_1_3' title='bbox 306 507 396 534; x_wconf 74' lang='lat' dir='ltr'>kinds</span> <span class='ocrx_word' id='word_1_4' title='bbox 418 506 451 533; x_wconf 79' lang='lat' dir='ltr'>os</span> 
     </span>
     <span class='ocr_line' id='line_1_3' title="bbox 222 541 423 578; baseline 0 -10"><span class='ocrx_word' id='word_1_5' title='bbox 222 541 423 578; x_wconf 77' lang='lat' dir='ltr'>martyrdom.</span> 
     </span>
    </p>
   </div>
   <div class='ocr_carea' id='block_1_3' title="bbox 239 853 415 924">
    <p class='ocr_par' dir='ltr' id='par_1_3' title="bbox 239 853 415 924">
     <span class='ocr_line' id='line_1_4' title="bbox 239 853 415 880; baseline 0 0"><span class='ocrx_word' id='word_1_6' title='bbox 239 854 357 880; x_wconf 59' lang='lat' dir='ltr'>resson</span> <span class='ocrx_word' id='word_1_7' title='bbox 380 853 415 880; x_wconf 84' lang='lat' dir='ltr'>os</span> 
     </span>
     <span class='ocr_line' id='line_1_5' title="bbox 248 888 399 924; baseline -0.013 -9"><span class='ocrx_word' id='word_1_8' title='bbox 248 888 399 924; x_wconf 78' lang='lat' dir='ltr'>liumility.</span> 
     </span>
    </p>
   </div>
   <div class='ocr_carea' id='block_1_4' title="bbox 887 241 1790 299">
    <p class='ocr_par' dir='ltr' id='par_1_4' title="bbox 887 241 1790 299">
     <span class='ocr_line' id='line_1_6' title="bbox 887 241 1790 299; baseline -0.006 -15"><span class='ocrx_word' id='word_1_9' title='bbox 887 252 1109 284; x_wconf 77' lang='lat' dir='ltr'>JOHANNIS</span> <span class='ocrx_word' id='word_1_10' title='bbox 1137 253 1331 285; x_wconf 71' lang='lat' dir='ltr'>WYCLIF.</span> <span class='ocrx_word' id='word_1_11' title='bbox 1587 241 1692 299; x_wconf 74' lang='lat' dir='ltr'>[cAr.</span> <span class='ocrx_word' id='word_1_12' title='bbox 1710 253 1790 280; x_wconf 80' lang='lat' dir='ltr'>vm.</span> 
     </span>
    </p>
   </div>
   <div class='ocr_carea' id='block_1_5' title="bbox 476 357 1940 412">
    <p class='ocr_par' dir='ltr' id='par_1_5' title="bbox 476 357 1940 412">
     <span class='ocr_line' id='line_1_7' title="bbox 476 357 1940 412; baseline 0.001 -16"><span class='ocrx_word' id='word_1_13' title='bbox 476 372 595 397; x_wconf 87' lang='lat' dir='ltr'>mum</span> <span class='ocrx_word' id='word_1_14' title='bbox 648 359 765 411; x_wconf 80' lang='lat' dir='ltr'>quod</span> <span class='ocrx_word' id='word_1_15' title='bbox 812 357 976 410; x_wconf 78' lang='lat' dir='ltr'>possint</span> <span class='ocrx_word' id='word_1_16' title='bbox 1020 370 1198 410; x_wconf 83' lang='lat' dir='ltr'>regnum</span> <span class='ocrx_word' id='word_1_17' title='bbox 1250 359 1435 397; x_wconf 91' lang='lat' dir='ltr'>celorum</span> <span class='ocrx_word' id='word_1_18' title='bbox 1482 373 1622 412; x_wconf 83' lang='lat' dir='ltr'>rapere</span> <span class='ocrx_word' id='word_1_19' title='bbox 1667 360 1940 399; x_wconf 72' lang='lat' dir='ltr'>arn1is152⁶N</span> 
     </span>
    </p>
   </div>
   <div class='ocr_carea' id='block_1_6' title="bbox 474 427 1872 2728">
    <p class='ocr_par' dir='ltr' id='par_1_6' title="bbox 476 427 1237 480">
     <span class='ocr_line' id='line_1_8' title="bbox 476 427 1237 480; baseline 0.001 -14"><span class='ocrx_word' id='word_1_20' title='bbox 476 427 573 479; x_wconf 74' lang='lat' dir='ltr'>suis,</span> <span class='ocrx_word' id='word_1_21' title='bbox 608 427 686 466; x_wconf 86' lang='lat' dir='ltr'>fuit</span> <span class='ocrx_word' id='word_1_22' title='bbox 718 427 985 480; x_wconf 83' lang='lat' dir='ltr'>privilegium</span> <span class='ocrx_word' id='word_1_23' title='bbox 1017 427 1237 480; x_wconf 83' lang='lat' dir='ltr'>singulare.</span> 
     </span>
    </p>

    <p class='ocr_par' dir='ltr' id='par_1_7' title="bbox 474 496 1838 829">
     <span class='ocr_line' id='line_1_9' title="bbox 534 496 1838 551; baseline 0.002 -16"><span class='ocrx_word' id='word_1_24' title='bbox 534 497 586 536; x_wconf 88' lang='lat' dir='ltr'>Et</span> <span class='ocrx_word' id='word_1_25' title='bbox 630 510 676 535; x_wconf 84' lang='lat' dir='ltr'>ex</span> <span class='ocrx_word' id='word_1_26' title='bbox 722 496 802 536; x_wconf 88' lang='lat' dir='ltr'>isto</span> <span class='ocrx_word' id='word_1_27' title='bbox 843 496 1013 536; x_wconf 87' lang='lat' dir='ltr'>eliciunt</span> <span class='ocrx_word' id='word_1_28' title='bbox 1046 497 1237 536; x_wconf 86' lang='lat' dir='ltr'>doctores</span> <span class='ocrx_word' id='word_1_29' title='bbox 1272 497 1387 550; x_wconf 88' lang='lat' dir='ltr'>quod</span> <span class='ocrx_word' id='word_1_30' title='bbox 1421 506 1481 538; x_wconf 90' lang='lat' dir='ltr'>est</span> <span class='ocrx_word' id='word_1_31' title='bbox 1512 498 1606 537; x_wconf 89' lang='lat' dir='ltr'>dare</span> <span class='ocrx_word' id='word_1_32' title='bbox 1639 499 1838 551; x_wconf 87' lang='lat' dir='ltr'>duplexo</span> 
     </span>
     <span class='ocr_line' id='line_1_10' title="bbox 474 565 1790 621; baseline 0.003 -17"><span class='ocrx_word' id='word_1_33' title='bbox 474 579 605 618; x_wconf 82' lang='lat' dir='ltr'>genus</span> <span class='ocrx_word' id='word_1_34' title='bbox 628 566 813 617; x_wconf 81' lang='lat' dir='ltr'>martirii,</span> <span class='ocrx_word' id='word_1_35' title='bbox 849 566 1001 605; x_wconf 87' lang='lat' dir='ltr'>scilicet</span> <span class='ocrx_word' id='word_1_36' title='bbox 1024 565 1248 605; x_wconf 87' lang='lat' dir='ltr'>affeccione</span> <span class='ocrx_word' id='word_1_37' title='bbox 1272 576 1310 606; x_wconf 92' lang='lat' dir='ltr'>et</span> <span class='ocrx_word' id='word_1_38' title='bbox 1339 568 1545 620; x_wconf 88' lang='lat' dir='ltr'>corporali</span> <span class='ocrx_word' id='word_1_39' title='bbox 1578 568 1790 621; x_wconf 79' lang='lat' dir='ltr'>passione3</span> 
     </span>
     <span class='ocr_line' id='line_1_11' title="bbox 476 635 1823 691; baseline 0.002 -16"><span class='ocrx_word' id='word_1_40' title='bbox 476 649 573 675; x_wconf 88' lang='lat' dir='ltr'>cum</span> <span class='ocrx_word' id='word_1_41' title='bbox 611 637 756 675; x_wconf 86' lang='lat' dir='ltr'>beatus</span> <span class='ocrx_word' id='word_1_42' title='bbox 795 635 1060 688; x_wconf 77' lang='lat' dir='ltr'>Evangelista</span> <span class='ocrx_word' id='word_1_43' title='bbox 1100 649 1185 675; x_wconf 93' lang='lat' dir='ltr'>non</span> <span class='ocrx_word' id='word_1_44' title='bbox 1219 635 1295 675; x_wconf 89' lang='lat' dir='ltr'>fuit</span> <span class='ocrx_word' id='word_1_45' title='bbox 1328 636 1384 676; x_wconf 91' lang='lat' dir='ltr'>sic</span> <span class='ocrx_word' id='word_1_46' title='bbox 1416 651 1563 689; x_wconf 90' lang='lat' dir='ltr'>passus</span> <span class='ocrx_word' id='word_1_47' title='bbox 1596 649 1823 691; x_wconf 83' lang='lat' dir='ltr'>corpora-5</span> 
     </span>
     <span class='ocr_line' id='line_1_12' title="bbox 474 705 1793 760; baseline 0.002 -16"><span class='ocrx_word' id='word_1_48' title='bbox 474 705 566 745; x_wconf 93' lang='lat' dir='ltr'>liter</span> <span class='ocrx_word' id='word_1_49' title='bbox 598 719 731 759; x_wconf 81' lang='lat' dir='ltr'>usque</span> <span class='ocrx_word' id='word_1_50' title='bbox 763 706 814 745; x_wconf 89' lang='lat' dir='ltr'>ad</span> <span class='ocrx_word' id='word_1_51' title='bbox 853 715 1035 745; x_wconf 91' lang='lat' dir='ltr'>mortem</span> <span class='ocrx_word' id='word_1_52' title='bbox 1067 714 1113 745; x_wconf 85' lang='lat' dir='ltr'>ut</span> <span class='ocrx_word' id='word_1_53' title='bbox 1143 706 1336 757; x_wconf 80' lang='lat' dir='ltr'>Jacobus,</span> <span class='ocrx_word' id='word_1_54' title='bbox 1369 708 1440 745; x_wconf 88' lang='lat' dir='ltr'>sed</span> <span class='ocrx_word' id='word_1_55' title='bbox 1473 716 1648 760; x_wconf 83' lang='lat' dir='ltr'>uterque</span> <span class='ocrx_word' id='word_1_56' title='bbox 1679 707 1793 747; x_wconf 80' lang='lat' dir='ltr'>iuxta</span> 
     </span>
     <span class='ocr_line' id='line_1_13' title="bbox 474 775 1791 829; baseline 0.002 -15"><span class='ocrx_word' id='word_1_57' title='bbox 474 789 622 814; x_wconf 88' lang='lat' dir='ltr'>vocem</span> <span class='ocrx_word' id='word_1_58' title='bbox 646 775 819 828; x_wconf 80' lang='lat' dir='ltr'>predicti</span> <span class='ocrx_word' id='word_1_59' title='bbox 844 775 997 815; x_wconf 86' lang='lat' dir='ltr'>Christi</span> <span class='ocrx_word' id='word_1_60' title='bbox 1021 775 1245 814; x_wconf 82' lang='lat' dir='ltr'>veridicam</span> <span class='ocrx_word' id='word_1_61' title='bbox 1268 776 1369 815; x_wconf 84' lang='lat' dir='ltr'>bibit</span> <span class='ocrx_word' id='word_1_62' title='bbox 1385 776 1555 816; x_wconf 80' lang='lat' dir='ltr'>calicem</span> <span class='ocrx_word' id='word_1_63' title='bbox 1573 777 1791 829; x_wconf 82' lang='lat' dir='ltr'>passionis.</span> 
     </span>
    </p>

    <p class='ocr_par' dir='ltr' id='par_1_8' title="bbox 474 844 1872 2003">
     <span class='ocr_line' id='line_1_14' title="bbox 533 844 1825 899; baseline 0.001 -15"><span class='ocrx_word' id='word_1_64' title='bbox 533 845 658 884; x_wconf 79' lang='lat' dir='ltr'>Sexto</span> <span class='ocrx_word' id='word_1_65' title='bbox 705 846 908 884; x_wconf 90' lang='lat' dir='ltr'>docentur</span> <span class='ocrx_word' id='word_1_66' title='bbox 953 859 1100 885; x_wconf 90' lang='lat' dir='ltr'>omnes</span> <span class='ocrx_word' id='word_1_67' title='bbox 1136 844 1276 884; x_wconf 87' lang='lat' dir='ltr'>fideles</span> <span class='ocrx_word' id='word_1_68' title='bbox 1310 855 1350 885; x_wconf 91' lang='lat' dir='ltr'>et</span> <span class='ocrx_word' id='word_1_69' title='bbox 1382 846 1612 899; x_wconf 79' lang='lat' dir='ltr'>specialiter</span> <span class='ocrx_word' id='word_1_70' title='bbox 1648 847 1825 899; x_wconf 77' lang='lat' dir='ltr'>prelatis</span> 
     </span>
     <span class='ocr_line' id='line_1_15' title="bbox 476 915 1793 968; baseline 0.002 -15"><span class='ocrx_word' id='word_1_71' title='bbox 476 929 561 954; x_wconf 90' lang='lat' dir='ltr'>non</span> <span class='ocrx_word' id='word_1_72' title='bbox 610 928 814 968; x_wconf 85' lang='lat' dir='ltr'>pompare</span> <span class='ocrx_word' id='word_1_73' title='bbox 858 915 922 954; x_wconf 83' lang='lat' dir='ltr'>vel</span> <span class='ocrx_word' id='word_1_74' title='bbox 967 916 1046 954; x_wconf 86' lang='lat' dir='ltr'>alta</span> <span class='ocrx_word' id='word_1_75' title='bbox 1093 929 1234 968; x_wconf 89' lang='lat' dir='ltr'>sapere</span> <span class='ocrx_word' id='word_1_76' title='bbox 1267 916 1316 954; x_wconf 93' lang='lat' dir='ltr'>de</span> <span class='ocrx_word' id='word_1_77' title='bbox 1349 917 1500 968; x_wconf 84' lang='lat' dir='ltr'>gradus</span> <span class='ocrx_word' id='word_1_78' title='bbox 1547 916 1793 955; x_wconf 83' lang='lat' dir='ltr'>excellencia</span> 
     </span>
     <span class='ocr_line' id='line_1_16' title="bbox 474 984 1851 1038; baseline 0.001 -15"><span class='ocrx_word' id='word_1_79' title='bbox 474 985 538 1024; x_wconf 87' lang='lat' dir='ltr'>vel</span> <span class='ocrx_word' id='word_1_80' title='bbox 570 984 766 1037; x_wconf 83' lang='lat' dir='ltr'>primatu7</span> <span class='ocrx_word' id='word_1_81' title='bbox 813 998 910 1024; x_wconf 89' lang='lat' dir='ltr'>cum</span> <span class='ocrx_word' id='word_1_82' title='bbox 944 984 1136 1024; x_wconf 90' lang='lat' dir='ltr'>Christus</span> <span class='ocrx_word' id='word_1_83' title='bbox 1170 985 1407 1038; x_wconf 83' lang='lat' dir='ltr'>coniungit:</span> <span class='ocrx_word' id='word_1_84' title='bbox 1455 986 1614 1025; x_wconf 80' lang='lat' dir='ltr'>Sedere</span> <span class='ocrx_word' id='word_1_85' title='bbox 1647 993 1790 1026; x_wconf 84' lang='lat' dir='ltr'>autem</span> <span class='ocrx_word' id='word_1_86' title='bbox 1813 1007 1851 1029; x_wconf 82' lang='lat'>10</span> 
     </span>
     <span class='ocr_line' id='line_1_17' title="bbox 475 1055 1793 1096; baseline 0.002 -3"><span class='ocrx_word' id='word_1_87' title='bbox 475 1055 532 1094; x_wconf 76' lang='lat' dir='ltr'>ad</span> <span class='ocrx_word' id='word_1_88' title='bbox 571 1055 793 1095; x_wconf 77' lang='lat' dir='ltr'>dexteram</span> <span class='ocrx_word' id='word_1_89' title='bbox 827 1055 894 1095; x_wconf 74' lang='lat' dir='ltr'>vel</span> <span class='ocrx_word' id='word_1_90' title='bbox 937 1055 994 1094; x_wconf 81' lang='lat' dir='ltr'>ad</span> <span class='ocrx_word' id='word_1_91' title='bbox 1037 1056 1255 1095; x_wconf 79' lang='lat' dir='ltr'>sinistram</span> <span class='ocrx_word' id='word_1_92' title='bbox 1290 1069 1372 1094; x_wconf 84' lang='lat' dir='ltr'>non</span> <span class='ocrx_word' id='word_1_93' title='bbox 1418 1062 1480 1095; x_wconf 83' lang='lat' dir='ltr'>est</span> <span class='ocrx_word' id='word_1_94' title='bbox 1512 1069 1650 1095; x_wconf 83' lang='lat' dir='ltr'>meum</span> <span class='ocrx_word' id='word_1_95' title='bbox 1686 1055 1793 1096; x_wconf 78' lang='lat' dir='ltr'>dare</span> 
     </span>
     <span class='ocr_line' id='line_1_18' title="bbox 474 1125 1792 1178; baseline 0 -13"><span class='ocrx_word' id='word_1_96' title='bbox 474 1126 604 1176; x_wconf 72' lang='lat' dir='ltr'>vohis,</span> <span class='ocrx_word' id='word_1_97' title='bbox 643 1125 718 1164; x_wconf 81' lang='lat' dir='ltr'>sed</span> <span class='ocrx_word' id='word_1_98' title='bbox 755 1126 907 1177; x_wconf 79' lang='lat' dir='ltr'>quibus</span> <span class='ocrx_word' id='word_1_99' title='bbox 932 1133 1141 1178; x_wconf 77' lang='lat' dir='ltr'>paratum</span> <span class='ocrx_word' id='word_1_100' title='bbox 1176 1132 1238 1165; x_wconf 83' lang='lat' dir='ltr'>est</span> <span class='ocrx_word' id='word_1_101' title='bbox 1269 1139 1294 1164; x_wconf 78' lang='lat' dir='ltr'><em>a</em></span> <span class='ocrx_word' id='word_1_102' title='bbox 1320 1132 1452 1178; x_wconf 74' lang='lat' dir='ltr'>patre</span> <span class='ocrx_word' id='word_1_103' title='bbox 1486 1139 1590 1165; x_wconf 82' lang='lat' dir='ltr'>meo.</span> <span class='ocrx_word' id='word_1_104' title='bbox 1632 1126 1792 1174; x_wconf 83' lang='lat' dir='ltr'>Quam-</span> 
     </span>
     <span class='ocr_line' id='line_1_19' title="bbox 479 1194 1792 1248; baseline 0.001 -15"><span class='ocrx_word' id='word_1_105' title='bbox 479 1195 537 1233; x_wconf 87' lang='lat' dir='ltr'>vis</span> <span class='ocrx_word' id='word_1_106' title='bbox 570 1195 683 1235; x_wconf 91' lang='lat' dir='ltr'>enim</span> <span class='ocrx_word' id='word_1_107' title='bbox 707 1194 898 1234; x_wconf 85' lang='lat' dir='ltr'>Christus</span> <span class='ocrx_word' id='word_1_108' title='bbox 932 1195 983 1234; x_wconf 90' lang='lat' dir='ltr'>sit</span> <span class='ocrx_word' id='word_1_109' title='bbox 1015 1195 1287 1248; x_wconf 91' lang='lat' dir='ltr'>omnipotens</span> <span class='ocrx_word' id='word_1_110' title='bbox 1321 1204 1360 1235; x_wconf 86' lang='lat' dir='ltr'>et</span> <span class='ocrx_word' id='word_1_111' title='bbox 1393 1195 1580 1235; x_wconf 89' lang='lat' dir='ltr'>eiusdem</span> <span class='ocrx_word' id='word_1_112' title='bbox 1612 1195 1792 1235; x_wconf 91' lang='lat' dir='ltr'>auctori—</span> 
     </span>
     <span class='ocr_line' id='line_1_20' title="bbox 477 1264 1794 1318; baseline 0.001 -15"><span class='ocrx_word' id='word_1_113' title='bbox 477 1265 571 1304; x_wconf 85' lang='lat' dir='ltr'>tatis</span> <span class='ocrx_word' id='word_1_114' title='bbox 617 1274 655 1304; x_wconf 88' lang='lat' dir='ltr'>et</span> <span class='ocrx_word' id='word_1_115' title='bbox 701 1264 962 1317; x_wconf 84' lang='lat' dir='ltr'>operacionis</span> <span class='ocrx_word' id='word_1_116' title='bbox 1008 1278 1105 1304; x_wconf 91' lang='lat' dir='ltr'>cum</span> <span class='ocrx_word' id='word_1_117' title='bbox 1150 1274 1278 1317; x_wconf 84' lang='lat' dir='ltr'>patre,</span> <span class='ocrx_word' id='word_1_118' title='bbox 1324 1273 1441 1317; x_wconf 85' lang='lat' dir='ltr'>pater</span> <span class='ocrx_word' id='word_1_119' title='bbox 1473 1279 1521 1304; x_wconf 83' lang='lat' dir='ltr'>ex</span> <span class='ocrx_word' id='word_1_120' title='bbox 1554 1279 1594 1304; x_wconf 90' lang='lat' dir='ltr'>se</span> <span class='ocrx_word' id='word_1_121' title='bbox 1629 1274 1668 1305; x_wconf 94' lang='lat' dir='ltr'>et</span> <span class='ocrx_word' id='word_1_122' title='bbox 1707 1265 1794 1318; x_wconf 88' lang='lat' dir='ltr'>ipse</span> 
     </span>
     <span class='ocr_line' id='line_1_21' title="bbox 476 1334 1849 1388; baseline 0.003 -16"><span class='ocrx_word' id='word_1_123' title='bbox 476 1348 549 1387; x_wconf 84' lang='lat' dir='ltr'>per</span> <span class='ocrx_word' id='word_1_124' title='bbox 593 1349 648 1386; x_wconf 83' lang='lat' dir='ltr'>se,</span> <span class='ocrx_word' id='word_1_125' title='bbox 681 1344 823 1374; x_wconf 86' lang='lat' dir='ltr'>tamen</span> <span class='ocrx_word' id='word_1_126' title='bbox 857 1334 1047 1374; x_wconf 89' lang='lat' dir='ltr'>Christus</span> <span class='ocrx_word' id='word_1_127' title='bbox 1080 1349 1196 1375; x_wconf 91' lang='lat' dir='ltr'>more</span> <span class='ocrx_word' id='word_1_128' title='bbox 1230 1349 1307 1374; x_wconf 89' lang='lat' dir='ltr'>suo</span> <span class='ocrx_word' id='word_1_129' title='bbox 1339 1336 1517 1388; x_wconf 85' lang='lat' dir='ltr'>loquens</span> <span class='ocrx_word' id='word_1_130' title='bbox 1549 1335 1849 1376; x_wconf 86' lang='lat' dir='ltr'>humanitus15</span> 
     </span>
     <span class='ocr_line' id='line_1_22' title="bbox 476 1404 1795 1458; baseline 0.002 -16"><span class='ocrx_word' id='word_1_131' title='bbox 476 1404 628 1458; x_wconf 86' lang='lat' dir='ltr'>prefert</span> <span class='ocrx_word' id='word_1_132' title='bbox 660 1414 835 1458; x_wconf 77' lang='lat' dir='ltr'>patrem,</span> <span class='ocrx_word' id='word_1_133' title='bbox 869 1405 1010 1444; x_wconf 89' lang='lat' dir='ltr'>dicens</span> <span class='ocrx_word' id='word_1_134' title='bbox 1044 1406 1161 1458; x_wconf 88' lang='lat' dir='ltr'>quod</span> <span class='ocrx_word' id='word_1_135' title='bbox 1193 1405 1358 1445; x_wconf 93' lang='lat' dir='ltr'>nullum</span> <span class='ocrx_word' id='word_1_136' title='bbox 1391 1406 1630 1445; x_wconf 84' lang='lat' dir='ltr'>membrum</span> <span class='ocrx_word' id='word_1_137' title='bbox 1670 1406 1795 1445; x_wconf 84' lang='lat' dir='ltr'>eccle-</span> 
     </span>
     <span class='ocr_line' id='line_1_23' title="bbox 477 1474 1794 1528; baseline 0.002 -15"><span class='ocrx_word' id='word_1_138' title='bbox 477 1474 533 1514; x_wconf 88' lang='lat' dir='ltr'>sie</span> <span class='ocrx_word' id='word_1_139' title='bbox 565 1475 733 1514; x_wconf 89' lang='lat' dir='ltr'>habebit</span> <span class='ocrx_word' id='word_1_140' title='bbox 755 1474 1022 1514; x_wconf 84' lang='lat' dir='ltr'>mansionem</span> <span class='ocrx_word' id='word_1_141' title='bbox 1044 1475 1086 1513; x_wconf 89' lang='lat' dir='ltr'>in</span> <span class='ocrx_word' id='word_1_142' title='bbox 1120 1475 1223 1527; x_wconf 79' lang='lat' dir='ltr'>celo,</span> <span class='ocrx_word' id='word_1_143' title='bbox 1257 1474 1335 1513; x_wconf 86' lang='lat' dir='ltr'>nisi</span> <span class='ocrx_word' id='word_1_144' title='bbox 1365 1475 1437 1528; x_wconf 84' lang='lat' dir='ltr'>qui</span> <span class='ocrx_word' id='word_1_145' title='bbox 1470 1489 1517 1514; x_wconf 87' lang='lat' dir='ltr'>ex</span> <span class='ocrx_word' id='word_1_146' title='bbox 1549 1476 1794 1515; x_wconf 82' lang='lat' dir='ltr'>auctoritate</span> 
     </span>
     <span class='ocr_line' id='line_1_24' title="bbox 476 1544 1794 1598; baseline 0.001 -15"><span class='ocrx_word' id='word_1_147' title='bbox 476 1544 603 1598; x_wconf 85' lang='lat' dir='ltr'>patris</span> <span class='ocrx_word' id='word_1_148' title='bbox 656 1544 889 1584; x_wconf 86' lang='lat' dir='ltr'>eternaliter</span> <span class='ocrx_word' id='word_1_149' title='bbox 940 1544 1176 1584; x_wconf 88' lang='lat' dir='ltr'>inscribitur</span> <span class='ocrx_word' id='word_1_150' title='bbox 1226 1544 1332 1583; x_wconf 91' lang='lat' dir='ltr'>libro</span> <span class='ocrx_word' id='word_1_151' title='bbox 1376 1544 1479 1597; x_wconf 77' lang='lat' dir='ltr'>vite3</span> <span class='ocrx_word' id='word_1_152' title='bbox 1532 1545 1647 1598; x_wconf 85' lang='lat' dir='ltr'>quod</span> <span class='ocrx_word' id='word_1_153' title='bbox 1699 1545 1794 1585; x_wconf 88' lang='lat' dir='ltr'>licet</span> 
     </span>
     <span class='ocr_line' id='line_1_25' title="bbox 477 1613 1791 1672; baseline 0 -19"><span class='ocrx_word' id='word_1_154' title='bbox 477 1615 685 1654; x_wconf 86' lang='lat' dir='ltr'>eleccione</span> <span class='ocrx_word' id='word_1_155' title='bbox 708 1623 847 1654; x_wconf 87' lang='lat' dir='ltr'>eterna</span> <span class='ocrx_word' id='word_1_156' title='bbox 870 1614 921 1654; x_wconf 87' lang='lat' dir='ltr'>sit</span> <span class='ocrx_word' id='word_1_157' title='bbox 953 1614 1110 1654; x_wconf 88' lang='lat' dir='ltr'>factum</span> <span class='ocrx_word' id='word_1_158' title='bbox 1134 1628 1207 1667; x_wconf 91' lang='lat' dir='ltr'>per</span> <span class='ocrx_word' id='word_1_159' title='bbox 1228 1613 1376 1666; x_wconf 84' lang='lat' dir='ltr'>filium,</span> <span class='ocrx_word' id='word_1_160' title='bbox 1411 1614 1508 1672; x_wconf 75' lang='lat' dir='ltr'>quia</span> <span class='ocrx_word' id='word_1_161' title='bbox 1538 1623 1677 1654; x_wconf 87' lang='lat' dir='ltr'>tamen</span> <span class='ocrx_word' id='word_1_162' title='bbox 1711 1615 1791 1653; x_wconf 90' lang='lat' dir='ltr'>dis-</span> 
     </span>
     <span class='ocr_line' id='line_1_26' title="bbox 477 1684 1872 1737; baseline 0.002 -14"><span class='ocrx_word' id='word_1_163' title='bbox 477 1684 605 1737; x_wconf 86' lang='lat' dir='ltr'>cipuli</span> <span class='ocrx_word' id='word_1_164' title='bbox 629 1684 946 1724; x_wconf 86' lang='lat' dir='ltr'>considerarunt</span> <span class='ocrx_word' id='word_1_165' title='bbox 969 1684 1186 1724; x_wconf 85' lang='lat' dir='ltr'>Christum</span> <span class='ocrx_word' id='word_1_166' title='bbox 1215 1685 1449 1724; x_wconf 87' lang='lat' dir='ltr'>secundum</span> <span class='ocrx_word' id='word_1_167' title='bbox 1470 1684 1792 1736; x_wconf 82' lang='lat' dir='ltr'>humanitatem,</span> <span class='ocrx_word' id='word_1_168' title='bbox 1809 1704 1851 1726; x_wconf 83' lang='lat'>20</span> <span class='ocrx_word' id='word_1_169' title='bbox 1870 1714 1872 1717; x_wconf 93' lang='lat'>-</span> 
     </span>
     <span class='ocr_line' id='line_1_27' title="bbox 477 1753 1794 1807; baseline 0.001 -14"><span class='ocrx_word' id='word_1_170' title='bbox 477 1754 570 1795; x_wconf 88' lang='lat' dir='ltr'>ideo</span> <span class='ocrx_word' id='word_1_171' title='bbox 593 1754 861 1794; x_wconf 86' lang='lat' dir='ltr'>univocando</span> <span class='ocrx_word' id='word_1_172' title='bbox 886 1768 983 1794; x_wconf 87' lang='lat' dir='ltr'>cum</span> <span class='ocrx_word' id='word_1_173' title='bbox 1016 1754 1072 1794; x_wconf 92' lang='lat' dir='ltr'>eis</span> <span class='ocrx_word' id='word_1_174' title='bbox 1107 1753 1184 1793; x_wconf 89' lang='lat' dir='ltr'>fuit</span> <span class='ocrx_word' id='word_1_175' title='bbox 1215 1755 1428 1807; x_wconf 86' lang='lat' dir='ltr'>pertinens</span> <span class='ocrx_word' id='word_1_176' title='bbox 1452 1753 1669 1794; x_wconf 87' lang='lat' dir='ltr'>Christum</span> <span class='ocrx_word' id='word_1_177' title='bbox 1701 1768 1794 1794; x_wconf 86' lang='lat' dir='ltr'>vere</span> 
     </span>
     <span class='ocr_line' id='line_1_28' title="bbox 477 1824 1793 1877; baseline -0.001 -14"><span class='ocrx_word' id='word_1_178' title='bbox 477 1834 603 1877; x_wconf 84' lang='lat' dir='ltr'>atque</span> <span class='ocrx_word' id='word_1_179' title='bbox 645 1824 860 1863; x_wconf 88' lang='lat' dir='ltr'>humiliter</span> <span class='ocrx_word' id='word_1_180' title='bbox 903 1825 1122 1864; x_wconf 88' lang='lat' dir='ltr'>ostendere</span> <span class='ocrx_word' id='word_1_181' title='bbox 1163 1824 1450 1863; x_wconf 88' lang='lat' dir='ltr'>minoritatem</span> <span class='ocrx_word' id='word_1_182' title='bbox 1492 1837 1612 1863; x_wconf 89' lang='lat' dir='ltr'>suam</span> <span class='ocrx_word' id='word_1_183' title='bbox 1647 1838 1793 1863; x_wconf 89' lang='lat' dir='ltr'>secun-</span> 
     </span>
     <span class='ocr_line' id='line_1_29' title="bbox 476 1893 1795 1948; baseline 0 -16"><span class='ocrx_word' id='word_1_184' title='bbox 476 1895 579 1933; x_wconf 87' lang='lat' dir='ltr'>dum</span> <span class='ocrx_word' id='word_1_185' title='bbox 610 1894 932 1945; x_wconf 79' lang='lat' dir='ltr'>humanitatem,</span> <span class='ocrx_word' id='word_1_186' title='bbox 957 1908 1054 1933; x_wconf 86' lang='lat' dir='ltr'>cum</span> <span class='ocrx_word' id='word_1_187' title='bbox 1086 1907 1172 1933; x_wconf 92' lang='lat' dir='ltr'>non</span> <span class='ocrx_word' id='word_1_188' title='bbox 1206 1894 1257 1933; x_wconf 89' lang='lat' dir='ltr'>sit</span> <span class='ocrx_word' id='word_1_189' title='bbox 1289 1893 1591 1948; x_wconf 79' lang='lat' dir='ltr'>menciendum</span> <span class='ocrx_word' id='word_1_190' title='bbox 1624 1902 1795 1947; x_wconf 91' lang='lat' dir='ltr'>propter</span> 
     </span>
     <span class='ocr_line' id='line_1_30' title="bbox 475 1964 765 2003; baseline 0 0"><span class='ocrx_word' id='word_1_191' title='bbox 475 1964 765 2003; x_wconf 87' lang='lat' dir='ltr'>devocionem.</span> 
     </span>
    </p>

    <p class='ocr_par' dir='ltr' id='par_1_9' title="bbox 475 2033 1851 2728">
     <span class='ocr_line' id='line_1_31' title="bbox 534 2033 1851 2086; baseline 0.001 -13"><span class='ocrx_word' id='word_1_192' title='bbox 534 2035 655 2074; x_wconf 88' lang='lat' dir='ltr'>Unde</span> <span class='ocrx_word' id='word_1_193' title='bbox 700 2035 751 2073; x_wconf 87' lang='lat' dir='ltr'>ad</span> <span class='ocrx_word' id='word_1_194' title='bbox 798 2033 1108 2086; x_wconf 86' lang='lat' dir='ltr'>pacificandum</span> <span class='ocrx_word' id='word_1_195' title='bbox 1152 2033 1382 2086; x_wconf 86' lang='lat' dir='ltr'>discipulos</span> <span class='ocrx_word' id='word_1_196' title='bbox 1421 2042 1459 2072; x_wconf 92' lang='lat' dir='ltr'>et</span> <span class='ocrx_word' id='word_1_197' title='bbox 1500 2033 1795 2073; x_wconf 88' lang='lat' dir='ltr'>instruendum</span> <span class='ocrx_word' id='word_1_198' title='bbox 1812 2043 1851 2075; x_wconf 81' lang='lat'>25</span> 
     </span>
     <span class='ocr_line' id='line_1_32' title="bbox 476 2103 1796 2157; baseline 0 -15"><span class='ocrx_word' id='word_1_199' title='bbox 476 2117 546 2143; x_wconf 91' lang='lat' dir='ltr'>eos</span> <span class='ocrx_word' id='word_1_200' title='bbox 594 2104 719 2157; x_wconf 85' lang='lat' dir='ltr'>quale</span> <span class='ocrx_word' id='word_1_201' title='bbox 763 2104 1029 2157; x_wconf 84' lang='lat' dir='ltr'>privilegium</span> <span class='ocrx_word' id='word_1_202' title='bbox 1074 2112 1113 2142; x_wconf 92' lang='lat' dir='ltr'>et</span> <span class='ocrx_word' id='word_1_203' title='bbox 1157 2103 1416 2156; x_wconf 90' lang='lat' dir='ltr'>prioritatem</span> <span class='ocrx_word' id='word_1_204' title='bbox 1450 2103 1658 2155; x_wconf 79' lang='lat' dir='ltr'>eligerent,</span> <span class='ocrx_word' id='word_1_205' title='bbox 1698 2103 1796 2142; x_wconf 87' lang='lat' dir='ltr'>dicit</span> 
     </span>
     <span class='ocr_line' id='line_1_33' title="bbox 475 2172 1793 2226; baseline -0.001 -14"><span class='ocrx_word' id='word_1_206' title='bbox 475 2174 591 2226; x_wconf 82' lang='lat' dir='ltr'>quod</span> <span class='ocrx_word' id='word_1_207' title='bbox 636 2173 708 2226; x_wconf 86' lang='lat' dir='ltr'>qui</span> <span class='ocrx_word' id='word_1_208' title='bbox 752 2174 933 2213; x_wconf 90' lang='lat' dir='ltr'>voluerit</span> <span class='ocrx_word' id='word_1_209' title='bbox 977 2174 1084 2213; x_wconf 90' lang='lat' dir='ltr'>inter</span> <span class='ocrx_word' id='word_1_210' title='bbox 1116 2187 1186 2212; x_wconf 91' lang='lat' dir='ltr'>eos</span> <span class='ocrx_word' id='word_1_211' title='bbox 1221 2172 1334 2225; x_wconf 89' lang='lat' dir='ltr'>prior</span> <span class='ocrx_word' id='word_1_212' title='bbox 1365 2173 1428 2211; x_wconf 85' lang='lat' dir='ltr'>vel</span> <span class='ocrx_word' id='word_1_213' title='bbox 1461 2172 1596 2211; x_wconf 87' lang='lat' dir='ltr'>maior</span> <span class='ocrx_word' id='word_1_214' title='bbox 1632 2172 1718 2212; x_wconf 88' lang='lat' dir='ltr'>fieri</span> <span class='ocrx_word' id='word_1_215' title='bbox 1751 2173 1793 2211; x_wconf 91' lang='lat' dir='ltr'>in</span> 
     </span>
     <span class='ocr_line' id='line_1_34' title="bbox 475 2243 1793 2296; baseline -0.001 -14"><span class='ocrx_word' id='word_1_216' title='bbox 475 2243 583 2295; x_wconf 80' lang='lat' dir='ltr'>celis7</span> <span class='ocrx_word' id='word_1_217' title='bbox 618 2252 786 2296; x_wconf 88' lang='lat' dir='ltr'>oportet</span> <span class='ocrx_word' id='word_1_218' title='bbox 818 2245 935 2296; x_wconf 86' lang='lat' dir='ltr'>quod</span> <span class='ocrx_word' id='word_1_219' title='bbox 968 2244 1018 2283; x_wconf 87' lang='lat' dir='ltr'>sit</span> <span class='ocrx_word' id='word_1_220' title='bbox 1051 2257 1190 2282; x_wconf 87' lang='lat' dir='ltr'>servus</span> <span class='ocrx_word' id='word_1_221' title='bbox 1223 2243 1423 2282; x_wconf 89' lang='lat' dir='ltr'>humilior</span> <span class='ocrx_word' id='word_1_222' title='bbox 1455 2252 1579 2296; x_wconf 79' lang='lat' dir='ltr'>atque</span> <span class='ocrx_word' id='word_1_223' title='bbox 1619 2243 1793 2296; x_wconf 82' lang='lat' dir='ltr'>diligen-</span> 
     </span>
     <span class='ocr_line' id='line_1_35' title="bbox 476 2310 1793 2367; baseline 0 -16"><span class='ocrx_word' id='word_1_224' title='bbox 476 2313 561 2352; x_wconf 91' lang='lat' dir='ltr'>cior</span> <span class='ocrx_word' id='word_1_225' title='bbox 602 2313 667 2352; x_wconf 89' lang='lat' dir='ltr'>hic</span> <span class='ocrx_word' id='word_1_226' title='bbox 712 2313 754 2351; x_wconf 90' lang='lat' dir='ltr'>in</span> <span class='ocrx_word' id='word_1_227' title='bbox 798 2313 913 2352; x_wconf 90' lang='lat' dir='ltr'>terris</span> <span class='ocrx_word' id='word_1_228' title='bbox 963 2312 1026 2367; x_wconf 90' lang='lat' dir='ltr'>(ut</span> <span class='ocrx_word' id='word_1_229' title='bbox 1074 2314 1172 2353; x_wconf 87' lang='lat' dir='ltr'>alias</span> <span class='ocrx_word' id='word_1_230' title='bbox 1212 2314 1373 2352; x_wconf 87' lang='lat' dir='ltr'>ostendi</span> <span class='ocrx_word' id='word_1_231' title='bbox 1409 2313 1539 2352; x_wconf 89' lang='lat' dir='ltr'>modo</span> <span class='ocrx_word' id='word_1_232' title='bbox 1573 2310 1793 2367; x_wconf 86' lang='lat' dir='ltr'>opposito)</span> 
     </span>
     <span class='ocr_line' id='line_1_36' title="bbox 475 2382 1850 2436; baseline 0 -14"><span class='ocrx_word' id='word_1_233' title='bbox 475 2383 615 2436; x_wconf 82' lang='lat' dir='ltr'>quoad</span> <span class='ocrx_word' id='word_1_234' title='bbox 666 2383 896 2435; x_wconf 85' lang='lat' dir='ltr'>primatum</span> <span class='ocrx_word' id='word_1_235' title='bbox 953 2383 1019 2421; x_wconf 86' lang='lat' dir='ltr'>vel</span> <span class='ocrx_word' id='word_1_236' title='bbox 1070 2382 1280 2421; x_wconf 86' lang='lat' dir='ltr'>honorem</span> <span class='ocrx_word' id='word_1_237' title='bbox 1331 2383 1470 2422; x_wconf 90' lang='lat' dir='ltr'>seculi.</span> <span class='ocrx_word' id='word_1_238' title='bbox 1540 2383 1636 2421; x_wconf 86' lang='lat' dir='ltr'>Ideo</span> <span class='ocrx_word' id='word_1_239' title='bbox 1695 2382 1850 2422; x_wconf 80' lang='lat' dir='ltr'>dicit30</span> 
     </span>
     <span class='ocr_line' id='line_1_37' title="bbox 476 2452 1790 2504; baseline -0.002 -13"><span class='ocrx_word' id='word_1_240' title='bbox 476 2452 782 2492; x_wconf 84' lang='lat' dir='ltr'>Crisostomus:</span> <span class='ocrx_word' id='word_1_241' title='bbox 828 2453 1034 2492; x_wconf 81' lang='lat' dir='ltr'>Fructum</span> <span class='ocrx_word' id='word_1_242' title='bbox 1076 2453 1329 2492; x_wconf 80' lang='lat' dir='ltr'>humilitatis</span> <span class='ocrx_word' id='word_1_243' title='bbox 1366 2454 1513 2504; x_wconf 78' lang='lat' dir='ltr'>posuit</span> <span class='ocrx_word' id='word_1_244' title='bbox 1550 2453 1790 2503; x_wconf 73' lang='lat' dir='ltr'>primatum</span> 
     </span>
     <span class='ocr_line' id='line_1_38' title="bbox 1040 2553 1207 2581; baseline 0.006 -1"><span class='ocrx_word' id='word_1_245' title='bbox 1040 2553 1207 2581; x_wconf 68' lang='lat' dir='ltr'>ass‘eccione</span> 
     </span>
     <span class='ocr_line' id='line_1_39' title="bbox 1040 2600 1371 2636; baseline 0 -9"><span class='ocrx_word' id='word_1_246' title='bbox 1040 2600 1185 2636; x_wconf 81' lang='lat' dir='ltr'>passione</span> <span class='ocrx_word' id='word_1_247' title='bbox 1205 2600 1371 2635; x_wconf 83' lang='lat' dir='ltr'>corporali.</span> 
     </span>
     <span class='ocr_line' id='line_1_40' title="bbox 475 2646 1791 2683; baseline -0.001 -9"><span class='ocrx_word' id='word_1_248' title='bbox 475 2647 656 2675; x_wconf 77' lang='lat' dir='ltr'>Martirium.</span> <span class='ocrx_word' id='word_1_249' title='bbox 800 2656 829 2683; x_wconf 87' lang='lat'>9.</span> <span class='ocrx_word' id='word_1_250' title='bbox 850 2647 878 2674; x_wconf 89' lang='lat' dir='ltr'><strong>A</strong></span> <span class='ocrx_word' id='word_1_251' title='bbox 900 2647 929 2674; x_wconf 86' lang='lat' dir='ltr'>in</span> <span class='ocrx_word' id='word_1_252' title='bbox 951 2655 1066 2682; x_wconf 63' lang='lat' dir='ltr'>marg:</span> <span class='ocrx_word' id='word_1_253' title='bbox 1097 2646 1262 2674; x_wconf 77' lang='lat' dir='ltr'>humilitas.</span> <span class='ocrx_word' id='word_1_254' title='bbox 1298 2646 1318 2673; x_wconf 72' lang='lat' dir='ltr'>B</span> <span class='ocrx_word' id='word_1_255' title='bbox 1343 2647 1371 2674; x_wconf 89' lang='lat' dir='ltr'>in</span> <span class='ocrx_word' id='word_1_256' title='bbox 1395 2655 1488 2681; x_wconf 66' lang='lat' dir='ltr'>marg.</span> <span class='ocrx_word' id='word_1_257' title='bbox 1520 2654 1600 2673; x_wconf 83' lang='lat' dir='ltr'>man.</span> <span class='ocrx_word' id='word_1_258' title='bbox 1625 2646 1693 2673; x_wconf 82' lang='lat' dir='ltr'>alt.:</span> <span class='ocrx_word' id='word_1_259' title='bbox 1726 2646 1791 2673; x_wconf 89' lang='lat' dir='ltr'>Pri-</span> 
     </span>
     <span class='ocr_line' id='line_1_41' title="bbox 476 2691 1791 2728; baseline -0.002 -7"><span class='ocrx_word' id='word_1_260' title='bbox 476 2699 577 2721; x_wconf 75' lang='lat' dir='ltr'>matus</span> <span class='ocrx_word' id='word_1_261' title='bbox 600 2699 645 2721; x_wconf 85' lang='lat' dir='ltr'>est</span> <span class='ocrx_word' id='word_1_262' title='bbox 665 2694 782 2721; x_wconf 75' lang='lat' dir='ltr'>fructus</span> <span class='ocrx_word' id='word_1_263' title='bbox 804 2693 995 2721; x_wconf 79' lang='lat' dir='ltr'>humilitatis.</span> <span class='ocrx_word' id='word_1_264' title='bbox 1138 2702 1179 2728; x_wconf 86' lang='lat'>¹9·</span> <span class='ocrx_word' id='word_1_265' title='bbox 1201 2698 1321 2727; x_wconf 79' lang='lat' dir='ltr'>tamen3</span> <span class='ocrx_word' id='word_1_266' title='bbox 1343 2698 1406 2720; x_wconf 79' lang='lat' dir='ltr'>tum</span> <span class='ocrx_word' id='word_1_267' title='bbox 1430 2692 1459 2719; x_wconf 91' lang='lat' dir='ltr'>in</span> <span class='ocrx_word' id='word_1_268' title='bbox 1482 2692 1574 2719; x_wconf 83' lang='lat' dir='ltr'>codd.</span> <span class='ocrx_word' id='word_1_269' title='bbox 1705 2691 1747 2718; x_wconf 80' lang='lat'>23.</span> <span class='ocrx_word' id='word_1_270' title='bbox 1770 2693 1791 2718; x_wconf 84' lang='grc' dir='ltr'>Β</span> 
     </span>
    </p>
   </div>
   <div class='ocr_carea' id='block_1_7' title="bbox 476 2737 1792 2820">
    <p class='ocr_par' dir='ltr' id='par_1_10' title="bbox 476 2737 1792 2820">
     <span class='ocr_line' id='line_1_42' title="bbox 476 2737 1792 2774; baseline -0.001 -7"><span class='ocrx_word' id='word_1_271' title='bbox 476 2741 504 2767; x_wconf 79' lang='lat' dir='ltr'>in</span> <span class='ocrx_word' id='word_1_272' title='bbox 529 2749 626 2774; x_wconf 66' lang='lat' dir='ltr'>marg.</span> <span class='ocrx_word' id='word_1_273' title='bbox 649 2749 730 2767; x_wconf 83' lang='lat' dir='ltr'>man.</span> <span class='ocrx_word' id='word_1_274' title='bbox 753 2742 821 2767; x_wconf 83' lang='lat' dir='ltr'>alt.:</span> <span class='ocrx_word' id='word_1_275' title='bbox 843 2740 1060 2767; x_wconf 80' lang='lat' dir='ltr'>Mcnciendum</span> <span class='ocrx_word' id='word_1_276' title='bbox 1085 2748 1143 2767; x_wconf 85' lang='lat' dir='ltr'>non</span> <span class='ocrx_word' id='word_1_277' title='bbox 1166 2745 1211 2767; x_wconf 83' lang='lat' dir='ltr'>est</span> <span class='ocrx_word' id='word_1_278' title='bbox 1232 2740 1260 2766; x_wconf 83' lang='lat' dir='ltr'>in</span> <span class='ocrx_word' id='word_1_279' title='bbox 1284 2748 1375 2766; x_wconf 77' lang='lat' dir='ltr'>causa</span> <span class='ocrx_word' id='word_1_280' title='bbox 1398 2739 1587 2766; x_wconf 85' lang='lat' dir='ltr'>devocionis.</span> <span class='ocrx_word' id='word_1_281' title='bbox 1698 2737 1744 2765; x_wconf 82' lang='lat'>30.</span> <span class='ocrx_word' id='word_1_282' title='bbox 1765 2740 1792 2766; x_wconf 90' lang='lat' dir='ltr'><strong>A</strong></span> 
     </span>
     <span class='ocr_line' id='line_1_43' title="bbox 476 2787 893 2820; baseline 0 -7"><span class='ocrx_word' id='word_1_283' title='bbox 476 2787 503 2813; x_wconf 82' lang='lat' dir='ltr'>in</span> <span class='ocrx_word' id='word_1_284' title='bbox 528 2795 644 2820; x_wconf 43' lang='lat' dir='ltr'>marga</span> <span class='ocrx_word' id='word_1_285' title='bbox 668 2787 893 2814; x_wconf 83' lang='lat' dir='ltr'>Crisostomus.</span> 
     </span>
    </p>
   </div>
   <div class='ocr_carea' id='block_1_8' title="bbox 527 2575 1790 2612">
    <p class='ocr_par' dir='ltr' id='par_1_11' title="bbox 527 2575 1790 2612">
     <span class='ocr_line' id='line_1_44' title="bbox 527 2575 1790 2612; baseline -0.002 -7"><span class='ocrx_word' id='word_1_286' title='bbox 527 2578 551 2606; x_wconf 76' lang='lat'>3.</span> <span class='ocrx_word' id='word_1_287' title='bbox 588 2579 615 2605; x_wconf 83' lang='lat' dir='ltr'><strong>A</strong></span> <span class='ocrx_word' id='word_1_288' title='bbox 636 2578 664 2605; x_wconf 90' lang='lat' dir='ltr'>in</span> <span class='ocrx_word' id='word_1_289' title='bbox 694 2585 806 2612; x_wconf 61' lang='lat' dir='ltr'>marg:</span> <span class='ocrx_word' id='word_1_290' title='bbox 839 2577 944 2604; x_wconf 79' lang='lat' dir='ltr'>Martir</span> <span class='ocrx_word' id='word_1_291' title='bbox 966 2577 1019 2612; x_wconf 84' lang='lat'>&lt;</span> <span class='ocrx_word' id='word_1_292' title='bbox 1400 2577 1420 2603; x_wconf 86' lang='lat' dir='ltr'>B</span> <span class='ocrx_word' id='word_1_293' title='bbox 1446 2577 1475 2604; x_wconf 86' lang='lat' dir='ltr'>in</span> <span class='ocrx_word' id='word_1_294' title='bbox 1498 2584 1594 2611; x_wconf 82' lang='lat' dir='ltr'>marg.</span> <span class='ocrx_word' id='word_1_295' title='bbox 1617 2583 1699 2603; x_wconf 86' lang='lat' dir='ltr'>man.</span> <span class='ocrx_word' id='word_1_296' title='bbox 1722 2575 1790 2602; x_wconf 51' lang='lat' dir='ltr'>alta</span> 
     </span>
    </p>
   </div>
   <div class='ocr_carea' id='block_1_9' title="bbox 537 2868 1482 2912">
    <p class='ocr_par' dir='ltr' id='par_1_12' title="bbox 537 2868 1482 2912">
     <span class='ocr_line' id='line_1_45' title="bbox 537 2868 1482 2912; baseline -0.001 -13"><span class='ocrx_word' id='word_1_297' title='bbox 537 2870 588 2900; x_wconf 65' lang='lat'>30.</span> <span class='ocrx_word' id='word_1_298' title='bbox 618 2870 716 2912; x_wconf 88' lang='lat' dir='ltr'>Opus</span> <span class='ocrx_word' id='word_1_299' title='bbox 745 2870 990 2912; x_wconf 81' lang='lat' dir='ltr'>Imperfectum</span> <span class='ocrx_word' id='word_1_300' title='bbox 1032 2871 1051 2901; x_wconf 92' lang='lat' dir='ltr'>I.</span> <span class='ocrx_word' id='word_1_301' title='bbox 1092 2880 1132 2909; x_wconf 79' lang='lat' dir='ltr'>c,</span> <span class='ocrx_word' id='word_1_302' title='bbox 1171 2879 1247 2911; x_wconf 85' lang='lat' dir='ltr'>pag.</span> <span class='ocrx_word' id='word_1_303' title='bbox 1288 2869 1405 2900; x_wconf 81' lang='lat' dir='ltr'>CLIII.</span> <span class='ocrx_word' id='word_1_304' title='bbox 1446 2868 1482 2899; x_wconf 92' lang='lat' dir='ltr'>C.</span> 
     </span>
    </p>
   </div>
  </div>
 </body>
</html>
