2051 3273
214 203 302 233 CAP.
326 194 408 252 xx]
701 207 761 240 DE
789 209 1022 241 ECCLESIA.

64 324 103 357 M
126 312 325 368 195claicis
341 321 559 365 tamquam
574 311 825 352 vestimento
844 312 1083 365 qualificato
1101 312 1210 352 varie
1234 313 1314 353 sint
1329 323 1521 354 contexta

214 391 253 421 et
276 391 465 421 matrona
486 381 562 420 ista
581 380 876 420 vestimentum
891 381 972 420 hoc
986 381 1148 421 varium
1170 382 1212 421 in
1229 397 1270 422 se
1293 384 1519 435 contexuit,

213 460 326 504 patet
359 452 473 504 quod
507 450 780 503 stragulatam
811 458 969 490 vestem
1008 451 1104 491 fecit
1142 451 1231 504 sibi,
1270 461 1309 492 et
1341 466 1438 492 cum
1470 453 1519 492 de

212 531 392 574 utroque
437 520 629 559 membro
675 519 756 558 sint
807 520 873 559 alii
919 520 1153 574 virginitate
1205 522 1368 561 candidi
1413 522 1520 563 sicut

179 591 373 643 5byssus,
413 589 479 628 alii
513 597 653 628 autern
687 598 905 628 vernantes
939 589 1126 629 martirio
1165 599 1382 644 tamquam
1420 605 1517 644 pur-

213 673 332 712 pura,
379 658 568 698 Christus
613 667 755 697 autem
798 658 977 698 amictus
1025 659 1077 699 sit
1120 668 1299 713 utroque
1342 661 1518 701 istorum

210 727 422 767 luminum
466 727 571 767 sicut
602 727 867 779 vestimento,
914 737 1027 781 patet
1064 730 1178 782 quod
1216 729 1305 782 ipsa
1342 730 1518 770 induens

211 797 427 838 Christum
459 797 583 836 habet
605 798 779 851 byssum
802 806 840 836 et
862 811 1096 850 purpuram
1118 799 1380 850 vestimenta,
1413 799 1519 840 sicut

211 876 249 906 et
291 867 415 906 habet
459 867 509 906 de
553 866 728 906 candida
772 866 912 906 anima
958 867 1112 908 Christi
1157 877 1196 908 et
1241 868 1328 908 eius
1373 878 1518 909 natura

157 956 194 979 ιο
210 950 409 989 corporea
442 936 659 976 rubricata.

153 1016 195 1049 12
270 1008 329 1045 Ex
361 1006 446 1046 istis
479 1006 667 1059 sequitur
698 1006 951 1046 duodecimo
981 1008 1094 1060 quod
1128 1007 1279 1047 nobilis
1313 1008 1353 1046 in
1379 1011 1519 1061 portis

209 1077 274 1116 vir
295 1077 398 1124 eius,
425 1076 591 1129 quando
613 1076 770 1116 sederit
791 1089 884 1115 cum
908 1077 1177 1116 senatoribus
1200 1083 1334 1126 tert·e;
1355 1086 1520 1130 oportet

209 1146 321 1185 enim
359 1154 446 1184 tam
490 1160 537 1185 ex
580 1154 695 1198 parte
735 1147 947 1185 bonorum
987 1160 1115 1199 quam
1154 1147 1364 1186 malorum
1403 1148 1519 1201 quod

210 1215 285 1255 iste
331 1229 472 1255 cursus
506 1214 632 1254 finem
667 1216 828 1266 habeat,
863 1225 902 1256 et
933 1230 1006 1269 per
1038 1230 1312 1270 consequens,
1352 1225 1519 1269 oportet

155 1295 191 1327 15
210 1284 275 1339 (ut
307 1284 456 1324 dicitur
480 1285 580 1325 Isaie
610 1286 696 1337 1110,
737 1282 802 1340 14)
836 1287 951 1339 quod
982 1287 1049 1326 vir
1079 1287 1217 1326 veniat
1237 1286 1294 1326 ad
1315 1287 1516 1326 iudicium

207 1368 300 1394 cum
325 1354 563 1395 senioribus
588 1356 744 1407 populi
772 1356 853 1396 sui.
877 1356 998 1396 Unde
1031 1365 1070 1395 et
1092 1356 1265 1396 Matthei
1288 1357 1438 1408 XXV0‚
1465 1356 1509 1394 31

207 1423 375 1463 dicitur:
413 1423 516 1463 Cum
549 1425 710 1464 venerit
725 1424 854 1477 filius
886 1425 1066 1465 hominis
1099 1426 1141 1464 in
1180 1427 1400 1466 maiestate
1436 1439 1516 1466 sua

206 1499 246 1532 et
287 1506 431 1533 omnes
473 1494 619 1547 angeli
662 1494 751 1533 eius
794 1507 888 1533 cum
933 1508 994 1545 eo,
1043 1501 1143 1534 tunc
1185 1495 1348 1534 sedebit
1385 1509 1518 1547 super

204 1562 345 1602 sedem
390 1564 624 1603 maiestatis
665 1577 742 1603 sue
785 1570 825 1603 et
860 1564 1245 1617 congregabuntur
1284 1571 1382 1605 ante
1421 1578 1515 1605 eccm

149 1653 191 1674 20
207 1645 351 1672 Omnes
392 1638 553 1685 gentes.
599 1633 737 1672 Locus
785 1642 927 1673 autem
971 1633 1111 1672 iudicii
1162 1643 1301 1686 potest
1344 1643 1517 1687 propter

206 1701 440 1755 pateticiam
492 1710 530 1740 et
582 1701 802 1741 introitum
844 1702 885 1741 in
932 1702 1141 1742 civitatem
1181 1703 1392 1756 duplicem
1436 1704 1516 1744 dici

204 1780 339 1825 porte.
374 1772 497 1810 Tunc
530 1771 687 1824 patebit
719 1771 871 1811 Christi
910 1772 1103 1811 nobilitas
1136 1773 1274 1825 primo
1306 1773 1347 1812 in
1381 1773 1516 1813 forma

207 1840 363 1894 duplici
402 1841 542 1893 quoad
575 1854 618 1879 se
648 1840 804 1893 ipsum,
837 1843 1022 1880 secundo
1055 1841 1097 1880 in
1129 1842 1247 1881 totali
1280 1856 1354 1881 sua
1386 1844 1513 1882 eccle-

205 1910 264 1949 sia
307 1910 393 1949 sine
440 1909 603 1949 macula
647 1910 712 1948 Vel
756 1924 858 1963 ruga
902 1912 1043 1964 quoad
1076 1925 1195 1950 suam
1229 1911 1443 1963 familiam,
1476 1922 1516 1952 et

149 1979 332 2021 25tercio
366 1979 407 2017 in
440 1979 685 2032 expulsione
717 1980 821 2018 servi
844 1980 1123 2033 dampnabilis
1154 1980 1381 2031 inhonesti,
1415 1981 1512 2034 quia

205 2049 292 2088 eius
325 2048 518 2088 nobilitas
562 2063 648 2088 non
682 2049 778 2089 sinit
811 2049 1173 2090 cohabitacionem
1213 2050 1392 2089 malefici
1423 2050 1514 2090 talis

205 2127 452 2171 perpetuam
506 2132 581 2157 nec
633 2128 793 2158 tantam
852 2119 1047 2158 iniuriam
1098 2119 1366 2173 impunitam.
1432 2120 1514 2159 Sed

205 2201 510 2240 cognoscamus
543 2189 659 2241 quod
698 2188 831 2228 dictus
868 2189 1162 2242 paterfamilias
1201 2189 1343 2242 posuit
1378 2203 1512 2229 excre-

203 2257 409 2296 scenciam
432 2258 481 2296 de
514 2271 689 2310 corpore
712 2271 784 2297 sue
808 2258 997 2312 coniugis
1019 2259 1060 2297 in
1085 2259 1307 2299 cuiuslibet
1330 2259 1512 2298 hominis

144 2326 329 2367 islibera
361 2335 578 2379 potestate.
613 2327 710 2366 Ideo
743 2327 1039 2366 terciodecimo
1073 2328 1345 2368 subinfertur:
1400 2328 1512 2380 Syn-

203 2395 353 2434 donem
371 2395 485 2448 fecit
506 2402 544 2434 et
564 2395 750 2435 vendidit
771 2402 810 2436 et
830 2397 1050 2449 cingulum
1074 2397 1251 2436 tradidit
1268 2398 1511 2438 Chananeo.

203 2465 449 2518 Syndonem
514 2464 701 2517 intelligo
771 2465 1009 2505 doctrinam
1079 2466 1361 2518 evangelicam
1431 2481 1514 2520 qua

203 2543 420 2586 tamquam
457 2534 569 2573 lineo
608 2533 860 2573 vestimento
902 2534 1131 2587 purissimo
1164 2543 1204 2574 et
1236 2536 1511 2576 subtilissimo

203 2602 368 2642 animus
392 2602 601 2643 induatur.
630 2603 830 2643 Vendidit
851 2611 994 2643 autem
1025 2604 1227 2656 spirituali
1249 2596 1510 2657 vendicione,

254 2744 274 2763 1.
294 2737 323 2765 A
341 2738 398 2772 Al:
418 2742 501 2765 sunt.
598 2747 627 2771 4.
643 2739 671 2766 A
684 2739 741 2773 Al:
758 2742 839 2766 sunt.
932 2739 961 2766 6.
981 2739 1022 2766 B:
1043 2739 1171 2768 amicus.
1268 2748 1308 2767 12.
1331 2740 1370 2767 B:
1386 2739 1512 2775 quando

201 2781 328 2810 dederit.
441 2782 486 2811 28.
501 2791 547 2819 29.
564 2785 820 2812 excrescenciam.
841 2784 887 2812 A:
908 2790 1029 2819 exc⁸³m;
1050 2785 1090 2813 B:
1111 2785 1322 2813 existentibus.
1396 2786 1443 2819 34.
1466 2785 1508 2812 B:

200 2832 303 2856 autem
323 2845 355 2848 —
374 2829 411 2857 ad
432 2830 526 2857 deest.

1594 1016 1691 1043 Verse
1712 1017 1753 1044 23.

1548 1050 1652 1078 Christ
1671 1051 1730 1078 will
1752 1052 1790 1079 sit

1552 1086 1582 1112 in
1603 1086 1653 1113 the
1673 1092 1741 1121 gato
1761 1092 1790 1113 at

1581 1121 1630 1147 the
1652 1121 1711 1156 day
1729 1121 1764 1148 of

1586 1155 1759 1191 judgment.

1581 2346 1678 2375 Verse
1700 2356 1747 2382 24.

1574 2381 1642 2409 The
1665 2383 1747 2410 lineri

1571 2421 1712 2451 garment
1732 2417 1756 2444 is

1570 2460 1644 2478 evan
1671 2452 1757 2479 elica}

1586 2491 1652 2513 teac
1677 2486 1740 2520 ing.
