2051 3273
204 187 281 225 568
904 194 1126 227 JOHANNIS
1151 193 1347 226 WYCLIF.
1558 179 1666 237 [CAP.
1687 189 1796 218 xxm.

487 298 720 350 infirmum,
766 300 838 338 sed
886 299 1047 349 Simon,
1099 299 1198 352 quia
1250 297 1472 337 affectabat
1531 297 1793 350 temporalia,
1812 307 1946 341 205⁰K

487 369 621 408 caruit
636 368 868 421 apostolica
884 377 1093 420 potestate
1109 368 1174 423 (ut
1190 375 1305 420 patet
1319 371 1411 406 Act.
1429 364 1580 420 V1110).
1600 367 1795 419 Apostoli

488 438 598 477 enim
632 437 833 476 denudati
872 437 923 475 ab
958 436 1184 476 affeccione
1217 437 1520 490 temporalium
1553 436 1797 475 habuerunt

487 520 613 560 super
657 507 714 545 eis
759 506 1025 558 spiritualem
1070 515 1325 558 potestatem
1371 515 1497 559 atque
1543 505 1795 546 dominium.

244 585 302 613 We
322 586 363 613 do
386 589 437 612 not
546 577 662 626 Item,
694 576 928 615 secundum
958 576 1177 615 doctorem
1209 575 1318 615 beati
1341 589 1426 615 non
1451 575 1641 614 fecerunt
1665 574 1797 614 deter-
1813 586 1837 619 5

200 620 473 683 iffeoriistliztvtehrigi
487 647 645 686 minate
667 641 913 685 huiusmodi
929 646 1357 699 superhabundancia
1373 659 1501 698 opera
1517 644 1797 685 satisfactoria

202 691 276 717 been
310 689 564 769 ass1gned3pro
599 716 680 755 isto
716 717 779 755 vel
811 716 892 755 isto
927 716 999 769 qui
1034 715 1285 755 remissione
1319 716 1495 768 indiget,
1534 715 1630 754 ideo
1670 723 1798 754 restat

487 795 534 824 ut
558 787 672 825 Deus
696 785 962 838 derelinquat
986 785 1142 824 vicario
1165 798 1244 824 suo
1268 786 1308 824 in
1333 785 1454 825 terris
1479 785 1796 824 distributivam

489 863 743 908 potestatem
788 855 899 894 illius
944 855 1133 894 thesauri
1172 855 1314 907 egenis
1354 854 1547 905 ecclesie;
1581 854 1655 893 sed
1695 853 1799 893 illud

489 924 657 963 videtur
688 924 979 977 multipliciter
1014 924 1250 977 palliatum,
1283 937 1382 977 ergo
1416 923 1626 977 posicioni
1659 922 1857 962 deficitio

490 993 832 1033 fundamentum.
866 994 1008 1033 Minor
1040 995 1250 1046 probatur
1280 994 1433 1046 primo,
1460 1007 1535 1047 per
1569 993 1648 1032 hoc
1682 993 1798 1046 quod

490 1076 596 1116 eque
645 1063 924 1115 probabiliter
974 1063 1185 1115 contingit
1229 1064 1474 1117 sompniare
1527 1063 1643 1116 quod
1696 1063 1799 1101 tales

491 1133 601 1172 beati
648 1133 929 1172 determinate
974 1132 1164 1172 fecerunt
1213 1134 1290 1172 ista
1344 1146 1473 1185 opera
1525 1145 1800 1185 supereroga—

491 1202 622 1241 cionis
656 1215 732 1254 pro
765 1202 836 1242 illo
870 1202 942 1255 qui
976 1202 1032 1241 eis
1068 1202 1307 1255 participet,
1338 1203 1446 1241 sicut
1479 1202 1596 1256 quod
1630 1201 1800 1254 reliquit

490 1285 659 1324 papam,
676 1272 791 1325 quod
808 1273 898 1324 ipsa
915 1271 1164 1323 distribuat;
1182 1272 1277 1310 ideo
1302 1272 1471 1311 videtur
1495 1271 1578 1324 peti
1603 1271 1797 1323 ignotum
1819 1279 1856 1312 15

489 1355 564 1394 per
587 1341 793 1393 ignocius.
817 1341 1016 1380 Secundo
1039 1341 1138 1394 quia
1162 1341 1263 1380 dicti
1286 1342 1418 1380 sancti
1450 1341 1641 1381 fecerunt
1671 1353 1800 1392 opera

491 1425 565 1451 sua
600 1424 648 1450 ex
680 1411 829 1450 maiori
863 1412 1003 1463 gracia
1037 1424 1166 1464 quam
1201 1410 1281 1450 fuit
1314 1411 1383 1450 illa
1417 1411 1458 1450 in
1490 1423 1574 1463 qua
1608 1423 1797 1449 commu-

491 1481 600 1520 niter
636 1481 785 1521 vivunt
817 1494 941 1533 pape,
972 1481 1070 1519 ideo
1103 1480 1331 1519 verisimile
1364 1488 1426 1519 est
1459 1479 1574 1533 quod
1607 1479 1800 1519 fecerunt

491 1551 581 1604 ipsa
613 1550 902 1603 principaliter
941 1563 1019 1602 pro
1060 1550 1245 1602 ecclesia,
1287 1549 1566 1602 relinquendo
1599 1549 1799 1590 distribu-

204 1620 478 1692 ³⁵sgssgsslesshtg¹fey
493 1620 659 1659 cionem
710 1620 854 1658 divino
909 1619 1107 1670 arbitrio;
1160 1619 1240 1658 hoc
1291 1619 1403 1658 enirn
1449 1627 1511 1659 est
1554 1619 1799 1670 habilitatis,
1816 1637 1858 1659 20

217 1666 294 1719 gaen
317 1692 356 1728 by
376 1690 458 1718 G0d·
492 1689 703 1742 sapiencie
736 1697 776 1728 et
809 1689 1086 1728 necessitatis.
1115 1688 1198 1728 Sed
1233 1697 1333 1728 tunc
1368 1688 1564 1728 fecissent
1602 1689 1800 1728 determi-

494 1769 590 1799 nate
620 1771 697 1812 pro
721 1758 799 1798 illis
823 1758 874 1797 ad
896 1771 1004 1811 quos
1030 1759 1143 1797 Deus
1166 1758 1335 1810 limitat,
1359 1772 1459 1810 ergo
1483 1758 1709 1798 verisimile
1742 1766 1802 1797 est

493 1828 609 1882 quod
633 1836 883 1868 meruerunt
907 1827 1189 1867 determinate
1222 1841 1299 1880 pro
1331 1828 1426 1879 illis,
1458 1836 1497 1867 et
1520 1828 1599 1867 hoc
1631 1836 1692 1867 est
1716 1830 1801 1868 cer-

493 1908 584 1937 tum
609 1897 751 1951 quoad
775 1897 1180 1937 determinacionem
1196 1897 1384 1936 divinam
1409 1897 1477 1937 cui
1495 1905 1665 1950 oportet
1680 1905 1801 1939 stare.

206 1970 275 1998 God
298 1970 353 1997 has
374 1976 477 2007 preos—
551 1967 722 2019 Tercio,
747 1967 848 2019 quia
872 1967 983 2006 beati
1007 1967 1153 2006 vident
1186 1967 1387 2006 continue
1422 1968 1461 2005 in
1493 1968 1623 2006 verbo
1646 1967 1800 2021 quibus
1816 1979 1848 2011 L

206 2005 316 2033 dained
348 2005 420 2031 who
452 2011 478 2030 is

235 2038 456 2107 ttgeffiffggffge
495 2038 646 2076 merita
689 2050 764 2076 sua
811 2035 1050 2089 proficient,
1095 2036 1204 2076 sicut
1246 2036 1486 2076 eternaliter
1519 2038 1632 2077 Deus
1666 2050 1804 2076 neces-

208 2108 477 2178 isf‘offibsefffifgffi
495 2107 603 2146 sario
660 2107 858 2146 limitavit
909 2106 1063 2159 quibus
1109 2104 1346 2159 proficient.
1396 2106 1479 2145 Sed
1520 2106 1632 2146 Deus
1676 2107 1804 2146 nichil

496 2177 594 2217 facit
627 2175 893 2229 superfluum
927 2176 1014 2215 sive
1048 2176 1346 2227 inconsonum,
1386 2190 1485 2228 ergo
1519 2189 1601 2216 non
1637 2175 1804 2229 reliquit

497 2255 755 2300 potestatem
788 2246 875 2285 suis
909 2245 1075 2284 vicariis
1109 2246 1161 2284 ad
1201 2245 1281 2285 ista
1314 2245 1514 2298 suffragia
1547 2246 1803 2285 distribuen-

498 2317 613 2355 dum.
671 2315 946 2368 Superfluum
1002 2315 1111 2365 dico,
1167 2315 1263 2369 quia
1315 2328 1363 2354 eo
1423 2316 1514 2367 ipso
1558 2329 1644 2369 quo
1691 2316 1803 2356 Deus
1820 2323 1862 2355 30

497 2385 669 2424 ordinat
700 2386 766 2424 vel
798 2384 953 2424 limitat
986 2385 1101 2437 quod
1134 2384 1202 2424 isti
1237 2385 1301 2424 vel
1339 2385 1407 2424 isti
1446 2384 1639 2437 proficiet
1671 2385 1804 2424 sancti

499 2454 761 2507 suffragium,
811 2468 861 2493 eo
894 2454 986 2506 ipso
1020 2453 1077 2493 sic
1111 2452 1304 2507 proficiet
1338 2464 1378 2494 et
1410 2455 1529 2494 aliter
1562 2467 1661 2507 non,
1700 2467 1804 2507 quo-

500 2525 803 2576 modocunque
856 2537 964 2577 papa
1018 2523 1264 2564 decreverit.
1318 2524 1417 2562 ldeo
1469 2523 1577 2564 foret
1629 2524 1805 2562 omnino

500 2593 767 2646 superfluum
802 2594 1037 2646 relinquere
1072 2606 1178 2645 pape
1213 2593 1459 2632 huiusmodi
1493 2592 1804 2632 distributivam

502 2671 777 2715 potestatem;
812 2676 895 2701 non
918 2663 1029 2702 enim
1063 2663 1171 2715 sapit
1198 2663 1314 2716 quod
1347 2676 1472 2715 super
1505 2663 1673 2701 decreto
1700 2675 1806 2714 pape
1823 2669 1861 2701 35

551 2809 581 2838 6.
601 2809 660 2837 and
679 2809 726 2843 34.
748 2808 841 2836 huius
861 2809 893 2836 in
912 2808 1004 2837 codd.
