2051 3273
88 388 126 420 R
150 388 225 430 157⁸

205 665 221 696 5

239 268 328 296 epm.
350 258 416 315 ix]
746 272 804 303 DE
832 271 1064 303 ECCLESJA.
1763 258 1839 297 203

239 390 314 415 nec
343 376 636 428 despiciamus,
670 378 741 415 sed
771 377 964 415 timentes
997 376 1232 415 senciamus
1268 375 1481 414 humiliter
1513 385 1552 414 et

239 459 430 484 amemus
473 446 737 498 generaliter;
795 455 835 485 et
890 446 1033 498 quoad
1084 445 1169 484 duo
1222 444 1457 497 sequencia,
1508 453 1553 482 ut

238 515 457 567 vigilemus
489 530 511 553 a
544 524 715 568 peccato
749 515 948 554 continue
986 523 1025 554 et
1059 514 1228 553 obviam
1262 528 1420 566 sponso
1455 527 1551 552 cum

238 585 332 624 oleo
378 594 416 624 et
448 584 606 623 lumine
649 584 940 624 sollicitissime
986 598 1063 623 nos
1110 598 1318 636 paremus.
1374 584 1425 623 Et
1478 584 1552 623 ista

237 654 478 706 ignorancia
510 663 571 693 est
602 653 821 692 racionalis
854 662 892 693 et
924 653 1111 692 salubris.
1160 654 1256 692 Ideo
1290 653 1552 705 pertinenter

237 724 335 763 dicit
367 737 502 762 canon
535 724 611 762 sub
650 723 895 762 auctoritate
928 723 1153 776 Augustini
1195 723 1362 774 XXIIW,
1402 738 1439 776 q.
1476 725 1550 763 lv:

242 794 441 842 Quantus
473 794 735 846 arrogancie
757 801 900 832 tumor
934 800 1009 844 est,
1044 799 1206 845 quanta
1230 794 1482 832 humilitatis
1515 800 1555 832 et

239 864 426 903 lenitatis
460 863 617 903 oblivio
650 870 896 915 quantaque
929 864 1192 916 arrogancie
1230 864 1458 912 iactancia,
1509 870 1555 902 ut

239 935 334 987 quis
366 946 411 973 se
445 933 596 973 credat
620 947 750 985 posse
768 934 928 988 facere
961 932 1073 985 quod
1105 947 1181 973 nec
1215 934 1422 986 apostolis
1455 946 1552 972 con-

187 1022 223 1043 10
239 1005 365 1044 cessit
387 1004 600 1050 dominus„
617 1011 660 1043 ut
681 1004 881 1057 {izannia
906 1003 1100 1043 videlicet
1134 1018 1158 1042 ιι
1176 1003 1408 1057 frumento
1425 1016 1556 1055 posse

237 1087 282 1113 se
306 1080 428 1126 putet
460 1074 718 1113 discernere.

195 1151 223 1183 S
296 1144 357 1182 Ex
389 1143 476 1183 istis
510 1143 678 1182 formari
713 1152 851 1196 potest
883 1143 977 1182 talis
1010 1143 1139 1182 racio:
1176 1142 1364 1191 Quilibet
1397 1143 1554 1182 christi-
1587 1148 1612 1173 Α
1635 1146 1830 1173 christianis

184 1360 220 1391 15

181 2056 220 2086 25

1582 1182 1620 1208 bo
1648 1181 1686 1208 nd
1713 1187 1744 1208 to
1766 1183 1833 1208 lake

236 1227 340 1253 anus
384 1214 505 1252 debet
549 1213 590 1252 in
634 1213 841 1266 ambiguis
886 1212 997 1252 viam
1044 1213 1286 1265 perplexam
1319 1212 1478 1252 abicere
1517 1222 1556 1252 et
1582 1191 1821 1252 theusureway.

236 1283 347 1321 viam
395 1297 583 1322 securam
629 1284 791 1336 eligere,
827 1283 896 1321 sed
937 1283 1077 1321 omnis
1116 1283 1315 1322 dominus
1360 1283 1554 1322 secularis

237 1354 386 1392 dotans
430 1353 496 1392 vel
539 1353 803 1406 privilegians
848 1353 1063 1392 ecclesiam
1097 1362 1157 1392 est
1195 1352 1442 1392 christianus
1487 1353 1553 1392 cui

237 1423 326 1461 talis
379 1424 531 1475 duplex
575 1423 640 1461 via
684 1423 920 1475 exponitur,
966 1437 1062 1475 ergo
1107 1423 1230 1462 debet
1263 1422 1411 1475 eligere
1443 1423 1555 1461 viam

237 1503 411 1542 cert-‚nm
445 1494 514 1532 sed
550 1504 708 1532 certum
742 1501 802 1532 est
834 1494 951 1545 quod
974 1493 1071 1531 dare
1104 1492 1354 1532 elemosinas
1387 1501 1554 1545 tempo·
1571 1494 1846 1532 Gmngiemporai

236 1564 339 1602 rales
386 1573 446 1602 est
492 1564 557 1601 via
591 1572 710 1612 certa,
746 1564 841 1602 dare
873 1572 1015 1602 autem
1049 1562 1300 1601 elemosinas
1332 1572 1556 1615 perpetuas
1570 1530 1846 1627 ἓῖζὶἕὲἓυῐῖθὲζῐξῖὶῖῗῑ

237 1642 298 1672 est
342 1633 407 1672 via
454 1633 665 1685 ambigua,
713 1646 810 1685 ergo
857 1632 988 1684 prima
1034 1632 1098 1671 via
1138 1631 1297 1671 facilior
1330 1641 1369 1671 et
1403 1633 1557 1672 cercior
1839 1620 1847 1634 '

237 1713 296 1742 est
335 1703 537 1755 eligenda,
590 1702 776 1754 neglecta
822 1702 912 1741 alia.
962 1702 1069 1750 Quis
1114 1716 1244 1754 queso
1297 1713 1557 1754 presumeret

238 1774 345 1811 viam
399 1772 547 1824 eligere
592 1785 663 1824 per
708 1786 836 1824 quam
880 1771 1156 1811 verisimiliter
1201 1773 1364 1812 credere
1417 1782 1557 1825 posset

236 1843 373 1881 Deum
417 1838 649 1880 offendere?
696 1840 802 1889 Quis
846 1841 1016 1894 insuper
1049 1841 1211 1881 dubitat
1250 1842 1351 1895 quin
1385 1857 1431 1881 ex
1464 1857 1554 1895 per-

236 1911 485 1964 petuacione
518 1910 844 1950 elemosinarum
878 1911 1106 1950 fundantur
1137 1912 1228 1951 lites
1269 1922 1307 1951 et
1340 1912 1445 1951 bella
1485 1927 1557 1965 per
1571 1925 1656 1952 since
1678 1922 1796 1950 itleads
1818 1928 1848 1949 to

237 1995 317 2034 que
362 1980 620 2020 subtrahitur
665 1981 810 2033 religio
844 1980 1079 2033 christiana,
1115 1981 1377 2034 originantur
1408 1982 1555 2022 utrim-
1636 1959 1786 1994 quanm,

238 2065 319 2104 que
357 2051 551 2103 superbia
592 2059 630 2090 et
663 2059 796 2090 cetera
828 2051 945 2101 vicia,
978 2050 1020 2089 in
1054 2059 1220 2090 tantum
1254 2052 1369 2105 quod
1403 2052 1555 2091 elemo-

238 2121 415 2161 sinarius
439 2121 616 2173 insurgit
639 2121 786 2160 saltem
810 2121 1087 2160 contencione
1111 2121 1390 2161 cauterizante
1415 2130 1558 2161 contra

238 2190 597 2242 elemosinantem‚
631 2201 670 2231 et
704 2189 839 2246 (quod
872 2200 932 2230 est
961 2190 1210 2245 pessimum)
1244 2191 1558 2244 surrepentibus
1602 2190 1677 2253 31¹¹}ss
1690 2191 1820 2252 iffissfssg

238 2260 381 2299 multis
415 2260 583 2299 discolis
615 2260 710 2299 loco
743 2260 825 2300 veri
859 2260 954 2300 cleri
990 2260 1055 2300 cui
1088 2261 1242 2300 donata
1271 2270 1368 2301 sunt
1392 2271 1557 2314 tempo·
1602 2260 1813 2322 ¹³k{f}f{{ff⁶³¹

238 2329 349 2380 ralia,
389 2329 593 2382 aspiratur
633 2331 683 2368 ad
723 2338 881 2369 statum
912 2339 1084 2383 propter
1115 2331 1347 2384 temporale
1379 2331 1558 2382 lucrum,

182 2428 191 2432 -
239 2408 483 2452 contempto
518 2414 616 2438 vero
650 2398 814 2439 officio?
855 2400 1013 2440 Omnia
1044 2410 1187 2441 autem
1220 2402 1296 2441 ista
1327 2402 1392 2440 vel
1425 2401 1556 2440 extin-

239 2478 465 2520 guerentur
493 2470 557 2508 vel
586 2469 877 2522 mitigarentur
900 2471 996 2509 data
1020 2471 1252 2510 elemosina
1274 2470 1560 2523 temporaliter

240 2538 511 2591 probabiliter
558 2539 698 2591 egenis
749 2539 820 2592 qui
871 2539 1047 2579 fideliter
1098 2551 1344 2593 peragerent
1394 2540 1557 2579 incum—

240 2609 341 2647 bens
382 2608 678 2659 ministerium‚
724 2617 763 2647 et
805 2622 891 2647 non
937 2609 1031 2648 data
1064 2624 1157 2649 cece
1189 2612 1241 2649 ad
1279 2613 1559 2651 securandum

292 2740 321 2764 4,
344 2731 463 2758 C‹)dd.:
494 2730 686 2759 solitissime.
830 2740 866 2758 12.
889 2734 916 2759 A
947 2733 977 2759 in
1009 2741 1124 2768 marg:
1156 2733 1260 2762 Racio.
1405 2736 1442 2763 13.
1466 2736 1492 2762 Α
1523 2736 1552 2763 in

240 2787 354 2815 margi:
375 2779 456 2807 Nota
479 2783 586 2805 contra
602 2778 872 2814 perpetuacionem
892 2780 1073 2807 elemosine.
1215 2783 1261 2809 26.
1284 2781 1323 2809 B:
1346 2782 1555 2809 contenciose,

298 2885 328 2917 (ι.
355 2886 453 2917 Decr.
482 2886 519 2917 Il.
546 2897 589 2928 p.,
616 2895 718 2917 causa
744 2887 844 2924 XXII,
872 2897 904 2928 q.
936 2887 990 2927 lv,
1017 2897 1089 2928 cap.
1115 2887 1187 2918 XV.
