<?xml version="1.0" encoding="UTF-8"?>
<!DOCTYPE html PUBLIC "-//W3C//DTD XHTML 1.0 Transitional//EN"
    "http://www.w3.org/TR/xhtml1/DTD/xhtml1-transitional.dtd">
<html xmlns="http://www.w3.org/1999/xhtml" xml:lang="en" lang="en">
 <head>
  <title>
</title>
<meta http-equiv="Content-Type" content="text/html;charset=utf-8" />
  <meta name='ocr-system' content='tesseract 3.04.00' />
  <meta name='ocr-capabilities' content='ocr_page ocr_carea ocr_par ocr_line ocrx_word'/>
</head>
<body>
  <div class='ocr_page' id='page_1' title='image "./tractatusdeeccle00wycl_0072.png"; bbox 0 0 2051 3343; ppageno 0'>
   <div class='ocr_carea' id='block_1_1' title="bbox 230 197 1829 255">
    <p class='ocr_par' dir='ltr' id='par_1_1' title="bbox 230 197 1829 255">
     <span class='ocr_line' id='line_1_1' title="bbox 230 197 1829 255; baseline -0.015 2"><span class='ocrx_word' id='word_1_1' title='bbox 230 209 280 249; x_wconf 77' lang='lat'><strong>38</strong></span> <span class='ocrx_word' id='word_1_2' title='bbox 938 214 1161 247; x_wconf 74' lang='lat' dir='ltr'>JOHANNIS</span> <span class='ocrx_word' id='word_1_3' title='bbox 1188 212 1381 244; x_wconf 70' lang='lat' dir='ltr'>WYCLIF.</span> <span class='ocrx_word' id='word_1_4' title='bbox 1677 197 1829 255; x_wconf 69' lang='lat' dir='ltr'><strong>[cAmr</strong></span> 
     </span>
    </p>
   </div>
   <div class='ocr_carea' id='block_1_2' title="bbox 230 315 1985 2063">
    <p class='ocr_par' dir='ltr' id='par_1_2' title="bbox 230 315 1985 2063">
     <span class='ocr_line' id='line_1_2' title="bbox 518 315 1985 370; baseline -0.001 -10"><span class='ocrx_word' id='word_1_5' title='bbox 518 322 786 361; x_wconf 84' lang='lat' dir='ltr'><strong>ordinatur</strong></span> <span class='ocrx_word' id='word_1_6' title='bbox 813 319 1046 359; x_wconf 90' lang='lat' dir='ltr'><strong>ordinate</strong></span> <span class='ocrx_word' id='word_1_7' title='bbox 1069 332 1091 357; x_wconf 92' lang='lat' dir='ltr'><strong>a</strong></span> <span class='ocrx_word' id='word_1_8' title='bbox 1114 331 1161 357; x_wconf 88' lang='lat' dir='ltr'><strong>se</strong></span> <span class='ocrx_word' id='word_1_9' title='bbox 1193 317 1306 370; x_wconf 88' lang='lat' dir='ltr'><strong>ipso</strong></span> <span class='ocrx_word' id='word_1_10' title='bbox 1330 325 1376 356; x_wconf 89' lang='lat' dir='ltr'><strong>et</strong></span> <span class='ocrx_word' id='word_1_11' title='bbox 1399 316 1501 356; x_wconf 90' lang='lat' dir='ltr'><strong>suis</strong></span> <span class='ocrx_word' id='word_1_12' title='bbox 1524 315 1833 355; x_wconf 84' lang='lat' dir='ltr'>domesticis.</span> <span class='ocrx_word' id='word_1_13' title='bbox 1853 323 1985 357; x_wconf 74' lang='lat' dir='ltr'>133¹³K</span> 
     </span>
     <span class='ocr_line' id='line_1_3' title="bbox 518 384 1837 442; baseline -0.005 -12"><span class='ocrx_word' id='word_1_14' title='bbox 518 391 615 430; x_wconf 90' lang='lat' dir='ltr'><strong>Ideo</strong></span> <span class='ocrx_word' id='word_1_15' title='bbox 655 398 822 442; x_wconf 82' lang='lat' dir='ltr'>oportet</span> <span class='ocrx_word' id='word_1_16' title='bbox 853 403 901 428; x_wconf 83' lang='lat' dir='ltr'><strong>ex</strong></span> <span class='ocrx_word' id='word_1_17' title='bbox 933 386 1131 440; x_wconf 89' lang='lat' dir='ltr'><strong>operibus</strong></span> <span class='ocrx_word' id='word_1_18' title='bbox 1165 386 1328 425; x_wconf 91' lang='lat' dir='ltr'><strong>credere</strong></span> <span class='ocrx_word' id='word_1_19' title='bbox 1360 386 1476 439; x_wconf 86' lang='lat' dir='ltr'><strong>quod</strong></span> <span class='ocrx_word' id='word_1_20' title='bbox 1507 385 1595 437; x_wconf 90' lang='lat' dir='ltr'><strong>ipse</strong></span> <span class='ocrx_word' id='word_1_21' title='bbox 1627 384 1678 424; x_wconf 91' lang='lat' dir='ltr'><strong>sit</strong></span> <span class='ocrx_word' id='word_1_22' title='bbox 1713 393 1837 437; x_wconf 90' lang='lat' dir='ltr'><strong>caput</strong></span> 
     </span>
     <span class='ocr_line' id='line_1_4' title="bbox 517 454 1837 508; baseline -0.004 -9"><span class='ocrx_word' id='word_1_23' title='bbox 517 469 657 499; x_wconf 87' lang='lat' dir='ltr'><strong>nostre</strong></span> <span class='ocrx_word' id='word_1_24' title='bbox 703 458 885 508; x_wconf 81' lang='lat' dir='ltr'><strong>ecclesie,</strong></span> <span class='ocrx_word' id='word_1_25' title='bbox 941 470 1038 496; x_wconf 93' lang='lat' dir='ltr'><strong>cum</strong></span> <span class='ocrx_word' id='word_1_26' title='bbox 1085 456 1266 496; x_wconf 90' lang='lat' dir='ltr'><strong>mediate</strong></span> <span class='ocrx_word' id='word_1_27' title='bbox 1309 457 1374 495; x_wconf 83' lang='lat' dir='ltr'><strong>vel</strong></span> <span class='ocrx_word' id='word_1_28' title='bbox 1416 455 1657 495; x_wconf 82' lang='lat' dir='ltr'><strong>immediate</strong></span> <span class='ocrx_word' id='word_1_29' title='bbox 1701 454 1837 494; x_wconf 88' lang='lat' dir='ltr'><strong>influit</strong></span> 
     </span>
     <span class='ocr_line' id='line_1_5' title="bbox 517 524 1834 577; baseline -0.005 -9"><span class='ocrx_word' id='word_1_30' title='bbox 517 538 686 568; x_wconf 88' lang='lat' dir='ltr'><strong>motum</strong></span> <span class='ocrx_word' id='word_1_31' title='bbox 718 526 915 567; x_wconf 88' lang='lat' dir='ltr'><strong>tendendi</strong></span> <span class='ocrx_word' id='word_1_32' title='bbox 949 539 1117 565; x_wconf 89' lang='lat' dir='ltr'><strong>sursum</strong></span> <span class='ocrx_word' id='word_1_33' title='bbox 1154 526 1205 564; x_wconf 91' lang='lat' dir='ltr'><strong>ad</strong></span> <span class='ocrx_word' id='word_1_34' title='bbox 1239 538 1390 577; x_wconf 87' lang='lat' dir='ltr'><strong>corpus</strong></span> <span class='ocrx_word' id='word_1_35' title='bbox 1424 524 1590 575; x_wconf 89' lang='lat' dir='ltr'><strong>Christi,</strong></span> <span class='ocrx_word' id='word_1_36' title='bbox 1629 524 1700 563; x_wconf 81' lang='lat' dir='ltr'><strong>ubi</strong></span> <span class='ocrx_word' id='word_1_37' title='bbox 1737 536 1834 563; x_wconf 87' lang='lat' dir='ltr'><strong>con-</strong></span> 
     </span>
     <span class='ocr_line' id='line_1_6' title="bbox 516 584 1869 652; baseline -0.003 -15"><span class='ocrx_word' id='word_1_38' title='bbox 516 598 824 652; x_wconf 78' lang='lat' dir='ltr'><strong>gregabuntur</strong></span> <span class='ocrx_word' id='word_1_39' title='bbox 856 602 894 635; x_wconf 82' lang='lat' dir='ltr'><strong>et</strong></span> <span class='ocrx_word' id='word_1_40' title='bbox 925 584 1090 647; x_wconf 48' lang='lat' dir='ltr'><strong>aquile,</strong></span> <span class='ocrx_word' id='word_1_41' title='bbox 1124 603 1163 634; x_wconf 88' lang='lat' dir='ltr'><strong>et</strong></span> <span class='ocrx_word' id='word_1_42' title='bbox 1195 594 1237 633; x_wconf 86' lang='lat' dir='ltr'><strong>in</strong></span> <span class='ocrx_word' id='word_1_43' title='bbox 1270 594 1378 634; x_wconf 87' lang='lat' dir='ltr'><strong>facto</strong></span> <span class='ocrx_word' id='word_1_44' title='bbox 1413 591 1539 633; x_wconf 78' lang='lat' dir='ltr'><strong>docet</strong></span> <span class='ocrx_word' id='word_1_45' title='bbox 1566 593 1745 632; x_wconf 87' lang='lat' dir='ltr'><strong>mediate</strong></span> <span class='ocrx_word' id='word_1_46' title='bbox 1772 592 1869 633; x_wconf 89' lang='lat' dir='ltr'><strong>vel5</strong></span> 
     </span>
     <span class='ocr_line' id='line_1_7' title="bbox 517 654 1835 717; baseline -0.003 -11"><span class='ocrx_word' id='word_1_47' title='bbox 517 667 758 706; x_wconf 82' lang='lat' dir='ltr'><strong>immediate</strong></span> <span class='ocrx_word' id='word_1_48' title='bbox 791 666 1007 705; x_wconf 83' lang='lat' dir='ltr'><strong>mundana</strong></span> <span class='ocrx_word' id='word_1_49' title='bbox 1040 654 1230 717; x_wconf 89' lang='lat' dir='ltr'><strong>spernere</strong></span> <span class='ocrx_word' id='word_1_50' title='bbox 1255 673 1294 704; x_wconf 91' lang='lat' dir='ltr'><strong>et</strong></span> <span class='ocrx_word' id='word_1_51' title='bbox 1317 663 1457 716; x_wconf 79' lang='lat' dir='ltr'><strong>sapide</strong></span> <span class='ocrx_word' id='word_1_52' title='bbox 1482 662 1633 702; x_wconf 88' lang='lat' dir='ltr'><strong>sentire</strong></span> <span class='ocrx_word' id='word_1_53' title='bbox 1657 661 1835 702; x_wconf 88' lang='lat' dir='ltr'><strong>celestia.</strong></span> 
     </span>
     <span class='ocr_line' id='line_1_8' title="bbox 519 730 1837 785; baseline -0.005 -9"><span class='ocrx_word' id='word_1_54' title='bbox 519 737 598 776; x_wconf 88' lang='lat' dir='ltr'><strong>Ista</strong></span> <span class='ocrx_word' id='word_1_55' title='bbox 630 744 772 775; x_wconf 87' lang='lat' dir='ltr'><strong>autem</strong></span> <span class='ocrx_word' id='word_1_56' title='bbox 803 734 905 774; x_wconf 90' lang='lat' dir='ltr'><strong>fides</strong></span> <span class='ocrx_word' id='word_1_57' title='bbox 939 735 995 774; x_wconf 92' lang='lat' dir='ltr'><strong>de</strong></span> <span class='ocrx_word' id='word_1_58' title='bbox 1039 742 1217 773; x_wconf 89' lang='lat' dir='ltr'><strong>nostro</strong></span> <span class='ocrx_word' id='word_1_59' title='bbox 1263 732 1426 785; x_wconf 87' lang='lat' dir='ltr'><strong>capite</strong></span> <span class='ocrx_word' id='word_1_60' title='bbox 1471 741 1570 771; x_wconf 88' lang='lat' dir='ltr'><strong>tam</strong></span> <span class='ocrx_word' id='word_1_61' title='bbox 1608 730 1837 784; x_wconf 86' lang='lat' dir='ltr'><strong>graciose</strong></span> 
     </span>
     <span class='ocr_line' id='line_1_9' title="bbox 519 800 1840 857; baseline -0.005 -12"><span class='ocrx_word' id='word_1_62' title='bbox 519 815 566 845; x_wconf 89' lang='lat' dir='ltr'><strong>et</strong></span> <span class='ocrx_word' id='word_1_63' title='bbox 597 805 830 857; x_wconf 86' lang='lat' dir='ltr'><strong>legitime</strong></span> <span class='ocrx_word' id='word_1_64' title='bbox 870 803 1015 843; x_wconf 89' lang='lat' dir='ltr'><strong>nobis</strong></span> <span class='ocrx_word' id='word_1_65' title='bbox 1048 804 1163 842; x_wconf 91' lang='lat' dir='ltr'><strong>dato</strong></span> <span class='ocrx_word' id='word_1_66' title='bbox 1197 811 1257 842; x_wconf 88' lang='lat' dir='ltr'><strong>est</strong></span> <span class='ocrx_word' id='word_1_67' title='bbox 1290 802 1493 842; x_wconf 88' lang='lat' dir='ltr'><strong>credenda</strong></span> <span class='ocrx_word' id='word_1_68' title='bbox 1527 814 1624 840; x_wconf 88' lang='lat' dir='ltr'><strong>cum</strong></span> <span class='ocrx_word' id='word_1_69' title='bbox 1656 800 1840 853; x_wconf 82' lang='lat' dir='ltr'><strong>quadam</strong></span> 
     </span>
     <span class='ocr_line' id='line_1_10' title="bbox 518 869 1838 924; baseline -0.005 -11"><span class='ocrx_word' id='word_1_70' title='bbox 518 874 741 914; x_wconf 89' lang='lat' dir='ltr'><strong>formidine</strong></span> <span class='ocrx_word' id='word_1_71' title='bbox 787 874 836 913; x_wconf 91' lang='lat' dir='ltr'><strong>de</strong></span> <span class='ocrx_word' id='word_1_72' title='bbox 881 886 1038 913; x_wconf 90' lang='lat' dir='ltr'><strong>corona</strong></span> <span class='ocrx_word' id='word_1_73' title='bbox 1081 886 1154 912; x_wconf 90' lang='lat' dir='ltr'><strong>sue</strong></span> <span class='ocrx_word' id='word_1_74' title='bbox 1193 872 1327 911; x_wconf 88' lang='lat' dir='ltr'><strong>finalis</strong></span> <span class='ocrx_word' id='word_1_75' title='bbox 1368 869 1691 924; x_wconf 89' lang='lat' dir='ltr'><strong>perseverancie.</strong></span> <span class='ocrx_word' id='word_1_76' title='bbox 1741 869 1838 908; x_wconf 90' lang='lat' dir='ltr'><strong>Ideo</strong></span> 
     </span>
     <span class='ocr_line' id='line_1_11' title="bbox 518 939 1897 992; baseline -0.003 -9"><span class='ocrx_word' id='word_1_77' title='bbox 518 957 685 983; x_wconf 87' lang='lat' dir='ltr'><strong>necesse</strong></span> <span class='ocrx_word' id='word_1_78' title='bbox 730 951 790 982; x_wconf 90' lang='lat' dir='ltr'><strong>est</strong></span> <span class='ocrx_word' id='word_1_79' title='bbox 836 942 958 982; x_wconf 92' lang='lat' dir='ltr'><strong>nobis</strong></span> <span class='ocrx_word' id='word_1_80' title='bbox 1003 942 1217 981; x_wconf 83' lang='lat' dir='ltr'><strong>fructuosa</strong></span> <span class='ocrx_word' id='word_1_81' title='bbox 1261 940 1455 980; x_wconf 84' lang='lat' dir='ltr'><strong>oracione</strong></span> <span class='ocrx_word' id='word_1_82' title='bbox 1499 939 1666 992; x_wconf 88' lang='lat' dir='ltr'><strong>pulsare</strong></span> <span class='ocrx_word' id='word_1_83' title='bbox 1700 939 1897 979; x_wconf 76' lang='lat' dir='ltr'><strong>Deumxo</strong></span> 
     </span>
     <span class='ocr_line' id='line_1_12' title="bbox 519 1008 1841 1064; baseline -0.004 -12"><span class='ocrx_word' id='word_1_84' title='bbox 519 1013 731 1062; x_wconf 86' lang='lat' dir='ltr'><strong>continue,</strong></span> <span class='ocrx_word' id='word_1_85' title='bbox 770 1021 816 1052; x_wconf 90' lang='lat' dir='ltr'><strong>ut</strong></span> <span class='ocrx_word' id='word_1_86' title='bbox 855 1012 943 1064; x_wconf 91' lang='lat' dir='ltr'><strong>ipse</strong></span> <span class='ocrx_word' id='word_1_87' title='bbox 986 1024 1150 1063; x_wconf 89' lang='lat' dir='ltr'><strong>semper</strong></span> <span class='ocrx_word' id='word_1_88' title='bbox 1180 1019 1297 1049; x_wconf 84' lang='lat' dir='ltr'><strong>vacet</strong></span> <span class='ocrx_word' id='word_1_89' title='bbox 1335 1009 1456 1048; x_wconf 90' lang='lat' dir='ltr'><strong>nobis</strong></span> <span class='ocrx_word' id='word_1_90' title='bbox 1490 1018 1528 1048; x_wconf 90' lang='lat' dir='ltr'><strong>et</strong></span> <span class='ocrx_word' id='word_1_91' title='bbox 1561 1008 1683 1061; x_wconf 87' lang='lat' dir='ltr'><strong>eligat</strong></span> <span class='ocrx_word' id='word_1_92' title='bbox 1716 1016 1841 1061; x_wconf 89' lang='lat' dir='ltr'><strong>caput</strong></span> 
     </span>
     <span class='ocr_line' id='line_1_13' title="bbox 231 1078 1841 1135; baseline -0.002 -15"><span class='ocrx_word' id='word_1_93' title='bbox 231 1095 299 1122; x_wconf 73' lang='lat' dir='ltr'><strong>who</strong></span> <span class='ocrx_word' id='word_1_94' title='bbox 314 1094 374 1133; x_wconf 59' lang='lat' dir='ltr'><strong>will</strong></span> <span class='ocrx_word' id='word_1_95' title='bbox 396 1093 504 1132; x_wconf 60' lang='lat' dir='ltr'><strong>doubt·</strong></span> <span class='ocrx_word' id='word_1_96' title='bbox 518 1082 610 1122; x_wconf 85' lang='lat' dir='ltr'><strong>tale.</strong></span> <span class='ocrx_word' id='word_1_97' title='bbox 664 1083 750 1122; x_wconf 88' lang='lat' dir='ltr'><strong>Nec</strong></span> <span class='ocrx_word' id='word_1_98' title='bbox 783 1081 930 1121; x_wconf 90' lang='lat' dir='ltr'><strong>dubito</strong></span> <span class='ocrx_word' id='word_1_99' title='bbox 963 1080 1066 1135; x_wconf 86' lang='lat' dir='ltr'><strong>quin</strong></span> <span class='ocrx_word' id='word_1_100' title='bbox 1098 1080 1188 1133; x_wconf 92' lang='lat' dir='ltr'><strong>ipse</strong></span> <span class='ocrx_word' id='word_1_101' title='bbox 1220 1080 1492 1119; x_wconf 85' lang='lat' dir='ltr'><strong>detestaretur</strong></span> <span class='ocrx_word' id='word_1_102' title='bbox 1524 1078 1636 1117; x_wconf 89' lang='lat' dir='ltr'><strong>hunc</strong></span> <span class='ocrx_word' id='word_1_103' title='bbox 1669 1091 1841 1118; x_wconf 88' lang='lat' dir='ltr'><strong>sensum</strong></span> 
     </span>
     <span class='ocr_line' id='line_1_14' title="bbox 230 1129 1841 1204; baseline -0.002 -13"><span class='ocrx_word' id='word_1_104' title='bbox 230 1129 504 1192; x_wconf 48' lang='lat' dir='ltr'><strong>li&#39;iiseresseerissetiiis</strong></span> <span class='ocrx_word' id='word_1_105' title='bbox 520 1151 734 1191; x_wconf 89' lang='lat' dir='ltr'><strong>decretalis</strong></span> <span class='ocrx_word' id='word_1_106' title='bbox 778 1151 960 1204; x_wconf 86' lang='lat' dir='ltr'><strong>predicte</strong></span> <span class='ocrx_word' id='word_1_107' title='bbox 1005 1150 1120 1204; x_wconf 88' lang='lat' dir='ltr'><strong>quod</strong></span> <span class='ocrx_word' id='word_1_108' title='bbox 1165 1149 1215 1189; x_wconf 87' lang='lat' dir='ltr'><strong>sit</strong></span> <span class='ocrx_word' id='word_1_109' title='bbox 1263 1150 1313 1188; x_wconf 91' lang='lat' dir='ltr'><strong>de</strong></span> <span class='ocrx_word' id='word_1_110' title='bbox 1358 1148 1551 1188; x_wconf 88' lang='lat' dir='ltr'><strong>absoluta</strong></span> <span class='ocrx_word' id='word_1_111' title='bbox 1594 1147 1841 1187; x_wconf 83' lang='lat' dir='ltr'><strong>necessitate</strong></span> 
     </span>
     <span class='ocr_line' id='line_1_15' title="bbox 264 1198 1840 1260; baseline -0.004 1"><span class='ocrx_word' id='word_1_112' title='bbox 264 1199 313 1227; x_wconf 74' lang='lat' dir='ltr'><strong>me</strong></span> <span class='ocrx_word' id='word_1_113' title='bbox 335 1198 477 1226; x_wconf 78' lang='lat' dir='ltr'><strong>decretal.</strong></span> <span class='ocrx_word' id='word_1_114' title='bbox 521 1221 665 1260; x_wconf 88' lang='lat' dir='ltr'><strong>salutis</strong></span> <span class='ocrx_word' id='word_1_115' title='bbox 703 1221 925 1260; x_wconf 85' lang='lat' dir='ltr'><strong>cuiuslibet</strong></span> <span class='ocrx_word' id='word_1_116' title='bbox 969 1219 1179 1259; x_wconf 83' lang='lat' dir='ltr'><strong>christiani</strong></span> <span class='ocrx_word' id='word_1_117' title='bbox 1220 1219 1390 1258; x_wconf 85' lang='lat' dir='ltr'><strong>subesse</strong></span> <span class='ocrx_word' id='word_1_118' title='bbox 1429 1217 1505 1257; x_wconf 88' lang='lat' dir='ltr'><strong>sibi</strong></span> <span class='ocrx_word' id='word_1_119' title='bbox 1540 1217 1582 1256; x_wconf 88' lang='lat' dir='ltr'><strong>in</strong></span> <span class='ocrx_word' id='word_1_120' title='bbox 1614 1216 1840 1255; x_wconf 86' lang='lat' dir='ltr'><strong>mundanis</strong></span> 
     </span>
     <span class='ocr_line' id='line_1_16' title="bbox 519 1285 1895 1340; baseline -0.003 -10"><span class='ocrx_word' id='word_1_121' title='bbox 519 1290 753 1330; x_wconf 82' lang='lat' dir='ltr'><strong>honoribus</strong></span> <span class='ocrx_word' id='word_1_122' title='bbox 785 1291 849 1329; x_wconf 90' lang='lat' dir='ltr'><strong>vel</strong></span> <span class='ocrx_word' id='word_1_123' title='bbox 882 1289 1056 1329; x_wconf 89' lang='lat' dir='ltr'><strong>servicio</strong></span> <span class='ocrx_word' id='word_1_124' title='bbox 1093 1288 1278 1339; x_wconf 83' lang='lat' dir='ltr'><strong>seculari,</strong></span> <span class='ocrx_word' id='word_1_125' title='bbox 1313 1301 1410 1327; x_wconf 91' lang='lat' dir='ltr'><strong>cum</strong></span> <span class='ocrx_word' id='word_1_126' title='bbox 1432 1300 1520 1326; x_wconf 90' lang='lat' dir='ltr'><strong>non</strong></span> <span class='ocrx_word' id='word_1_127' title='bbox 1543 1285 1677 1340; x_wconf 86' lang='lat' dir='ltr'><strong>querit</strong></span> <span class='ocrx_word' id='word_1_128' title='bbox 1699 1294 1841 1325; x_wconf 87' lang='lat' dir='ltr'><strong>nostra</strong></span> <span class='ocrx_word' id='word_1_129' title='bbox 1860 1294 1895 1326; x_wconf 81' lang='lat'><strong>15</strong></span> 
     </span>
     <span class='ocr_line' id='line_1_17' title="bbox 521 1354 1838 1411; baseline -0.004 -12"><span class='ocrx_word' id='word_1_130' title='bbox 521 1360 593 1399; x_wconf 88' lang='lat' dir='ltr'><strong>sed</strong></span> <span class='ocrx_word' id='word_1_131' title='bbox 614 1373 706 1411; x_wconf 90' lang='lat' dir='ltr'><strong>nos,</strong></span> <span class='ocrx_word' id='word_1_132' title='bbox 729 1359 876 1399; x_wconf 89' lang='lat' dir='ltr'><strong>volens</strong></span> <span class='ocrx_word' id='word_1_133' title='bbox 904 1359 1031 1398; x_wconf 85' lang='lat' dir='ltr'><strong>instar</strong></span> <span class='ocrx_word' id='word_1_134' title='bbox 1053 1357 1236 1410; x_wconf 88' lang='lat' dir='ltr'><strong>apostoli</strong></span> <span class='ocrx_word' id='word_1_135' title='bbox 1258 1357 1441 1410; x_wconf 87' lang='lat' dir='ltr'><strong>aliquem</strong></span> <span class='ocrx_word' id='word_1_136' title='bbox 1466 1355 1650 1395; x_wconf 88' lang='lat' dir='ltr'><strong>fructum</strong></span> <span class='ocrx_word' id='word_1_137' title='bbox 1673 1354 1838 1407; x_wconf 86' lang='lat' dir='ltr'><strong>spiritu-</strong></span> 
     </span>
     <span class='ocr_line' id='line_1_18' title="bbox 520 1424 1840 1479; baseline -0.002 -12"><span class='ocrx_word' id='word_1_138' title='bbox 520 1428 628 1467; x_wconf 88' lang='lat' dir='ltr'><strong>alem</strong></span> <span class='ocrx_word' id='word_1_139' title='bbox 659 1428 702 1467; x_wconf 90' lang='lat' dir='ltr'><strong>in</strong></span> <span class='ocrx_word' id='word_1_140' title='bbox 734 1428 856 1468; x_wconf 89' lang='lat' dir='ltr'><strong>nobis</strong></span> <span class='ocrx_word' id='word_1_141' title='bbox 889 1428 995 1468; x_wconf 88' lang='lat' dir='ltr'><strong>sicut</strong></span> <span class='ocrx_word' id='word_1_142' title='bbox 1026 1428 1068 1466; x_wconf 88' lang='lat' dir='ltr'><strong>in</strong></span> <span class='ocrx_word' id='word_1_143' title='bbox 1102 1427 1246 1467; x_wconf 88' lang='lat' dir='ltr'><strong>ceteris</strong></span> <span class='ocrx_word' id='word_1_144' title='bbox 1279 1426 1473 1479; x_wconf 88' lang='lat' dir='ltr'><strong>gentibus</strong></span> <span class='ocrx_word' id='word_1_145' title='bbox 1505 1424 1720 1477; x_wconf 87' lang='lat' dir='ltr'><strong>impertiri.</strong></span> <span class='ocrx_word' id='word_1_146' title='bbox 1753 1425 1840 1464; x_wconf 91' lang='lat' dir='ltr'><strong>Nec</strong></span> 
     </span>
     <span class='ocr_line' id='line_1_19' title="bbox 521 1494 1842 1551; baseline -0.004 -14"><span class='ocrx_word' id='word_1_147' title='bbox 521 1498 699 1537; x_wconf 91' lang='lat' dir='ltr'><strong>dubium</strong></span> <span class='ocrx_word' id='word_1_148' title='bbox 751 1498 852 1551; x_wconf 87' lang='lat' dir='ltr'><strong>quin</strong></span> <span class='ocrx_word' id='word_1_149' title='bbox 897 1511 975 1536; x_wconf 90' lang='lat' dir='ltr'><strong>nos</strong></span> <span class='ocrx_word' id='word_1_150' title='bbox 1027 1510 1176 1536; x_wconf 85' lang='lat' dir='ltr'><strong>omnes</strong></span> <span class='ocrx_word' id='word_1_151' title='bbox 1221 1505 1412 1536; x_wconf 84' lang='lat' dir='ltr'><strong>tenemur</strong></span> <span class='ocrx_word' id='word_1_152' title='bbox 1456 1494 1625 1534; x_wconf 90' lang='lat' dir='ltr'><strong>subesse</strong></span> <span class='ocrx_word' id='word_1_153' title='bbox 1671 1494 1746 1533; x_wconf 87' lang='lat' dir='ltr'><strong>sibi</strong></span> <span class='ocrx_word' id='word_1_154' title='bbox 1791 1494 1842 1533; x_wconf 92' lang='lat' dir='ltr'><strong>de</strong></span> 
     </span>
     <span class='ocr_line' id='line_1_20' title="bbox 521 1563 1841 1621; baseline -0.004 -14"><span class='ocrx_word' id='word_1_155' title='bbox 521 1576 681 1621; x_wconf 84' lang='lat' dir='ltr'><strong>quanto</strong></span> <span class='ocrx_word' id='word_1_156' title='bbox 705 1576 924 1621; x_wconf 85' lang='lat' dir='ltr'><strong>tamquam</strong></span> <span class='ocrx_word' id='word_1_157' title='bbox 946 1580 1066 1606; x_wconf 84' lang='lat' dir='ltr'><strong>verus</strong></span> <span class='ocrx_word' id='word_1_158' title='bbox 1083 1565 1237 1606; x_wconf 87' lang='lat' dir='ltr'><strong>Christi</strong></span> <span class='ocrx_word' id='word_1_159' title='bbox 1260 1564 1437 1605; x_wconf 83' lang='lat' dir='ltr'><strong>vicarius</strong></span> <span class='ocrx_word' id='word_1_160' title='bbox 1462 1564 1634 1603; x_wconf 89' lang='lat' dir='ltr'><strong>mandat</strong></span> <span class='ocrx_word' id='word_1_161' title='bbox 1656 1563 1841 1616; x_wconf 83' lang='lat' dir='ltr'><strong>magistri</strong></span> 
     </span>
     <span class='ocr_line' id='line_1_21' title="bbox 521 1632 1899 1677; baseline -0.004 0"><span class='ocrx_word' id='word_1_162' title='bbox 521 1637 585 1677; x_wconf 88' lang='lat' dir='ltr'><strong>sui</strong></span> <span class='ocrx_word' id='word_1_163' title='bbox 619 1637 792 1677; x_wconf 88' lang='lat' dir='ltr'><strong>consilia</strong></span> <span class='ocrx_word' id='word_1_164' title='bbox 826 1646 864 1676; x_wconf 88' lang='lat' dir='ltr'><strong>et</strong></span> <span class='ocrx_word' id='word_1_165' title='bbox 896 1650 983 1676; x_wconf 89' lang='lat' dir='ltr'><strong>non</strong></span> <span class='ocrx_word' id='word_1_166' title='bbox 1016 1636 1136 1676; x_wconf 91' lang='lat' dir='ltr'><strong>ultra.</strong></span> <span class='ocrx_word' id='word_1_167' title='bbox 1170 1636 1222 1675; x_wconf 85' lang='lat' dir='ltr'><strong>Et</strong></span> <span class='ocrx_word' id='word_1_168' title='bbox 1256 1635 1313 1674; x_wconf 90' lang='lat' dir='ltr'><strong>sic</strong></span> <span class='ocrx_word' id='word_1_169' title='bbox 1341 1635 1435 1674; x_wconf 86' lang='lat' dir='ltr'><strong>licet</strong></span> <span class='ocrx_word' id='word_1_170' title='bbox 1458 1647 1606 1673; x_wconf 89' lang='lat' dir='ltr'><strong>omnes</strong></span> <span class='ocrx_word' id='word_1_171' title='bbox 1630 1632 1841 1673; x_wconf 86' lang='lat' dir='ltr'><strong>christiani</strong></span> <span class='ocrx_word' id='word_1_172' title='bbox 1858 1651 1899 1673; x_wconf 85' lang='lat'><strong>20</strong></span> 
     </span>
     <span class='ocr_line' id='line_1_22' title="bbox 522 1702 1841 1758; baseline -0.004 -12"><span class='ocrx_word' id='word_1_173' title='bbox 522 1715 715 1746; x_wconf 89' lang='lat' dir='ltr'><strong>tenentur</strong></span> <span class='ocrx_word' id='word_1_174' title='bbox 737 1720 826 1746; x_wconf 90' lang='lat' dir='ltr'><strong>esse</strong></span> <span class='ocrx_word' id='word_1_175' title='bbox 853 1706 1030 1746; x_wconf 77' lang='lat' dir='ltr'><strong>subiecti</strong></span> <span class='ocrx_word' id='word_1_176' title='bbox 1055 1706 1234 1745; x_wconf 81' lang='lat' dir='ltr'><strong>invicem</strong></span> <span class='ocrx_word' id='word_1_177' title='bbox 1258 1707 1300 1745; x_wconf 85' lang='lat' dir='ltr'><strong>in</strong></span> <span class='ocrx_word' id='word_1_178' title='bbox 1326 1707 1492 1752; x_wconf 76' lang='lat' dir='ltr'><strong>timore,</strong></span> <span class='ocrx_word' id='word_1_179' title='bbox 1517 1703 1593 1743; x_wconf 90' lang='lat' dir='ltr'><strong>sibi</strong></span> <span class='ocrx_word' id='word_1_180' title='bbox 1616 1712 1756 1742; x_wconf 88' lang='lat' dir='ltr'><strong>tamen</strong></span> <span class='ocrx_word' id='word_1_181' title='bbox 1780 1702 1841 1758; x_wconf 77' lang='lat' dir='ltr'><strong>(in</strong></span> 
     </span>
     <span class='ocr_line' id='line_1_23' title="bbox 523 1773 1841 1829; baseline 0 -15"><span class='ocrx_word' id='word_1_182' title='bbox 523 1785 729 1829; x_wconf 85' lang='lat' dir='ltr'><strong>quantum</strong></span> <span class='ocrx_word' id='word_1_183' title='bbox 761 1773 871 1829; x_wconf 82' lang='lat' dir='ltr'><strong>talis)</strong></span> <span class='ocrx_word' id='word_1_184' title='bbox 906 1784 966 1815; x_wconf 89' lang='lat' dir='ltr'><strong>est</strong></span> <span class='ocrx_word' id='word_1_185' title='bbox 996 1775 1278 1815; x_wconf 88' lang='lat' dir='ltr'><strong>necessarium</strong></span> <span class='ocrx_word' id='word_1_186' title='bbox 1299 1788 1347 1813; x_wconf 86' lang='lat' dir='ltr'><strong>ex</strong></span> <span class='ocrx_word' id='word_1_187' title='bbox 1374 1773 1672 1827; x_wconf 89' lang='lat' dir='ltr'><strong>supposicione</strong></span> <span class='ocrx_word' id='word_1_188' title='bbox 1695 1775 1841 1827; x_wconf 90' lang='lat' dir='ltr'><strong>subici,</strong></span> 
     </span>
     <span class='ocr_line' id='line_1_24' title="bbox 525 1844 1840 1898; baseline 0 -15"><span class='ocrx_word' id='word_1_189' title='bbox 525 1859 622 1884; x_wconf 83' lang='lat' dir='ltr'><strong>cum</strong></span> <span class='ocrx_word' id='word_1_190' title='bbox 654 1844 758 1897; x_wconf 89' lang='lat' dir='ltr'><strong>regit</strong></span> <span class='ocrx_word' id='word_1_191' title='bbox 789 1854 876 1884; x_wconf 90' lang='lat' dir='ltr'><strong>tam</strong></span> <span class='ocrx_word' id='word_1_192' title='bbox 908 1845 1142 1898; x_wconf 86' lang='lat' dir='ltr'><strong>evangelice</strong></span> <span class='ocrx_word' id='word_1_193' title='bbox 1175 1854 1342 1884; x_wconf 88' lang='lat' dir='ltr'><strong>tantum</strong></span> <span class='ocrx_word' id='word_1_194' title='bbox 1375 1858 1556 1897; x_wconf 85' lang='lat' dir='ltr'><strong>gregem.</strong></span> <span class='ocrx_word' id='word_1_195' title='bbox 1592 1845 1644 1884; x_wconf 84' lang='lat' dir='ltr'><strong>Et</strong></span> <span class='ocrx_word' id='word_1_196' title='bbox 1674 1859 1721 1883; x_wconf 84' lang='lat' dir='ltr'><strong>ex</strong></span> <span class='ocrx_word' id='word_1_197' title='bbox 1753 1844 1840 1885; x_wconf 85' lang='lat' dir='ltr'><strong>istis</strong></span> 
     </span>
     <span class='ocr_line' id='line_1_25' title="bbox 524 1913 1535 1967; baseline -0.001 -14"><span class='ocrx_word' id='word_1_198' title='bbox 524 1923 664 1967; x_wconf 85' lang='lat' dir='ltr'><strong>potest</strong></span> <span class='ocrx_word' id='word_1_199' title='bbox 697 1914 833 1967; x_wconf 88' lang='lat' dir='ltr'><strong>colligi</strong></span> <span class='ocrx_word' id='word_1_200' title='bbox 867 1928 1013 1954; x_wconf 85' lang='lat' dir='ltr'><strong>sensus</strong></span> <span class='ocrx_word' id='word_1_201' title='bbox 1046 1914 1260 1954; x_wconf 83' lang='lat' dir='ltr'><strong>decretalis</strong></span> <span class='ocrx_word' id='word_1_202' title='bbox 1294 1913 1535 1953; x_wconf 88' lang='lat' dir='ltr'><strong>catholicus.</strong></span> 
     </span>
     <span class='ocr_line' id='line_1_26' title="bbox 260 1983 1886 2063; baseline 0.003 -43"><span class='ocrx_word' id='word_1_203' title='bbox 260 1992 483 2063; x_wconf 47' lang='lat' dir='ltr'><strong>sffii&#39;jlfffsiox‘iiu</strong></span> <span class='ocrx_word' id='word_1_204' title='bbox 583 1983 663 2023; x_wconf 85' lang='lat' dir='ltr'><strong>Sed</strong></span> <span class='ocrx_word' id='word_1_205' title='bbox 709 1992 854 2023; x_wconf 88' lang='lat' dir='ltr'><strong>contra</strong></span> <span class='ocrx_word' id='word_1_206' title='bbox 898 1984 975 2024; x_wconf 86' lang='lat' dir='ltr'><strong>ista</strong></span> <span class='ocrx_word' id='word_1_207' title='bbox 1019 1984 1197 2023; x_wconf 89' lang='lat' dir='ltr'><strong>instatur</strong></span> <span class='ocrx_word' id='word_1_208' title='bbox 1235 1983 1467 2036; x_wconf 84' lang='lat' dir='ltr'><strong>tripliciter:</strong></span> <span class='ocrx_word' id='word_1_209' title='bbox 1507 1983 1683 2023; x_wconf 89' lang='lat' dir='ltr'><strong>Videtur</strong></span> <span class='ocrx_word' id='word_1_210' title='bbox 1728 1983 1886 2025; x_wconf 89' lang='lat' dir='ltr'><strong>enimL</strong></span> 
     </span>
    </p>
   </div>
   <div class='ocr_carea' id='block_1_3' title="bbox 235 2052 1841 2133">
    <p class='ocr_par' dir='ltr' id='par_1_3' title="bbox 235 2052 1841 2133">
     <span class='ocr_line' id='line_1_27' title="bbox 235 2052 1841 2133; baseline 0.002 -45"><span class='ocrx_word' id='word_1_211' title='bbox 235 2063 510 2133; x_wconf 44' lang='lat' dir='ltr'><strong>gssifptii&#39;recssgtffllg</strong></span> <span class='ocrx_word' id='word_1_212' title='bbox 525 2053 664 2107; x_wconf 83' lang='lat' dir='ltr'><strong>primo</strong></span> <span class='ocrx_word' id='word_1_213' title='bbox 689 2053 804 2106; x_wconf 86' lang='lat' dir='ltr'><strong>quod</strong></span> <span class='ocrx_word' id='word_1_214' title='bbox 828 2053 981 2093; x_wconf 83' lang='lat' dir='ltr'><strong>subditi</strong></span> <span class='ocrx_word' id='word_1_215' title='bbox 997 2054 1149 2092; x_wconf 87' lang='lat' dir='ltr'><strong>debent</strong></span> <span class='ocrx_word' id='word_1_216' title='bbox 1172 2053 1388 2092; x_wconf 89' lang='lat' dir='ltr'><strong>consulere</strong></span> <span class='ocrx_word' id='word_1_217' title='bbox 1411 2052 1659 2105; x_wconf 90' lang='lat' dir='ltr'><strong>scripturam</strong></span> <span class='ocrx_word' id='word_1_218' title='bbox 1680 2066 1841 2093; x_wconf 89' lang='lat' dir='ltr'><strong>sacram</strong></span> 
     </span>
    </p>
   </div>
   <div class='ocr_carea' id='block_1_4' title="bbox 271 2122 1840 2201">
    <p class='ocr_par' dir='ltr' id='par_1_4' title="bbox 271 2122 1840 2201">
     <span class='ocr_line' id='line_1_28' title="bbox 271 2122 1840 2201; baseline 0.003 -43"><span class='ocrx_word' id='word_1_219' title='bbox 271 2132 476 2201; x_wconf 32' lang='lat' dir='ltr'><strong>obegknpgethe</strong></span> <span class='ocrx_word' id='word_1_220' title='bbox 525 2136 564 2161; x_wconf 88' lang='lat' dir='ltr'><strong>1n</strong></span> <span class='ocrx_word' id='word_1_221' title='bbox 618 2136 875 2176; x_wconf 83' lang='lat' dir='ltr'><strong>quocunque</strong></span> <span class='ocrx_word' id='word_1_222' title='bbox 931 2123 1046 2176; x_wconf 82' lang='lat' dir='ltr'><strong>quod</strong></span> <span class='ocrx_word' id='word_1_223' title='bbox 1078 2136 1185 2175; x_wconf 87' lang='lat' dir='ltr'><strong>papa</strong></span> <span class='ocrx_word' id='word_1_224' title='bbox 1219 2122 1488 2163; x_wconf 87' lang='lat' dir='ltr'><strong>mandaverit.</strong></span> <span class='ocrx_word' id='word_1_225' title='bbox 1534 2123 1757 2172; x_wconf 86' lang='lat' dir='ltr'><strong>Quantum</strong></span> <span class='ocrx_word' id='word_1_226' title='bbox 1789 2123 1840 2162; x_wconf 89' lang='lat' dir='ltr'><strong>ad</strong></span> 
     </span>
    </p>
   </div>
   <div class='ocr_carea' id='block_1_5' title="bbox 298 2191 1841 2245">
    <p class='ocr_par' dir='ltr' id='par_1_5' title="bbox 298 2191 1841 2245">
     <span class='ocr_line' id='line_1_29' title="bbox 298 2191 1841 2245; baseline 0.001 -15"><span class='ocrx_word' id='word_1_227' title='bbox 298 2215 446 2241; x_wconf 77' lang='lat' dir='ltr'><strong>Answer:</strong></span> <span class='ocrx_word' id='word_1_228' title='bbox 525 2191 649 2243; x_wconf 89' lang='lat' dir='ltr'><strong>istud,</strong></span> <span class='ocrx_word' id='word_1_229' title='bbox 684 2191 855 2231; x_wconf 88' lang='lat' dir='ltr'><strong>concedi</strong></span> <span class='ocrx_word' id='word_1_230' title='bbox 878 2192 999 2231; x_wconf 86' lang='lat' dir='ltr'><strong>debet</strong></span> <span class='ocrx_word' id='word_1_231' title='bbox 1023 2191 1251 2242; x_wconf 84' lang='lat' dir='ltr'><strong>conclusio,</strong></span> <span class='ocrx_word' id='word_1_232' title='bbox 1286 2205 1382 2230; x_wconf 89' lang='lat' dir='ltr'><strong>cum</strong></span> <span class='ocrx_word' id='word_1_233' title='bbox 1406 2205 1532 2232; x_wconf 87' lang='lat' dir='ltr'><strong>nemo</strong></span> <span class='ocrx_word' id='word_1_234' title='bbox 1556 2193 1677 2232; x_wconf 91' lang='lat' dir='ltr'><strong>debet</strong></span> <span class='ocrx_word' id='word_1_235' title='bbox 1699 2205 1841 2245; x_wconf 84' lang='lat' dir='ltr'><strong>parere</strong></span> 
     </span>
    </p>
   </div>
   <div class='ocr_carea' id='block_1_6' title="bbox 236 2247 1842 2314">
    <p class='ocr_par' dir='ltr' id='par_1_6' title="bbox 236 2247 1842 2314">
     <span class='ocr_line' id='line_1_30' title="bbox 236 2247 1788 2284; baseline -0.006 -9"><span class='ocrx_word' id='word_1_236' title='bbox 236 2247 323 2283; x_wconf 79' lang='lat' dir='ltr'><strong>They</strong></span> <span class='ocrx_word' id='word_1_237' title='bbox 353 2249 449 2282; x_wconf 72' lang='lat' dir='ltr'><strong>ought</strong></span> <span class='ocrx_word' id='word_1_238' title='bbox 481 2253 510 2276; x_wconf 86' lang='lat' dir='ltr'><strong>to</strong></span> <span class='ocrx_word' id='word_1_239' title='bbox 548 2260 554 2267; x_wconf 90' lang='lat'><strong>·</strong></span> <span class='ocrx_word' id='word_1_240' title='bbox 592 2260 598 2266; x_wconf 89' lang='lat'><strong>·</strong></span> <span class='ocrx_word' id='word_1_241' title='bbox 1005 2261 1027 2267; x_wconf 86' lang='lat'><strong>-·</strong></span> <span class='ocrx_word' id='word_1_242' title='bbox 1123 2260 1130 2267; x_wconf 82' lang='lat'><strong>·</strong></span> <span class='ocrx_word' id='word_1_243' title='bbox 1160 2260 1167 2267; x_wconf 89' lang='lat'><em>-</em></span> <span class='ocrx_word' id='word_1_244' title='bbox 1216 2260 1222 2267; x_wconf 87' lang='lat'>.</span> <span class='ocrx_word' id='word_1_245' title='bbox 1357 2276 1364 2284; x_wconf 32' lang='grc' dir='ltr'><em>ι</em></span> <span class='ocrx_word' id='word_1_246' title='bbox 1781 2261 1788 2268; x_wconf 90' lang='grc'><strong>.</strong></span> 
     </span>
     <span class='ocr_line' id='line_1_31' title="bbox 323 2261 1842 2314; baseline -0.001 -13"><span class='ocrx_word' id='word_1_247' title='bbox 323 2283 361 2311; x_wconf 77' lang='lat' dir='ltr'><strong>do</strong></span> <span class='ocrx_word' id='word_1_248' title='bbox 382 2291 429 2310; x_wconf 76' lang='lat' dir='ltr'><strong>so.</strong></span> <span class='ocrx_word' id='word_1_249' title='bbox 525 2261 600 2301; x_wconf 82' lang='lat' dir='ltr'><strong>Slbl</strong></span> <span class='ocrx_word' id='word_1_250' title='bbox 648 2261 743 2313; x_wconf 86' lang='lat' dir='ltr'><strong>plus</strong></span> <span class='ocrx_word' id='word_1_251' title='bbox 791 2275 920 2314; x_wconf 87' lang='lat' dir='ltr'><strong>quam</strong></span> <span class='ocrx_word' id='word_1_252' title='bbox 962 2262 1044 2311; x_wconf 82' lang='lat' dir='ltr'><strong>alii,</strong></span> <span class='ocrx_word' id='word_1_253' title='bbox 1092 2274 1170 2300; x_wconf 80' lang='lat' dir='ltr'><strong>nisi</strong></span> <span class='ocrx_word' id='word_1_254' title='bbox 1215 2274 1256 2299; x_wconf 81' lang='lat' dir='ltr'><strong>in</strong></span> <span class='ocrx_word' id='word_1_255' title='bbox 1296 2270 1503 2314; x_wconf 78' lang='lat' dir='ltr'><strong>quantum</strong></span> <span class='ocrx_word' id='word_1_256' title='bbox 1548 2270 1607 2301; x_wconf 92' lang='lat' dir='ltr'><strong>est</strong></span> <span class='ocrx_word' id='word_1_257' title='bbox 1653 2275 1842 2314; x_wconf 80' lang='lat' dir='ltr'><strong>superior</strong></span> 
     </span>
    </p>
   </div>
   <div class='ocr_carea' id='block_1_7' title="bbox 525 2330 1899 2454">
    <p class='ocr_par' dir='ltr' id='par_1_7' title="bbox 525 2330 1899 2454">
     <span class='ocr_line' id='line_1_32' title="bbox 525 2330 1899 2384; baseline 0.001 -14"><span class='ocrx_word' id='word_1_258' title='bbox 525 2330 679 2370; x_wconf 85' lang='lat' dir='ltr'><strong>Christi</strong></span> <span class='ocrx_word' id='word_1_259' title='bbox 717 2330 906 2382; x_wconf 84' lang='lat' dir='ltr'><strong>vicarius,</strong></span> <span class='ocrx_word' id='word_1_260' title='bbox 947 2340 986 2369; x_wconf 90' lang='lat' dir='ltr'><strong>et</strong></span> <span class='ocrx_word' id='word_1_261' title='bbox 1017 2344 1090 2383; x_wconf 85' lang='lat' dir='ltr'><strong>per</strong></span> <span class='ocrx_word' id='word_1_262' title='bbox 1122 2343 1397 2383; x_wconf 84' lang='lat' dir='ltr'><strong>consequens,</strong></span> <span class='ocrx_word' id='word_1_263' title='bbox 1437 2331 1514 2370; x_wconf 91' lang='lat' dir='ltr'><strong>nisi</strong></span> <span class='ocrx_word' id='word_1_264' title='bbox 1553 2331 1594 2370; x_wconf 91' lang='lat' dir='ltr'><strong>in</strong></span> <span class='ocrx_word' id='word_1_265' title='bbox 1633 2340 1840 2384; x_wconf 87' lang='lat' dir='ltr'><strong>quantum</strong></span> <span class='ocrx_word' id='word_1_266' title='bbox 1856 2342 1899 2374; x_wconf 80' lang='lat'><strong>30</strong></span> 
     </span>
     <span class='ocr_line' id='line_1_33' title="bbox 525 2400 1839 2454; baseline -0.001 -13"><span class='ocrx_word' id='word_1_267' title='bbox 525 2401 718 2441; x_wconf 90' lang='lat' dir='ltr'><strong>obeditur</strong></span> <span class='ocrx_word' id='word_1_268' title='bbox 749 2400 1020 2454; x_wconf 86' lang='lat' dir='ltr'><strong>principalius</strong></span> <span class='ocrx_word' id='word_1_269' title='bbox 1053 2402 1148 2440; x_wconf 85' lang='lat' dir='ltr'><strong>Jesu</strong></span> <span class='ocrx_word' id='word_1_270' title='bbox 1185 2400 1375 2452; x_wconf 82' lang='lat' dir='ltr'><strong>Christ03</strong></span> <span class='ocrx_word' id='word_1_271' title='bbox 1414 2401 1484 2440; x_wconf 93' lang='lat' dir='ltr'><strong>sed</strong></span> <span class='ocrx_word' id='word_1_272' title='bbox 1516 2401 1558 2439; x_wconf 92' lang='lat' dir='ltr'><strong>in</strong></span> <span class='ocrx_word' id='word_1_273' title='bbox 1592 2401 1708 2440; x_wconf 84' lang='lat' dir='ltr'><strong>omni</strong></span> <span class='ocrx_word' id='word_1_274' title='bbox 1741 2401 1839 2440; x_wconf 88' lang='lat' dir='ltr'><strong>obe-</strong></span> 
     </span>
    </p>
   </div>
   <div class='ocr_carea' id='block_1_8' title="bbox 524 2512 1841 2780">
    <p class='ocr_par' dir='ltr' id='par_1_8' title="bbox 524 2512 1841 2780">
     <span class='ocr_line' id='line_1_34' title="bbox 584 2512 1841 2548; baseline 0 -8"><span class='ocrx_word' id='word_1_275' title='bbox 584 2522 602 2540; x_wconf 88' lang='lat'><strong>1.</strong></span> <span class='ocrx_word' id='word_1_276' title='bbox 617 2514 648 2540; x_wconf 88' lang='lat' dir='ltr'><strong>[n</strong></span> <span class='ocrx_word' id='word_1_277' title='bbox 671 2514 763 2541; x_wconf 88' lang='lat' dir='ltr'><strong>codd.</strong></span> <span class='ocrx_word' id='word_1_278' title='bbox 777 2513 906 2541; x_wconf 84' lang='lat' dir='ltr'><strong>orditur.</strong></span> <span class='ocrx_word' id='word_1_279' title='bbox 979 2521 1004 2540; x_wconf 83' lang='lat'><strong>2.</strong></span> <span class='ocrx_word' id='word_1_280' title='bbox 1017 2513 1092 2541; x_wconf 53' lang='lat'><strong>313:</strong></span> <span class='ocrx_word' id='word_1_281' title='bbox 1115 2518 1205 2548; x_wconf 86' lang='lat' dir='ltr'><strong>caput</strong></span> <span class='ocrx_word' id='word_1_282' title='bbox 1226 2518 1365 2540; x_wconf 81' lang='lat' dir='ltr'><strong>nostrum</strong></span> <span class='ocrx_word' id='word_1_283' title='bbox 1388 2513 1528 2541; x_wconf 83' lang='lat' dir='ltr'><strong>ecclesie.</strong></span> <span class='ocrx_word' id='word_1_284' title='bbox 1602 2512 1667 2548; x_wconf 82' lang='lat'>3.4.</span> <span class='ocrx_word' id='word_1_285' title='bbox 1683 2513 1720 2540; x_wconf 83' lang='lat' dir='ltr'><strong>B:</strong></span> <span class='ocrx_word' id='word_1_286' title='bbox 1743 2513 1841 2541; x_wconf 83' lang='lat' dir='ltr'><strong>influit</strong></span> 
     </span>
     <span class='ocr_line' id='line_1_35' title="bbox 525 2559 1840 2595; baseline 0 -8"><span class='ocrx_word' id='word_1_287' title='bbox 525 2561 664 2588; x_wconf 89' lang='lat' dir='ltr'><strong>modum.</strong></span> <span class='ocrx_word' id='word_1_288' title='bbox 753 2559 781 2587; x_wconf 80' lang='lat'><strong>6.</strong></span> <span class='ocrx_word' id='word_1_289' title='bbox 797 2560 824 2587; x_wconf 84' lang='lat' dir='ltr'><strong>A</strong></span> <span class='ocrx_word' id='word_1_290' title='bbox 839 2561 895 2594; x_wconf 73' lang='lat' dir='ltr'><strong>A,:</strong></span> <span class='ocrx_word' id='word_1_291' title='bbox 918 2560 1025 2595; x_wconf 81' lang='lat' dir='ltr'><strong>sapida</strong></span> <span class='ocrx_word' id='word_1_292' title='bbox 1047 2560 1170 2587; x_wconf 79' lang='lat' dir='ltr'><strong>sentire.</strong></span> <span class='ocrx_word' id='word_1_293' title='bbox 1193 2559 1213 2586; x_wconf 82' lang='grc' dir='ltr'><strong><em>Β</em></strong></span> <span class='ocrx_word' id='word_1_294' title='bbox 1230 2559 1259 2586; x_wconf 87' lang='lat' dir='ltr'><strong>in</strong></span> <span class='ocrx_word' id='word_1_295' title='bbox 1275 2567 1378 2594; x_wconf 73' lang='lat' dir='ltr'><strong>marg:</strong></span> <span class='ocrx_word' id='word_1_296' title='bbox 1400 2560 1478 2587; x_wconf 82' lang='lat' dir='ltr'><strong>Ecce</strong></span> <span class='ocrx_word' id='word_1_297' title='bbox 1498 2560 1659 2595; x_wconf 87' lang='lat' dir='ltr'><strong>quomodo</strong></span> <span class='ocrx_word' id='word_1_298' title='bbox 1679 2559 1840 2587; x_wconf 87' lang='lat' dir='ltr'><strong>Urbanum</strong></span> 
     </span>
     <span class='ocr_line' id='line_1_36' title="bbox 524 2606 1840 2641; baseline 0.001 -9"><span class='ocrx_word' id='word_1_299' title='bbox 524 2614 591 2633; x_wconf 83' lang='lat' dir='ltr'><strong>esse</strong></span> <span class='ocrx_word' id='word_1_300' title='bbox 609 2611 699 2641; x_wconf 81' lang='lat' dir='ltr'><strong>capnt</strong></span> <span class='ocrx_word' id='word_1_301' title='bbox 720 2611 859 2633; x_wconf 82' lang='lat' dir='ltr'><strong>nostrum</strong></span> <span class='ocrx_word' id='word_1_302' title='bbox 883 2606 955 2633; x_wconf 89' lang='lat' dir='ltr'><strong>dicit</strong></span> <span class='ocrx_word' id='word_1_303' title='bbox 976 2614 1044 2633; x_wconf 78' lang='lat' dir='ltr'><strong>esse</strong></span> <span class='ocrx_word' id='word_1_304' title='bbox 1065 2607 1156 2633; x_wconf 73' lang='lat' dir='ltr'><strong>iidem</strong></span> <span class='ocrx_word' id='word_1_305' title='bbox 1179 2606 1365 2633; x_wconf 79' lang='lat' dir='ltr'><strong>credendam</strong></span> <span class='ocrx_word' id='word_1_306' title='bbox 1388 2613 1457 2633; x_wconf 89' lang='lat' dir='ltr'><strong>cum</strong></span> <span class='ocrx_word' id='word_1_307' title='bbox 1478 2606 1654 2634; x_wconf 79' lang='lat' dir='ltr'><strong>formidine.</strong></span> <span class='ocrx_word' id='word_1_308' title='bbox 1746 2614 1785 2634; x_wconf 87' lang='lat'><strong>21.</strong></span> <span class='ocrx_word' id='word_1_309' title='bbox 1807 2607 1840 2633; x_wconf 91' lang='lat' dir='ltr'><strong>In</strong></span> 
     </span>
     <span class='ocr_line' id='line_1_37' title="bbox 524 2651 1840 2687; baseline 0 -8"><span class='ocrx_word' id='word_1_310' title='bbox 524 2653 614 2679; x_wconf 84' lang='lat' dir='ltr'><strong>codd.</strong></span> <span class='ocrx_word' id='word_1_311' title='bbox 636 2653 694 2679; x_wconf 81' lang='lat' dir='ltr'><strong>sibi</strong></span> <span class='ocrx_word' id='word_1_312' title='bbox 714 2658 786 2680; x_wconf 80' lang='lat' dir='ltr'><strong>tam.</strong></span> <span class='ocrx_word' id='word_1_313' title='bbox 905 2651 1054 2687; x_wconf 57' lang='lat' dir='ltr'><strong>23.AA1:</strong></span> <span class='ocrx_word' id='word_1_314' title='bbox 1076 2660 1191 2687; x_wconf 71' lang='lat' dir='ltr'><strong>regem.</strong></span> <span class='ocrx_word' id='word_1_315' title='bbox 1213 2652 1258 2680; x_wconf 81' lang='lat' dir='ltr'><strong>Et.</strong></span> <span class='ocrx_word' id='word_1_316' title='bbox 1370 2652 1410 2680; x_wconf 76' lang='lat'><strong>25.</strong></span> <span class='ocrx_word' id='word_1_317' title='bbox 1432 2653 1492 2680; x_wconf 84' lang='lat' dir='ltr'><strong>AB</strong></span> <span class='ocrx_word' id='word_1_318' title='bbox 1515 2653 1544 2680; x_wconf 83' lang='lat' dir='ltr'><strong>in</strong></span> <span class='ocrx_word' id='word_1_319' title='bbox 1566 2660 1668 2687; x_wconf 83' lang='lat' dir='ltr'><strong>marg:</strong></span> <span class='ocrx_word' id='word_1_320' title='bbox 1691 2652 1840 2680; x_wconf 85' lang='lat' dir='ltr'><strong>Obicccio</strong></span> 
     </span>
     <span class='ocr_line' id='line_1_38' title="bbox 525 2697 1840 2734; baseline 0 -9"><span class='ocrx_word' id='word_1_321' title='bbox 525 2699 636 2734; x_wconf 86' lang='lat' dir='ltr'><strong>prima.</strong></span> <span class='ocrx_word' id='word_1_322' title='bbox 657 2700 685 2726; x_wconf 80' lang='grc' dir='ltr'>Α</span> <span class='ocrx_word' id='word_1_323' title='bbox 700 2700 729 2726; x_wconf 84' lang='lat' dir='ltr'><strong>in</strong></span> <span class='ocrx_word' id='word_1_324' title='bbox 747 2707 850 2733; x_wconf 68' lang='lat' dir='ltr'><strong>marg:</strong></span> <span class='ocrx_word' id='word_1_325' title='bbox 873 2699 988 2726; x_wconf 82' lang='lat' dir='ltr'><strong>Contra</strong></span> <span class='ocrx_word' id='word_1_326' title='bbox 1011 2700 1103 2727; x_wconf 84' lang='lat' dir='ltr'><strong>dicta.</strong></span> <span class='ocrx_word' id='word_1_327' title='bbox 1175 2699 1221 2726; x_wconf 73' lang='lat'><strong>28.</strong></span> <span class='ocrx_word' id='word_1_328' title='bbox 1242 2699 1302 2726; x_wconf 75' lang='lat' dir='ltr'><strong>AB</strong></span> <span class='ocrx_word' id='word_1_329' title='bbox 1326 2700 1355 2726; x_wconf 85' lang='lat' dir='ltr'><strong>in</strong></span> <span class='ocrx_word' id='word_1_330' title='bbox 1378 2707 1479 2733; x_wconf 72' lang='lat' dir='ltr'><strong>marg:</strong></span> <span class='ocrx_word' id='word_1_331' title='bbox 1500 2698 1684 2734; x_wconf 80' lang='lat' dir='ltr'><strong>Responsio.</strong></span> <span class='ocrx_word' id='word_1_332' title='bbox 1756 2698 1801 2726; x_wconf 80' lang='lat'><strong>30.</strong></span> <span class='ocrx_word' id='word_1_333' title='bbox 1819 2697 1840 2725; x_wconf 80' lang='grc' dir='ltr'><strong>Β</strong></span> 
     </span>
     <span class='ocr_line' id='line_1_39' title="bbox 527 2750 780 2780; baseline -0.004 -8"><span class='ocrx_word' id='word_1_334' title='bbox 527 2750 553 2772; x_wconf 81' lang='lat' dir='ltr'><strong>et</strong></span> <span class='ocrx_word' id='word_1_335' title='bbox 574 2753 780 2780; x_wconf 77' lang='lat' dir='ltr'><strong>consequens.</strong></span> 
     </span>
    </p>
   </div>
   <div class='ocr_carea' id='block_1_9' title="bbox 586 2828 1391 2871">
    <p class='ocr_par' dir='ltr' id='par_1_9' title="bbox 586 2828 1391 2871">
     <span class='ocr_line' id='line_1_40' title="bbox 586 2828 1391 2871; baseline 0.001 -12"><span class='ocrx_word' id='word_1_336' title='bbox 586 2828 613 2859; x_wconf 77' lang='grc'><strong>5,</strong></span> <span class='ocrx_word' id='word_1_337' title='bbox 642 2829 756 2860; x_wconf 74' lang='lat' dir='ltr'><strong>Lucae</strong></span> <span class='ocrx_word' id='word_1_338' title='bbox 781 2830 885 2869; x_wconf 78' lang='lat' dir='ltr'><strong>XVII,</strong></span> <span class='ocrx_word' id='word_1_339' title='bbox 913 2830 965 2871; x_wconf 57' lang='grc' dir='ltr'><strong>ΒΤ.</strong></span> <span class='ocrx_word' id='word_1_340' title='bbox 1082 2840 1132 2860; x_wconf 83' lang='lat'><strong>21.</strong></span> <span class='ocrx_word' id='word_1_341' title='bbox 1160 2829 1249 2871; x_wconf 77' lang='lat' dir='ltr'><strong>Eph.</strong></span> <span class='ocrx_word' id='word_1_342' title='bbox 1268 2831 1307 2861; x_wconf 93' lang='lat' dir='ltr'><strong>V.</strong></span> <span class='ocrx_word' id='word_1_343' title='bbox 1339 2839 1391 2861; x_wconf 82' lang='lat'><strong>21.</strong></span> 
     </span>
    </p>
   </div>
  </div>
 </body>
</html>
