2051 3343
241 249 267 285 «ψ
951 244 1174 276 ,IOHANNIS
1202 244 1395 276 WYCLIF.
1684 231 1789 289 [cap¹
1814 242 1833 269 ι,

527 347 652 387 habet
674 349 907 388 secundum
929 357 1089 401 partem
1116 348 1460 401 triumphantem,
1484 349 1587 388 dum
1610 357 1670 388 est
1691 349 1836 389 huius·
1859 360 1934 394 128b
1959 362 1990 395 0

528 417 658 468 modi,
674 417 859 471 aliquem
877 418 1079 458 miserum
1092 418 1155 457 vel
1171 417 1493 471 quomodolibet
1507 418 1779 471 maculatum,
1794 428 1840 459 ut

528 486 711 526 ostendit
725 487 1001 540 Augustinus,
1026 487 1099 526 IIIO
1131 488 1180 526 de
1205 487 1392 527 doctrina
1415 487 1635 527 christiana
1650 489 1838 538 XXXHo,

528 555 611 607 ubi,
645 565 872 609 postquam
899 557 1136 596 ostenderat
1158 557 1273 610 quod
1296 570 1457 609 corpus
1476 557 1630 597 Christi
1651 564 1688 598 et
1711 564 1840 610 caput

526 626 618 665 eius
655 627 853 666 Christus
884 633 985 666 sunt
1017 639 1103 666 una
1129 639 1338 679 persona,
1377 626 1562 679 increpat
1596 627 1870 680 Tyconium5

525 695 568 734 in
613 697 795 735 secunda
838 696 900 735 sui
943 696 1085 750 regula
1130 709 1213 749 qua
1255 705 1376 736 vocat
1423 695 1639 736 ecclesiam
1685 710 1838 750 corpus

525 764 686 803 domini
726 765 982 817 bipartitum.
1030 766 1128 804 Non
1160 765 1298 818 inquit
1329 766 1386 805 ita
1418 765 1562 805 debuit
1592 766 1840 818 appellare‚·

524 846 607 872 non
654 835 766 874 enim
807 847 961 875 revera
999 849 1159 888 corpus
1192 836 1356 875 domini
1396 842 1458 875 est
1493 836 1606 888 quod
1637 848 1733 875 cum
1766 837 1837 876 illo

522 916 608 943 non
641 904 829 944 manebit
861 905 902 945 in
926 912 1133 945 eternum.
1168 905 1266 944 Ideo
1289 914 1412 945 vocat
1432 904 1574 944 fideles
1597 906 1649 944 ad
1670 913 1837 958 tempus

522 974 593 1012 sed
630 974 831 1026 prescitos
869 976 921 1014 ad
960 975 1313 1028 dampnacionem
1353 974 1569 1014 ecclesiam
1611 975 1894 1018 similatam10

522 1056 570 1082 ex
601 1043 815 1097 ypocritis.
860 1045 1002 1084 Potest
1034 1054 1177 1084 autem
1208 1044 1285 1084 ista
1319 1044 1528 1084 sentencia
1560 1044 1835 1084 demonstrari

521 1126 568 1152 ex
601 1113 805 1165 scriptura
826 1114 1026 1154 „Iohannis
1049 1115 1137 1166 VIO,
1167 1115 1232 1166 54,
1266 1115 1336 1154 ubi
1370 1114 1520 1154 dicitur
1540 1114 1679 1153 Judeis
1703 1123 1742 1154 et
1764 1127 1837 1167 per

521 1183 632 1222 idem
679 1183 847 1223 cuilibet
890 1184 1057 1224 viatori:
1119 1185 1214 1224 Nisi
1258 1184 1623 1224 manducaveritis
1662 1197 1835 1224 carnem

505 1251 600 1305 filii
631 1253 814 1293 hominis
857 1260 897 1293 et
929 1254 1116 1294 biberitis
1148 1256 1241 1294 eius
1279 1255 1553 1308 sanguinem,
1592 1267 1674 1293 non
1708 1254 1836 1294 hahe-

230 1319 503 1384 Ῐῇὴξδζῑΐὲῐξῖξῃῖξι
520 1322 615 1362 bitis
647 1324 773 1363 vitam
808 1323 849 1362 in
875 1324 1002 1363 vohis.
1037 1324 1118 1364 Sed
1149 1338 1275 1364 nemo
1307 1333 1446 1377 potest
1478 1337 1564 1363 esse
1595 1324 1836 1363 membrum
1856 1332 1892 1365 15

326 1390 411 1418 f00d·
521 1392 706 1445 corporis
746 1391 914 1443 Christi,
958 1393 1036 1431 nisi
1081 1393 1203 1433 fuerit
1247 1394 1487 1433 membrum
1530 1393 1694 1432 vivum:
1738 1406 1836 1446 ergo

520 1474 646 1500 nemo
685 1470 825 1514 potest
862 1476 948 1502 esse
988 1463 1038 1501 de
1071 1462 1144 1502 illo
1178 1476 1367 1516 corpore,
1412 1463 1489 1502 nisi
1521 1462 1836 1502 manducaverit

520 1544 671 1584 corpus
695 1531 862 1572 Christi.
898 1532 1133 1580 Quomodo
1167 1546 1297 1586 queso
1320 1541 1458 1585 potest
1480 1531 1715 1572 continuari
1738 1545 1836 1571 cum

518 1601 653 1640 nervis
693 1601 851 1654 capitis,
896 1601 972 1640 nisi
1013 1601 1094 1641 fide
1133 1601 1311 1642 formata
1348 1603 1389 1641 in
1430 1611 1554 1655 caput
1593 1598 1833 1641 crediderit?

519 1670 648 1718 Quod
688 1679 748 1710 est
787 1671 927 1723 ipsum
966 1672 1232 1723 manducare,
1278 1681 1324 1712 ut
1361 1672 1532 1725 exponit
1568 1671 1832 1724 Augustinus
1850 1689 1892 1711 20

519 1739 671 1778 omelia
687 1741 835 1780 XXVa.
861 1741 998 1780 Habet
1020 1750 1163 1781 autem
1183 1741 1258 1780 iste
1282 1741 1398 1781 cibus
1421 1740 1625 1781 contrarie
1648 1741 1699 1780 ad
1717 1740 1832 1780 cibos

519 1810 755 1862 corporales
769 1809 965 1850 virtutem
980 1810 1237 1850 assimilandi
1253 1811 1328 1850 sibi
1345 1811 1672 1850 manducantem
1688 1823 1832 1850 secun-

518 1880 621 1918 dum
660 1887 840 1932 quatuor
878 1880 1142 1933 digestiones,
1176 1881 1226 1920 de
1258 1880 1411 1934 quibus
1448 1881 1574 1920 Rom.
1603 1880 1729 1931 V1110‚
1767 1879 1832 1931 30,

518 1948 672 1987 scilicet
695 1948 1136 2002 predestinacionem,
1168 1952 1456 2003 vocacionem,
1480 1950 1831 2004 iustificacionem

517 2024 557 2057 et
577 2018 959 2071 glorificacionem.
996 2020 1200 2068 Quamvis
1233 2019 1346 2059 enim
1378 2020 1433 2059 sic
1456 2020 1715 2059 manducans
1737 2032 1830 2058 mo·
1849 2026 1887 2058 25

516 2087 618 2126 ritur
639 2088 936 2141 temporaliter,
960 2102 1045 2128 non
1069 2098 1211 2129 tamen
1235 2089 1480 2141 eternaliter,
1504 2103 1601 2129 cum
1622 2088 1830 2136 Christus,

517 2158 786 2197 resurreccio
830 2165 869 2198 et
901 2158 989 2198 vita
1033 2160 1074 2197 in
1111 2159 1249 2211 finali
1280 2159 1436 2198 iudicio
1469 2158 1656 2212 vivificat
1686 2157 1830 2197 omnia

517 2226 711 2267 membra
758 2239 851 2279 sua,
900 2228 997 2281 quia
1029 2228 1094 2268 leo
1140 2227 1308 2281 rugiens
1349 2228 1519 2268 suscitat
1549 2242 1671 2267 suam
1702 2227 1830 2267 eccle-

516 2296 632 2336 siam.
661 2296 830 2337 Caritas
852 2305 993 2337 autem
1015 2311 1096 2351 que
1120 2309 1338 2350 nunquam
1363 2297 1521 2337 excidit
1538 2306 1597 2337 est
1613 2297 1832 2336 vinculum

574 2410 599 2438 3.
620 2409 642 2437 B
663 2410 692 2437 in
714 2418 817 2444 marg:
838 2411 1043 2446 Augustinus.
1145 2420 1174 2445 4.
1197 2410 1219 2437 B
1240 2410 1270 2437 in
1292 2417 1395 2444 marg:
1417 2409 1560 2437 Christus
1582 2414 1609 2437 et
1629 2417 1744 2445 corpus
1765 2408 1829 2436 eius

515 2461 585 2484 sunt
604 2464 664 2483 una
680 2464 824 2491 persona.
898 2456 924 2484 8.
945 2457 984 2484 B:
1006 2458 1183 2485 reverencia
1203 2465 1328 2492 corpus
1409 2464 1447 2484 12.
1469 2457 1490 2484 Β
1511 2457 1541 2484 in
1562 2464 1664 2491 marg:
1684 2456 1753 2484 Joh.
1775 2455 1828 2483 Vl.

515 2502 551 2529 15.
573 2503 600 2529 A
620 2503 649 2530 in
671 2511 774 2538 marg:
796 2502 901 2531 Virtus
921 2504 981 2531 cibi
1002 2505 1245 2532 sacramentalis.
1320 2504 1361 2532 16.
1386 2505 1423 2532 ss:
1440 2504 1536 2539 Igitur
1558 2511 1662 2531 nemo.
1735 2510 1774 2529 21.
1796 2503 1828 2529 In

514 2549 604 2577 codd.
620 2549 732 2577 XXVI.
759 2549 897 2578 Correxi.
912 2550 933 2577 Β
948 2550 978 2578 in
1000 2558 1104 2585 marg:
1124 2551 1329 2586 Augustinus.
1402 2551 1444 2579 23.
1466 2550 1487 2577 Β
1508 2550 1537 2577 in
1559 2557 1661 2584 marg:
1681 2548 1827 2583 J0.V111;

515 2595 536 2621 B
556 2595 585 2623 in
608 2604 710 2631 marg:
736 2596 876 2624 Christus
897 2597 964 2632 (sic)
986 2597 1128 2631 digestio.

575 2691 603 2722 3.
631 2692 720 2734 Aug.
748 2692 838 2735 Opp.
866 2692 920 2733 ΙΙΙ,
953 2703 978 2734 1,
1006 2702 1083 2735 pag.
1108 2691 1160 2724 58.
1264 2693 1312 2725 13.
1339 2692 1461 2725 Viator
1487 2691 1514 2723 is
1548 2702 1565 2723 a
1592 2692 1753 2723 traveller
1779 2701 1825 2722 on

514 2748 620 2789 earth,
648 2749 688 2780 cf.
716 2749 856 2792 Wyclif,
883 2750 933 2781 De
960 2750 1049 2782 civili
1076 2751 1170 2781 dom.
1190 2761 1266 2792 pag.
1285 2760 1318 2791 4.
1416 2760 1470 2782 20.
1485 2749 1599 2782 Tract.
1618 2750 1650 2780 in
1677 2748 1754 2781 Joh.
1773 2758 1825 2782 ev.

514 2816 587 2848 cap.
605 2807 662 2846 VI,
682 2807 773 2850 Opp.
800 2814 883 2839 tom.
911 2808 965 2847 HI,
994 2818 1022 2848 2,
1049 2818 1126 2850 pag.
1151 2807 1229 2850 489.
1340 2807 1392 2839 28.
1418 2807 1496 2840 Joh.
1524 2808 1579 2846 Vl,
1605 2817 1661 2849 40.
1688 2807 1743 2846 XI,
1773 2805 1825 2838 25.

516 2875 567 2906 ει).
596 2865 616 2895 Ι.
646 2865 725 2896 Cor.
752 2865 837 2905 XIII,
865 2865 895 2897 8.
