2051 3273
264 552 329 581 Stin
355 553 427 589 they
452 560 502 580 are

267 588 344 615 used
364 589 424 615 and
445 596 494 615 are

302 622 456 650 therefore

291 658 473 693 applicable.

965 235 1189 267 JOHANNJS
1214 236 1410 268 WYCLIF.
1618 223 1847 280 [CARXV111.

536 338 872 390 transsumptive,
895 347 941 377 ut
964 340 1079 391 quod
1103 339 1274 378 ecclesia
1296 339 1346 378 sit
1367 339 1500 392 virgo,
1516 340 1668 391 vetula,
1693 354 1847 393 sponsa
1868 350 1944 384 188¹)
1962 351 1994 385 0

536 416 575 446 et
618 415 749 446 mater
792 421 889 446 curn
934 408 1355 448 denominacionibus
1389 409 1646 449 huiusmodi.
1693 409 1848 449 Omnia

535 476 611 515 ista
643 476 837 516 dicuntur
859 477 908 515 de
938 477 1109 516 ecclesia
1140 478 1477 530 transsumptive,
1505 478 1664 518 mistice
1697 488 1736 518 et
1768 479 1846 517 im-

534 545 713 598 proprie.
768 546 961 598 Inprimis
1010 560 1207 599 suppono
1253 548 1368 600 quod
1412 547 1616 600 sequitur:
1665 548 1849 587 Ecclesia

534 624 594 654 est
632 614 863 667 improprie
901 615 1033 668 virgo,
1067 625 1212 666 mater,
1247 630 1400 668 sponsa
1440 616 1592 656 Christi
1627 626 1717 667 etc.‚
1751 628 1879 670 erg05

531 684 622 736 ipsa
644 693 703 724 est
724 685 908 735 ecclesia,
932 694 993 724 est
1015 685 1146 738 virgo,
1165 695 1296 725 mater
1317 695 1355 725 et
1371 700 1525 738 sponsa
1541 686 1707 726 Christi.
1731 687 1848 726 Patet

531 753 764 806 tripliciter:
782 754 922 794 Primo
939 769 987 793 ex
1002 755 1082 794 hoc
1097 756 1212 809 quod
1231 756 1377 795 doctor
1393 769 1487 808 sepe
1503 756 1693 795 concedit
1707 755 1845 795 huius·
1860 766 1879 800 1

534 823 650 862 modi
678 824 994 876 proposiciones
1022 824 1284 877 simpliciter3
1320 826 1504 864 secundo
1540 839 1587 864 ex
1624 826 1703 865 hoc
1731 825 1885 879 quod2

533 892 648 932 aliter
680 907 766 932 non
799 892 1051 933 satisfaceret
1082 893 1203 933 alicui
1238 893 1308 933 tali
1331 893 1632 947 proposicioni,
1666 893 1842 933 dicendo

533 971 676 1002 utrum
708 964 830 1002 debet
862 963 1034 1003 concedi
1067 963 1310 1016 simpliciter
1347 964 1412 1002 vel
1444 963 1597 1015 negari.
1657 963 1699 1003 Si
1733 963 1904 1008 enim10

532 1032 607 1072 iste
639 1032 841 1071 terminus
874 1032 1104 1085 improprie
1143 1032 1194 1072 sit
1231 1032 1435 1072 terminus
1468 1032 1712 1084 distrahens,
1745 1041 1845 1072 tunc

534 1111 752 1155 negaretur
783 1102 919 1141 maior
949 1116 1042 1155 pars
1076 1102 1282 1142 dictorum
1318 1111 1558 1142 sanctorum
1593 1102 1643 1141 de
1677 1101 1846 1141 ecclesia

533 1180 573 1211 et
604 1171 736 1210 maior
769 1185 861 1224 pars
900 1172 1099 1224 scripture
1137 1185 1247 1211 sacre
1286 1186 1331 1211 ac
1364 1171 1480 1210 modi
1513 1171 1730 1224 loquendi,
1763 1185 1845 1224 que

533 1251 675 1281 tamen
709 1242 812 1280 bene
853 1255 1050 1281 concessa
1089 1250 1196 1281 sunt.
1253 1241 1400 1281 Scribit
1438 1241 1549 1280 enim
1582 1240 1845 1292 Augustinus

532 1310 574 1349 in
597 1311 658 1350 De
680 1311 825 1351 Verbis
849 1311 1022 1350 Domini
1055 1325 1178 1364 super
1208 1311 1314 1361 Joh.‚
1338 1311 1538 1351 Sermone
1563 1311 1632 1361 LO,
1657 1310 1843 1350 ecclesie:
1865 1322 1901 1354 15

537 1380 749 1420 Concessit
786 1381 978 1421 Christus
1011 1382 1051 1420 in
1084 1381 1236 1434 spiritu
1269 1381 1381 1434 quod
1412 1388 1549 1420 mater
1580 1381 1669 1420 eius
1701 1380 1846 1419 habuit

533 1451 573 1489 in
606 1464 797 1503 corpore,
832 1458 877 1490 ut
908 1458 946 1490 et
977 1458 1113 1491 mater
1141 1457 1180 1490 et
1208 1452 1328 1504 virgo
1358 1451 1425 1490 sit.
1460 1452 1511 1490 Et
1541 1451 1622 1490 hoc
1655 1459 1715 1489 est
1745 1463 1843 1502 pro-

533 1520 673 1572 prium
706 1521 796 1560 Deo
829 1530 989 1571 nostro,
1034 1530 1080 1561 ut
1121 1522 1171 1560 de
1210 1529 1404 1574 corrupta
1436 1520 1568 1574 possit
1600 1520 1731 1559 facere
1764 1519 1844 1558 vir-

532 1589 686 1642 ginem,
710 1590 816 1630 sicut
847 1591 979 1629 homo
1014 1599 1158 1630 contra
1191 1592 1241 1630 de
1272 1590 1430 1643 virgine
1463 1590 1557 1629 facit
1589 1598 1843 1642 corruptam,

532 1659 693 1699 dicente
722 1660 951 1710 Jeronimo,
978 1659 1083 1699 libro
1106 1660 1256 1713 primo,
1280 1673 1404 1712 super
1435 1659 1506 1698 illo
1527 1659 1635 1699 Osee
1667 1659 1737 1710 ΠΟ,
1777 1668 1843 1711 19:
1861 1681 1903 1702 20

534 1729 752 1782 Sponsabo
792 1737 830 1770 te
862 1730 964 1769 mihi
994 1731 1037 1769 in
1069 1731 1374 1783 sempiternum
1407 1736 1446 1769 et
1481 1729 1691 1782 sponsabo
1731 1735 1769 1768 te
1800 1729 1841 1767 in

532 1801 696 1840 iusticia
739 1807 778 1839 et
820 1800 970 1839 iudicio
1009 1807 1048 1839 et
1087 1799 1379 1839 misericordia
1419 1806 1457 1839 et
1494 1798 1843 1839 miseracionibus

532 1877 571 1909 et
599 1869 809 1922 sponsabo
849 1876 886 1908 te
924 1869 1024 1908 mihi
1063 1870 1104 1908 in
1129 1869 1234 1923 fide.
1283 1869 1417 1920 Super
1449 1882 1534 1922 quo
1567 1868 1622 1907 sic
1656 1867 1845 1921 loquitur

532 1949 698 1979 sanctus
732 1941 879 1979 doctor
900 1938 947 1980 *ι
976 1940 1012 1980 Ο
1054 1947 1213 1993 quanta
1251 1940 1478 1979 clemencia
1512 1939 1604 1989 Dei,
1639 1938 1844 1977 meretrix
1867 1948 1941 1981 1880

534 2023 612 2062 que
626 2023 720 2049 cum
737 2011 879 2050 multis
895 2010 1390 2063 amatoribusfornicata
1406 2016 1468 2048 est
1482 2015 1520 2048 et
1533 2008 1582 2047 ob
1598 2008 1673 2047 hoc
1687 2008 1844 2046 crimen
1863 2018 1902 2051 25

532 2080 670 2119 bestiis
704 2080 873 2132 tradita,
899 2087 1127 2133 postquam
1161 2080 1388 2119 revertitur
1419 2078 1474 2118 ad
1504 2079 1656 2126 virum,
1691 2090 1845 2130 nequa-

531 2162 658 2202 quam
692 2150 728 2188 ei
759 2150 1029 2189 reconciliari
1060 2150 1214 2189 dicitur
1250 2149 1324 2189 sed
1355 2147 1616 2201 desponderi.
1671 2146 1727 2185 Et
1757 2146 1847 2185 vide

531 2219 633 2271 quid
669 2219 723 2257 sit
754 2220 862 2258 inter
894 2220 976 2258 Dei
1007 2220 1347 2259 conizmccz'onem
1381 2225 1419 2257 et
1450 2218 1690 2265 lio-minium·
1723 2217 1845 2255 homo

532 2301 625 2327 cum
662 2302 839 2328 uxorem
873 2289 1092 2341 acceperit,
1126 2288 1175 2327 de
1206 2288 1373 2341 virgine
1405 2287 1622 2326 mulierem
1642 2285 1771 2339 facit,
1805 2285 1847 2324 id

532 2365 605 2405 est,
632 2371 713 2397 non
738 2359 970 2411 virginem;
995 2357 1117 2397 Deus
1142 2364 1281 2397 autem
1310 2357 1602 2396 meretricibus
1624 2355 1846 2408 copulatus
1861 2365 1902 2397 30

584 2537 608 2556 2.
630 2530 668 2557 B:
690 2530 792 2557 huius.
809 2528 933 2557 Omnia.
1060 2537 1085 2563 7.
1121 2529 1152 2555 ss:
1180 2527 1319 2555 concedit
1334 2527 1436 2554 huius.
1574 2534 1620 2553 20.
1641 2526 1669 2553 A
1683 2525 1713 2553 in
1730 2533 1843 2560 marg.:

530 2576 726 2612 Jeronymus.
870 2583 908 2603 21.
929 2577 956 2602 A
976 2576 1006 2603 in
1027 2583 1140 2610 marga
1176 2574 1289 2602 Christi
1311 2573 1515 2609 desponsacio
1535 2573 1607 2600 facit
1630 2581 1666 2600 ex
1686 2572 1845 2600 meretrice

533 2623 693 2655 virginem.
716 2621 795 2649 Vide
815 2630 918 2657 supra.
1061 2630 1107 2655 24.
1130 2622 1167 2648 B:
1194 2620 1226 2648 S.
1247 2620 1396 2648 Thomas
1537 2619 1582 2648 28.
1609 2619 1794 2647 coniunctos
1813 2618 1843 2645 in

531 2669 623 2696 codd.
651 2668 778 2696 Correxi
801 2677 815 2695 e
835 2673 916 2696 textu
937 2668 1128 2703 Hieronymi.

596 2786 649 2818 15.
684 2787 772 2829 Aug.
801 2786 892 2829 Opp.
918 2793 1002 2818 tom.
1029 2787 1069 2827 V,
1095 2796 1171 2828 pag.
1199 2784 1276 2827 675.
1419 2795 1472 2825 24.
1508 2783 1710 2825 Hieronymi
1737 2784 1843 2815 Com-

533 2851 638 2876 ment.
666 2845 698 2875 in
719 2844 846 2876 Oseam
866 2844 1027 2887 prophet.
1055 2844 1112 2876 lib.
1133 2845 1155 2884 Ι,
1182 2854 1254 2886 cap.
1276 2843 1312 2875 ΙΙ.
1333 2843 1425 2885 Opp.
1446 2842 1490 2873 VI
1527 2840 1598 2884 (ed.
1617 2841 1746 2883 Migne)
1765 2840 1842 2873 881.
