2051 3343
212 271 300 300 CAP.
310 272 346 299 11.
722 274 781 305 DE
808 274 1042 308 ECCLEsrA.
1763 268 1816 316 43

59 391 96 425 N
122 380 309 434 134¹³satis
343 388 403 420 est
446 380 560 433 quod
612 379 849 432 postposita
896 378 1053 418 desidia
1098 372 1277 419 habeant
1321 379 1447 418 fidem
1486 379 1528 418 in

211 449 356 489 habitu
388 449 623 489 formatam.

165 530 197 563 o
269 519 331 558 Ex
375 518 463 558 istis
507 526 620 571 patet
663 517 790 557 tercio
836 518 951 571 quod
1005 517 1180 570 quilibet
1225 517 1353 557 laicus
1397 517 1529 557 fidelis
1556 528 1812 568 thtmenarp.

213 596 376 628 tenetur
434 588 596 627 credere
652 588 768 640 quod
819 587 945 626 habet
997 586 1214 627 Christum
1271 587 1531 627 sacerdotem
1545 569 1576 591 ¹⁰
1598 563 1822 634 liiiiiissssiifhffl

180 669 352 709 §suum,
390 667 609 708 rectorem,
651 657 899 710 episcopum
932 665 1056 710 atque
1088 671 1259 710 papam,
1308 666 1347 696 et
1391 657 1447 697 sic
1480 658 1530 696 de

212 727 300 766 aliis
331 727 483 766 sanctis
517 726 671 766 Christi
703 725 875 765 vicariis
916 726 996 765 Sed
1043 727 1282 766 accedendo
1327 727 1378 765 ad
1422 726 1528 765 diffi-

212 796 409 835 cultatem
441 796 608 836 dicitur:
643 809 741 835 cum
773 804 888 835 actus
922 804 1019 835 sunt
1041 796 1363 848 suppositorum
1385 796 1529 848 singu-

211 866 362 905 larium
393 875 433 906 et
465 865 597 905 nostri
627 864 771 905 fideles
814 864 906 904 laici
949 865 1266 905 communicant
1310 879 1408 904 cum
1446 865 1530 905 suis

213 935 462 989 presbyteris
496 944 536 974 et
568 934 732 985 curatis,
765 947 931 974 necesse
963 943 1023 974 est
1054 935 1171 987 quod
1193 934 1373 973 habeant
1404 934 1532 973 fidem

159 1026 197 1048 10
213 1006 262 1043 de
294 1004 393 1044 illis:
438 1004 534 1043 ideo
580 1004 672 1043 laici
717 1012 912 1044 tenentur
957 1004 1006 1042 de
1051 1003 1261 1057 aliquibus
1306 1004 1531 1056 prepositis

212 1073 296 1114 suis
329 1074 493 1113 credere
525 1073 673 1112 saltem
703 1073 904 1125 implicite
929 1073 1044 1126 quod
1067 1082 1166 1113 sunt
1189 1081 1326 1126 partes
1360 1073 1531 1113 ecclesie

213 1154 251 1184 et
283 1143 417 1197 capita
449 1156 536 1195 sua,
583 1152 622 1183 et
654 1143 704 1182 de
736 1143 826 1182 aliis
860 1156 946 1182 non
978 1152 1186 1194 tenentur,
1231 1151 1271 1182 et
1302 1152 1532 1196 utrumque

212 1214 452 1253 membrum
487 1222 625 1265 potest
649 1213 870 1264 subdividi,
905 1213 971 1252 vel
1002 1214 1119 1266 quod
1150 1221 1346 1253 tenentur
1369 1213 1532 1252 credere

212 1284 268 1323 sic
301 1284 350 1323 de
382 1283 462 1323 illis
495 1283 728 1322 secundum
760 1292 998 1335 presentem
1030 1282 1240 1323 iusticiam
1271 1283 1337 1321 vel
1370 1281 1530 1334 simpli-

160 1354 312 1394 15citer
343 1353 579 1393 secundum
611 1353 1033 1405 predestinacionem.
1076 1353 1199 1392 Tunc
1233 1352 1382 1392 dicitur
1419 1353 1534 1406 quod

214 1423 303 1463 laici
347 1436 432 1462 non
476 1430 671 1462 tenentur
714 1423 879 1462 credere
926 1422 1043 1461 aliter
1086 1422 1136 1461 de
1188 1436 1265 1461 suo
1317 1422 1532 1475 preposito

213 1493 291 1532 nisi
313 1506 471 1532 verum.
506 1493 624 1532 Patet
646 1492 726 1532 sic:
750 1493 887 1531 Nemo
911 1500 1075 1531 tenetur
1096 1491 1331 1545 quidquam
1355 1492 1533 1544 credere,

213 1562 291 1601 nisi
334 1562 450 1615 quod
481 1562 594 1601 Deus
635 1570 779 1601 movet
821 1575 919 1601 eum
965 1562 1147 1613 credere;
1192 1562 1264 1601 sed
1295 1561 1409 1601 Deus
1447 1575 1531 1600 non

214 1640 357 1671 movet
380 1631 600 1671 hominem
623 1632 674 1671 ad
701 1631 958 1670 credendum
981 1631 1152 1671 falsum:
1185 1631 1280 1670 ideo
1303 1644 1389 1670 non
1413 1632 1535 1671 debet

157 1721 199 1743 20
215 1702 377 1741 credere
416 1700 586 1752 falsum3
632 1701 728 1740 licet
771 1700 885 1740 enim
923 1715 971 1740 ex
1013 1700 1095 1740 fide
1138 1700 1239 1740 falsa
1276 1701 1533 1755 quandoque

214 1771 377 1810 bonurn
400 1770 617 1824 proveniat
641 1779 680 1810 et
703 1770 816 1810 Deus
839 1778 1006 1809 moveat
1027 1770 1380 1810 adsubstanciam
1402 1779 1532 1822 actus,

213 1849 353 1880 tamen
385 1840 499 1880 Deus
532 1853 617 1879 non
649 1840 706 1878 sic
738 1849 881 1880 movet
912 1840 1146 1891 hominem,
1192 1848 1239 1879 ut
1270 1839 1435 1879 fallatur
1467 1838 1533 1895 (ut

213 1918 327 1963 patet
357 1910 462 1949 libro
504 1918 633 1962 sexto,
667 1918 842 1950 tractatu
875 1910 925 1949 de
957 1909 1191 1961 mendacio,
1225 1910 1408 1962 capitulo
1446 1907 1530 1964 —).

272 1981 334 2019 Ex
366 1980 452 2019 istis
485 1989 599 2032 patet
632 1980 817 2019 secundo
851 1980 967 2033 quod
998 1987 1141 2032 pastor
1168 1988 1333 2019 tenetur
1356 1992 1529 2018 monere
1565 2000 1634 2027 The
1656 2000 1808 2036 pastoris

326 2050 333 2056 ·
690 2050 697 2056 ·
873 2049 881 2056 ·
1260 2049 1268 2056 ·
1548 2036 1653 2063 bound
1679 2041 1710 2062 to
1738 2035 1826 2062 show

161 2058 199 2090 25
215 2050 405 2089 subditos
453 2064 550 2089 suos
583 2063 656 2102 per
688 2058 990 2089 instrucciones
1022 2063 1201 2101 operum
1231 2057 1531 2100 virtuosorum,
1548 2070 1676 2097 himself
1691 2071 1729 2105 by
1745 2070 1825 2104 good

216 2128 262 2159 ut
292 2119 420 2159 fidem
452 2119 529 2158 sibi
562 2119 786 2159 adhibeant
833 2120 949 2172 quod
981 2119 1033 2158 sit
1063 2119 1168 2158 talis.
1214 2119 1331 2158 Patet
1375 2132 1423 2157 ex
1455 2118 1534 2157 hoc
1549 2104 1829 2167 Wssfigscffiffsagffff

217 2189 332 2242 quod
364 2188 480 2228 aliter
511 2189 766 2241 acceptando
805 2189 884 2228 tale
923 2188 1113 2227 officium
1151 2196 1340 2240 peccaret
1377 2197 1533 2227 morta-

216 2259 320 2310 liter,
352 2272 500 2311 ymmo
533 2258 773 2297 inducendo
820 2257 961 2296 hostes
1005 2257 1048 2296 in
1094 2257 1311 2296 ecclesiam
1355 2257 1536 2296 domum

216 2327 292 2367 Dei
325 2327 429 2367 foret
460 2327 650 2380 proditor
674 2327 749 2367 Dei
773 2328 849 2367 sui.
885 2327 1069 2376 Quando
1103 2340 1200 2379 ergo
1234 2326 1425 2366 subditus
1449 2341 1535 2367 non

160 2397 433 2449 Socognoscit
476 2397 574 2437 talia
624 2397 839 2437 fructuosa
883 2410 1012 2450 opera
1064 2396 1128 2435 sui
1179 2396 1396 2448 prepositi,
1449 2411 1535 2436 non

217 2475 381 2507 tenetur
424 2467 587 2506 credere
631 2468 747 2520 quod
795 2467 846 2506 sit
888 2466 993 2507 talis.
1048 2466 1088 2506 Si
1135 2474 1277 2505 autem
1321 2467 1537 2519 cognoscit

217 2536 431 2589 implicite,
464 2544 630 2576 tenetur
662 2535 1039 2590 proporcionaliter
1072 2536 1250 2587 credere,
1292 2544 1332 2575 et
1364 2537 1536 2590 quando

276 2671 375 2700 3.AB
396 2672 426 2699 in
446 2680 550 2707 marg:
573 2671 762 2708 Conclusim
782 2674 810 2701 A
824 2673 854 2700 in
869 2680 972 2706 marg:
996 2671 1038 2698 De
1060 2672 1230 2707 prepositis
1245 2673 1407 2708 quomodo
1428 2678 1536 2701 tenen-

217 2725 266 2747 tur
286 2718 399 2747 subditi
421 2719 555 2746 credere.
583 2719 705 2754 (Above
726 2719 790 2753 134⁸
801 2719 931 2746 without
956 2719 1043 2745 mark
1070 2718 1105 2745 of
1130 2717 1310 2753 reference.)
1340 2720 1362 2746 Β
1384 2719 1411 2747 in
1434 2729 1534 2756 marg:

218 2765 277 2793 Hic
296 2770 380 2802 nota,
400 2766 561 2801 quomodo
577 2767 766 2794 credendum
787 2771 832 2793 est
852 2765 1031 2801 prepositos
1052 2769 1176 2792 nostros
1198 2773 1265 2792 esse
1281 2770 1381 2800 partes
1397 2767 1537 2794 ecclesie.

218 2811 313 2839 lbid.:
344 2811 431 2839 Laici
461 2817 603 2840 tenentur
627 2812 753 2840 credere
780 2812 817 2839 de
844 2812 998 2847 aliquibus
1030 2819 1159 2838 suorum
1190 2811 1423 2846 prepositorum
1453 2813 1537 2848 quod

218 2863 290 2885 sunt
309 2864 410 2894 partes
431 2858 569 2886 ecclesie.
650 2858 694 2886 23.
708 2858 729 2884 Β
750 2858 873 2893 quinto:
893 2862 1024 2885 tractatu
1039 2857 1076 2884 de
1088 2857 1251 2884 mendacio
1269 2856 1299 2884 in
1315 2866 1412 2894 marg,
1426 2866 1488 2885 non
1505 2858 1535 2885 in

216 2909 310 2932 textu.
330 2905 422 2932 Liber
441 2909 544 2932 sextus
564 2904 590 2932 is
609 2905 621 2932 1
642 2912 780 2940 suppose
801 2905 852 2931 the
873 2904 917 2931 De
939 2903 1073 2931 Veritate
1093 2902 1125 2931 S.
1144 2902 1313 2938 Scripture.
