2051 3273
191 259 272 284 210
913 256 1136 287 JOHANNIS
1161 255 1356 287 WYCLIF.
1626 243 1731 296 [CAP.
1752 251 1790 279 x.

474 360 709 399 secundum
732 360 868 412 legem
891 360 1092 412 scripture
1116 368 1283 398 sonaret
1315 358 1355 397 in
1381 359 1593 398 caritatem
1618 367 1656 398 et
1680 358 1790 397 utili-
1811 367 1890 411 157d
1906 368 1940 401 D

474 439 604 469 tatem
649 429 833 480 ecclesie,
880 428 979 482 quia
1018 442 1116 468 cum
1155 428 1299 468 omnia
1332 427 1438 467 facta
1476 427 1792 468 sceleratissima

474 507 647 552 possent
690 498 911 538 occasione
958 497 1242 538 misericordie
1285 497 1362 537 Dei
1404 511 1552 537 sonare
1595 498 1647 537 ad
1695 511 1792 550 pro-

476 569 632 608 fectum
666 568 848 621 ecclesie,
895 577 1099 620 patronus
1133 567 1302 607 ecclesie
1334 567 1616 607 indifferenter
1649 566 1794 606 omnia

212 646 384 673 Otherwise
407 646 443 672 an
475 638 570 677 talia
614 638 836 680 ordinaret.
889 638 955 677 Sic
1003 651 1099 690 ergo
1145 637 1389 677 conceditur
1435 637 1549 689 quod
1593 644 1681 675 tam
1725 647 1827 679 rex5

192 680 454 749 ῐῖῆὲἓεῗέιὲῗὲιιῗξ
478 722 605 761 quam
639 721 814 760 regnum
848 717 1042 747 nostrum
1075 708 1233 746 nedum
1265 715 1404 759 potest
1443 707 1514 745 sed
1553 706 1674 745 debet
1696 703 1722 731 ἧς
1744 706 1795 744 de
1815 714 1892 747 158a

187 755 238 811 oiist
254 754 566 830 ‘iieslinaksniii-ilege
612 777 788 817 caritatis
840 776 940 831 (que
984 786 1046 817 est
1092 777 1156 816 ius
1203 776 1606 816 communissimum
1651 784 1796 815 contra

477 848 592 900 quod
638 860 724 886 non
765 846 810 886 fit
848 845 1129 900 dispensacio)
1174 846 1384 886 remittere
1429 860 1579 886 omnes
1625 845 1796 884 iniurias

478 917 611 956 fratris
645 918 722 968 sui,
769 918 927 956 nedum
971 915 1171 969 hospitati
1216 915 1321 954 infra
1354 915 1567 955 basilicam
1599 916 1671 953 sed
1704 914 1796 954 ubi—

478 1001 645 1039 cunque
662 996 862 1026 terrarum
882 986 1018 1038 fuerit,
1042 987 1119 1025 sub
1143 986 1254 1037 divo,
1279 986 1319 1024 in
1343 986 1432 1025 celo
1456 985 1520 1024 vel
1538 984 1795 1037 purgatorio.
1816 1006 1855 1027 10

538 1057 647 1095 Nam
681 1070 779 1095 cum
813 1056 1019 1095 remittere
1043 1055 1239 1095 iniuriam
1272 1055 1323 1094 sit
1347 1054 1560 1094 caritatem
1583 1055 1845 1107 ignoscereE

480 1126 616 1178 ipsam
649 1127 789 1179 quoad
836 1126 1190 1178 dampnacionem
1223 1126 1287 1164 vel
1325 1125 1568 1175 vindictam,
1614 1124 1796 1162 volendo

480 1195 748 1235 iniuriantem
792 1196 964 1235 transire
1016 1196 1237 1248 impunem
1293 1196 1342 1233 de
1390 1203 1550 1248 quanto
1595 1192 1798 1246 placuerit

479 1266 655 1305 domino
690 1266 869 1318 capitali,
909 1276 1022 1320 patet
1056 1266 1171 1320 quod
1213 1265 1351 1305 omnis
1393 1265 1642 1304 christianus
1675 1263 1798 1302 debet

481 1337 668 1375 cedendo
686 1336 853 1375 Christo
877 1337 1084 1375 remittere
1103 1334 1329 1390 (quantum
1345 1334 1385 1373 in
1402 1334 1494 1387 ipso
1519 1332 1596 1387 est)
1622 1346 1797 1373 omnem
1818 1344 1854 1376 15

480 1404 614 1444 fratris
647 1405 855 1445 iniuriam.
890 1407 1000 1445 Nam
1034 1415 1078 1445 ut
1111 1405 1166 1444 sic
1199 1404 1409 1444 meritorie
1445 1403 1574 1442 desert
1602 1404 1691 1442 Deo
1724 1405 1795 1455 qui

190 1488 365 1516 Remission
389 1489 413 1515 is
435 1475 801 1515 osDeuteronomii
834 1476 1023 1526 ΧΧΧῘΙΟ,
1050 1475 1115 1526 35,
1140 1475 1256 1514 dicit:
1288 1475 1389 1513 Mea
1415 1480 1476 1513 est
1506 1474 1616 1512 ulcio
1649 1478 1688 1511 et
1719 1485 1799 1525 ego

235 1529 296 1551 two
318 1523 424 1550 kinds:
584 1545 591 1553 .
891 1545 897 1552 .
1337 1544 1343 1550 .
1397 1543 1403 1549 .
1533 1543 1540 1550 .
1566 1543 1572 1549 .
1757 1542 1763 1548 .
1790 1542 1796 1548 .

189 1560 221 1590 a)
242 1558 342 1585 osnie
362 1546 734 1593 spirit-retrzbuam„
781 1545 835 1584 Et
868 1559 925 1584 Sic
959 1554 1019 1584 est
1051 1545 1205 1597 duplex
1243 1557 1448 1594 remissio,
1488 1543 1641 1582 scillcet
1672 1543 1830 1584 deb1t11

202 1595 248 1620 nal
277 1594 363 1624 debr:
395 1594 453 1620 and
535 1615 542 1622 .
572 1615 578 1620 .
679 1615 684 1620 .
934 1615 940 1622 .
965 1615 971 1621 .
1160 1615 1168 1621 .
1215 1614 1222 1621 .
1760 1612 1766 1618 ·

189 1629 247 1655 this
269 1633 350 1670 mugi
366 1628 467 1655 beieft
482 1615 708 1668 spiritualis
752 1629 838 1668 quo
872 1615 1048 1668 quilibet
1086 1614 1333 1654 chrlstianus
1372 1614 1493 1653 debet
1526 1613 1725 1666 prodesse
1757 1626 1798 1651 m

262 1667 291 1689 ¹⁰
314 1663 400 1698 (ΜΞ
482 1685 566 1724 vita
590 1684 767 1724 caritatis
792 1684 960 1724 cuilibet
983 1685 1176 1724 membro
1200 1683 1390 1736 ecclesie3
1414 1692 1454 1723 et
1483 1683 1588 1722 illud
1611 1682 1801 1721 debitum
1817 1702 1859 1723 20

482 1755 654 1794 incurrit
677 1754 850 1808 quilibet
872 1763 1066 1807 peccator
1087 1752 1148 1809 (in
1169 1762 1376 1807 quantum
1398 1750 1676 1806 huiusmodi),
1702 1765 1801 1790 cum

482 1839 529 1863 ex
561 1825 650 1876 lege
684 1824 860 1863 caritatis
894 1833 933 1863 et
965 1824 1268 1863 communione
1301 1832 1543 1862 sanctorum
1581 1822 1802 1861 iniuriatur

482 1896 572 1934 Deo
618 1904 657 1934 et
701 1894 777 1934 toti
811 1893 994 1945 ecclesie,
1039 1903 1085 1933 ut
1122 1902 1236 1946 patet
1278 1894 1447 1946 XXlna,
1492 1907 1530 1946 q.
1577 1892 1644 1932 IV.
1708 1890 1802 1930 Hec

484 1971 640 2012 autem,
681 1973 719 2003 et
763 1964 958 2003 recitatur
990 1964 1184 2016 proximo
1218 1964 1416 2016 capitulo.
1471 1962 1622 2002 Talem
1659 1969 1802 2000 autem

214 2050 244 2082 ιτ)
264 2048 451 2076 ornicum·
485 2034 777 2073 remissionem
822 2035 944 2073 debet
990 2034 1166 2087 quilibet
1212 2042 1406 2086 peccator
1457 2032 1607 2071 habere
1659 2030 1801 2084 quoad
1819 2040 1858 2072 25

216 2083 445 2155 xissiiiifieiiita'n
487 2117 660 2142 omnem
694 2103 887 2143 iniuriam
921 2103 1052 2142 fratris
1092 2103 1167 2154 sui,
1202 2117 1300 2142 cum
1338 2102 1460 2142 debet
1492 2101 1705 2141 humiliter
1737 2099 1800 2138 iu-

194 2155 643 2249 migaissgligv‘iigffidicium
683 2173 885 2225 puniendi
919 2174 1007 2212 Deo
1046 2173 1293 2226 relinquere.
1343 2173 1534 2211 Secunda
1567 2179 1710 2210 autem
1741 2177 1840 2212 θεῖε

207 2228 308 2249 exacte
376 2230 392 2256 y
433 2229 460 2247 ie

302 2260 370 2284 iaw.
486 2243 675 2282 remissio
708 2243 836 2282 debiti
871 2243 1111 2295 corporalis,
1146 2256 1274 2295 quam
1306 2252 1352 2281 ut
1381 2242 1473 2295 quis
1507 2240 1660 2291 fecerit,
1696 2239 1803 2278 cedit

485 2312 563 2351 iuri
587 2313 687 2351 illud
712 2313 901 2352 debitum
925 2311 1151 2365 repetendi.
1186 2312 1238 2350 Et
1261 2312 1331 2364 qui
1357 2325 1443 2350 non
1467 2310 1649 2362 concipit
1682 2309 1801 2348 istam

486 2382 699 2434 duplicem
743 2382 1034 2421 remissionem
1081 2381 1220 2429 debiti,
1266 2390 1326 2420 est
1368 2381 1489 2420 valde
1528 2379 1803 2432 indispositus
1821 2386 1862 2418 30

486 2452 536 2490 ad
570 2452 897 2504 concipiendum
930 2452 1145 2491 materiam
1181 2450 1499 2504 privilegiorum
1539 2448 1708 2489 ecclesie
1740 2448 1802 2487 vel

539 2611 562 2638 5.
591 2613 619 2638 Α
641 2612 670 2638 in
692 2619 805 2646 marg:
837 2610 1016 2640 Conclusio.
1161 2618 1195 2638 ιι.
1222 2611 1250 2637 Α
1271 2609 1299 2637 in
1322 2617 1437 2644 marg:
1471 2609 1553 2645 Quid
1582 2613 1626 2635 est
1648 2609 1803 2635 remittere

488 2657 640 2684 Iniuriam.
761 2658 798 2686 15.
820 2657 860 2684 B:
882 2659 1098 2687 concedendo.
1118 2660 1125 2664 “
1219 2665 1258 2692 17.
1279 2658 1305 2684 A
1327 2656 1356 2683 in
1378 2664 1492 2690 marga
1515 2655 1635 2690 Duplex
1648 2653 1803 2681 remissio.

488 2703 508 2730 Β
540 2705 569 2730 in
590 2712 686 2739 marg.
709 2713 790 2732 man.
821 2706 888 2732 alh:
910 2704 1064 2733 Remissio
1093 2703 1217 2739 duplex.
1360 2702 1406 2730 28.
1434 2704 1491 2737 A1:
1513 2701 1605 2729 debiti
1627 2701 1753 2737 scilicet,
1774 2701 1803 2727 in

487 2751 556 2779 cod.
579 2751 612 2785 {A
634 2750 750 2779 scilicet
773 2752 939 2779 extincium
961 2756 1014 2778 est.

549 2870 600 2901 23.
628 2871 711 2912 Cap.
737 2871 811 2904 XV.
