2051 3343
250 269 339 298 CAP-
367 257 455 316 VH·]
763 275 822 307 DE
849 273 1084 307 ECCLESIA.
1773 271 1785 296 1
1795 257 1847 307 45

98 388 129 421 G
156 378 333 429 148⁰Nec
388 375 496 417 valet
551 378 735 417 secundo
795 379 910 432 quod
964 378 1065 418 Joab
1128 375 1340 416 commisit
1394 384 1755 448 peccatamthlessetlgirse
1775 391 1850 448 pha?

248 448 400 500 gravia,
446 462 526 502 que
565 448 660 501 plus
704 449 931 487 movebant
976 461 1105 500 quam
1147 445 1330 498 suspicio
1375 445 1425 484 de
1469 456 1849 517 per-fgzssmaegtfflguansdisn

246 517 488 557 turbacione
532 517 682 571 futura,
726 526 818 557 tum
866 516 962 570 quia
1006 516 1062 556 sic
1101 524 1161 555 est
1199 515 1241 553 in
1280 528 1377 554 casu
1415 523 1560 555 nostro
1656 524 1771 552 Joab‘s.

247 586 296 625 de
349 588 527 640 superba
578 600 726 627 eorum
776 586 1077 638 inobediencia,
1131 593 1223 624 tum
1275 585 1406 625 eciam
1463 584 1562 638 quia

213 664 408 697 5certum
454 656 618 696 videtur
662 670 710 695 ex
752 665 867 696 textu
913 658 1029 710 quod
1066 657 1194 696 timor
1231 654 1561 709 perturbacionis

247 725 361 779 regni
401 725 640 765 Salomonis
685 725 763 765 fuit
802 739 924 766 causa
961 725 1178 766 occidendi
1215 725 1316 765 Joab
1349 724 1560 778 precipua,

248 795 345 848 quia
388 795 595 848 ignoravit
638 795 670 835 si
716 796 854 849 priora
893 795 1064 835 crimina
1108 796 1189 835 sint
1233 795 1422 847 dimissa3
1465 794 1560 833 ideo

245 864 417 916 punicio
433 873 630 919 quattuor
645 879 922 918 personarum
937 866 987 905 de
1002 865 1154 919 quibus
1170 865 1226 904 ibi
1243 864 1290 904 fit
1307 864 1466 904 mentio
1484 863 1563 903 fuit

246 934 442 987 precipue
472 935 524 974 ad
557 934 864 987 pacificandum
892 935 934 974 in
972 944 1189 988 posterum
1217 947 1394 988 regnum
1422 947 1560 973 suum.

192 1021 231 1042 10
304 1005 390 1044 Nec
421 1005 530 1044 valet
560 1004 687 1044 tercio
711 1005 845 1045 dicere
878 1005 993 1058 quod
1026 1013 1310 1058 expectaretur
1339 1017 1563 1058 quousque
1593 1010 1838 1074 {bltviasituffiffle

245 1074 421 1127 probata
443 1073 566 1113 fuerit
587 1074 704 1127 regni
726 1074 991 1128 perturbacio
1015 1074 1098 1113 sive
1132 1074 1333 1127 prodicio,
1368 1074 1465 1128 quia
1492 1073 1562 1112 illa
1575 1086 1705 1143 treasoss
1708 1082 1849 1143 ticsdcom-

244 1143 443 1196 probacio
477 1142 584 1184 foret
615 1144 739 1183 nimis
764 1144 924 1184 diutina
947 1153 1092 1184 contra
1119 1143 1392 1197 prudenciam
1415 1156 1558 1197 preca·
1656 1124 1674 1151 p
1763 1137 1770 1144 ’

243 1213 366 1252 vendi
400 1227 528 1267 regno
557 1214 761 1268 pericula3
794 1215 865 1254 sed
897 1214 977 1254 hoc
1006 1214 1172 1254 videtur
1194 1213 1412 1267 probabile
1444 1213 1562 1267 quod

244 1296 331 1322 non
347 1282 565 1323 inferretur
583 1284 639 1323 eis
654 1284 756 1323 lesio
776 1284 1015 1337 corporalis,
1031 1292 1258 1337 antequam
1273 1284 1395 1337 culpa
1414 1296 1562 1323 eorum

191 1358 228 1391 15
246 1351 369 1392 fuerit
399 1353 566 1393 notoria
596 1354 662 1393 vel
694 1355 928 1394 secundum
959 1354 1069 1407 leges
1092 1354 1223 1407 patrie
1254 1353 1430 1407 probata
1460 1352 1560 1405 legi-

244 1422 357 1463 time.
380 1423 509 1463 Aliud
542 1423 653 1463 enim
678 1432 738 1463 est
770 1425 998 1477 dampnare
1036 1424 1256 1463 hominem
1293 1424 1343 1463 de
1374 1431 1490 1462 reatu
1523 1430 1563 1461 et

245 1491 357 1531 aliud
407 1493 459 1532 ad
508 1493 685 1533 tutelam
734 1494 850 1547 regni
903 1508 1065 1534 servare
1109 1494 1251 1547 ipsum
1293 1492 1562 1533 vehementer

245 1571 489 1615 suspectum
520 1563 563 1601 in
596 1563 707 1602 salva
739 1564 941 1604 custodia.

304 1632 464 1680 Quarta
495 1631 644 1672 ficticia
677 1647 759 1686 qua
787 1633 936 1673 dicitur
959 1633 1234 1673 Salomonem
1265 1633 1308 1671 in
1340 1633 1561 1686 proposito
1576 1647 1624 1700 ass'i
1643 1636 1849 1708 Ξοὲῖῑζξοηέἓά

188 1717 229 1738 20
245 1700 384 1741 illicite
416 1701 620 1741 iudicasse
656 1715 742 1741 non
772 1702 897 1742 habet
919 1703 1116 1753 colorem,
1151 1716 1247 1742 cum
1278 1702 1335 1741 sic
1360 1702 1563 1742 diceretur
1601 1709 1641 1744 by
1655 1694 1832 1743 Scriptum.

245 1771 296 1810 de
328 1785 454 1824 opere
498 1772 687 1825 legitimo
720 1772 901 1813 aliorum
945 1787 1052 1826 quos
1085 1773 1304 1826 sequimur
1337 1785 1385 1812 ex
1417 1781 1560 1813 aucto-

243 1840 362 1880 ritate
381 1841 593 1894 scripture.
619 1842 729 1882 Cum
751 1842 864 1882 enim
882 1842 1084 1896 scriptura
1106 1851 1273 1882 tantum
1291 1843 1562 1882 commendat

245 1910 499 1963 sapienciam
533 1925 651 1952 suam
683 1921 722 1952 et
750 1926 836 1952 non
864 1913 1058 1965 reprobat
1081 1914 1152 1952 sed
1175 1913 1399 1966 multiplici
1421 1912 1560 1953 muni-

245 1980 363 2020 cione
395 1982 602 2034 approbat
632 1981 738 2021 illud
784 1981 955 2034 factum,
1001 1982 1166 2022 videtur
1217 1997 1266 2022 ex
1309 1982 1562 2022 sufficiencia

187 2050 445 2103 25scripture
474 2051 592 2105 quod
623 2051 701 2091 fuit
732 2051 891 2092 factum
922 2052 1171 2105 legitimum.
1218 2052 1284 2092 Sic
1317 2052 1430 2092 enim
1462 2066 1560 2104 sup-

243 2128 410 2173 ponunt
427 2120 537 2173 leges
553 2121 737 2162 humane
760 2122 993 2162 bonitatem
1016 2136 1193 2176 persone
1217 2136 1441 2176 quousque
1463 2136 1560 2175 pro-

243 2189 364 2229 betur
378 2190 651 2244 contrarium3
674 2192 807 2232 immo
832 2206 978 2231 omnes
1000 2192 1111 2246 leges
1127 2192 1310 2232 humane
1326 2192 1563 2245 approbant

243 2259 390 2299 iudicis
433 2260 638 2300 inferioris
682 2261 886 2302 iudicium
939 2276 1162 2316 quousque
1215 2261 1302 2302 eius
1354 2261 1562 2301 iniusticia

245 2329 530 2370 convincatur.

195 2413 229 2446 D
302 2399 497 2439 Secundo
520 2399 805 2454 principaliter
836 2400 1022 2454 arguitur
1054 2401 1110 2440 sic
1143 2401 1194 2439 ad
1217 2401 1353 2440 idem:
1387 2400 1561 2441 Videtur

245 2469 360 2522 quod
383 2469 559 2523 quilibet
579 2470 711 2523 legius
736 2471 868 2510 homo
897 2470 1003 2524 regis
1026 2470 1177 2523 Anglie
1199 2478 1364 2510 tenetur
1395 2478 1561 2510 tantum

302 2627 323 2647 1.
343 2620 372 2647 A
392 2619 422 2647 in
443 2626 558 2654 marg:
579 2617 719 2647 Ficticia.
863 2627 893 2652 4.
913 2620 943 2647 A
962 2620 1002 2647 B:
1024 2619 1180 2655 superbia.
1324 2618 1352 2646 6.
1373 2617 1395 2645 B
1416 2617 1447 2646 in
1462 2625 1559 2653 marg.

244 2674 326 2694 man.
347 2674 424 2693 rec.:
458 2665 587 2700 Absque
618 2666 774 2700 completa
802 2665 1044 2700 investigacione
1074 2664 1265 2700 suspicionis
1286 2669 1332 2692 est
1359 2664 1560 2692 occidendus.

244 2721 271 2748 7.
287 2712 313 2739 8.
337 2712 376 2739 B:
403 2712 476 2740 Ideo
497 2711 650 2747 punicior.
759 2720 801 2740 ιο.
827 2714 856 2739 Α
881 2711 911 2739 in
933 2720 1048 2746 marg.:
1069 2711 1210 2740 Ficticia.
1318 2718 1406 2738 11.12.
1436 2710 1479 2737 D:
1510 2711 1561 2738 illa

245 2758 379 2793 paracio.
522 2767 560 2786 12.
588 2759 629 2785 D:
658 2757 774 2786 diutina
803 2767 862 2794 que
892 2758 1067 2786 excluderet
1098 2758 1312 2793 prudenciam.
1453 2765 1494 2791 14.
1525 2758 1559 2785 In

245 2805 353 2832 codd.:
375 2805 580 2833 inferreretur.
723 2813 765 2841 ¹9·
786 2806 816 2832 A
836 2805 866 2832 in
887 2813 999 2840 marg:
1021 2805 1157 2832 Ficticia.
1307 2811 1351 2832 22.
1370 2804 1400 2831 A
1419 2803 1459 2830 B:
1477 2809 1560 2831 tante

245 2852 452 2879 commendat.
551 2851 598 2879 26.
620 2851 662 2879 D:
684 2852 836 2879 bonitates
858 2860 991 2887 persone
1012 2859 1174 2887 quousque
1195 2852 1353 2886 probatur.
1452 2850 1498 2878 30.
1520 2850 1560 2877 B:

245 2895 361 2924 Tercio
383 2898 604 2933 principaliter.
626 2899 654 2925 A
679 2898 708 2925 in
730 2906 845 2933 marga
867 2897 1009 2925 Secunda
1032 2898 1205 2933 responsio.

1405 2956 1444 2977 10
