2051 3273
195 231 284 260 CAP.
300 219 426 277 xvim]
719 233 779 264 DE
806 231 1039 264 ECCLESIA.

41 350 74 384 Ε
100 339 304 392 187⁸dicta
335 348 374 378 et
406 347 549 378 contra
580 346 712 376 totam
746 336 926 388 speciem
960 334 1175 374 militantis
1217 334 1397 375 ecclesie.
1461 335 1502 374 Si

193 408 307 447 enim
337 408 415 448 ista
445 407 677 447 multitudo
711 405 785 445 erit
817 404 986 444 ecclesia
1027 404 1303 457 triumphanS,
1347 413 1385 443 et
1427 404 1504 444 ista

191 478 421 518 multitudo
466 485 526 516 est
573 475 742 516 ecclesia
786 474 983 526 militans,
1016 473 1286 513 infallibiliter
1317 473 1505 526 sequitur

191 548 307 600 quod
355 547 525 586 ecclesia
555 545 737 585 militans
777 544 851 584 erit
883 544 1055 583 ecclesia
1102 543 1379 595 triumphans.
1443 544 1504 582 Ex

159 626 275 670 5quo
323 625 436 669 patet
479 616 593 669 quod
631 628 719 654 non
752 613 960 653 differrent
990 613 1252 666 perfeccione
1291 613 1503 653 essenciali

193 700 360 726 excessu
404 684 585 736 infinito,
619 684 725 724 sicut
771 683 1007 723 substancia
1053 693 1091 723 et
1138 683 1341 734 accidens,
1386 693 1436 730 et,
1471 683 1503 723 si

190 769 316 795 nemo
348 755 529 794 militans
573 754 662 793 Deo
704 762 800 806 post
831 753 1050 793 victoriam
1083 752 1370 805 triumphabit,
1410 767 1502 806 per-

190 825 267 864 iret
310 811 359 863 ab
393 823 561 863 ecclesia
605 823 771 862 animus
816 822 1023 861 militandi
1068 830 1212 861 contra
1255 822 1505 875 scripturam

191 894 245 933 Ha
277 893 388 933 Tim.
422 893 490 944 IV,
524 892 568 935 8:
601 892 669 931 De
700 892 861 944 reliquo
900 892 1082 944 reposita
1123 898 1184 932 est
1215 892 1316 931 mihi
1347 905 1504 931 corona

137 963 351 1005 10iusticie
394 976 519 1016 quam
566 961 711 1001 reddet
754 962 856 1000 mihi
898 962 938 1000 in
984 962 1058 1000 illa
1091 962 1155 1001 die
1187 963 1323 1001 iustus
1356 962 1505 1012 iudex‚·

191 1046 278 1071 non
307 1033 422 1085 quod
454 1032 570 1071 nulla
593 1031 762 1071 ecclesia
786 1040 846 1070 est
877 1031 1141 1084 triumphans
1173 1032 1238 1070 vel
1270 1032 1389 1071 beata
1410 1041 1505 1072 ante

192 1102 304 1141 diem
333 1101 487 1153 iudicii,
522 1102 627 1141 sicut
658 1101 825 1153 fingunt
852 1101 1033 1152 heretici,
1067 1102 1138 1140 sed
1171 1110 1217 1141 ut
1238 1101 1337 1141 dicit
1360 1101 1504 1141 Cardi-

190 1172 294 1211 nalis
317 1171 618 1224 particulatim:
651 1172 760 1211 sicut
777 1172 953 1224 spiritus
977 1178 1201 1210 transeunt
1227 1171 1283 1211 ad
1303 1172 1504 1225 gloriam,

190 1241 250 1280 sic
264 1248 389 1280 erunt
403 1241 577 1280 ecclesia
594 1241 861 1293 triumphans
878 1254 958 1294 que
971 1240 1183 1294 quondam
1192 1241 1290 1294 fuit
1303 1242 1503 1283 militans.

1537 833 1596 860 and
1617 841 1648 859 as
1670 832 1774 868 spirits

1537 876 1609 903 pass
1629 873 1660 894 to
1680 868 1768 902 glory

1549 903 1619 938 they
1638 903 1766 930 become

1564 942 1631 972 part
1650 937 1685 964 of
1701 937 1751 964 the

1582 972 1706 999 Church

1554 1007 1755 1042 triumphant.

146 1320 177 1353 F
250 1311 310 1349 Ex
342 1324 427 1363 quo
461 1311 648 1350 secundo
682 1310 869 1363 sequitur
891 1311 1008 1363 quod
1031 1310 1199 1363 spiritus
1231 1310 1415 1349 hominis
1445 1322 1506 1351 est
1544 1319 1613 1348 The
1634 1320 1723 1355 spirit
1744 1320 1769 1347 is

192 1380 336 1419 eadem
380 1393 561 1432 persona
606 1393 704 1419 cum
749 1380 935 1428 homine,
981 1370 1079 1433 quia
1123 1380 1293 1419 ecclesia
1326 1394 1407 1434 que
1446 1390 1506 1421 est

190 1450 321 1489 modo
360 1449 558 1501 militans,
596 1449 677 1489 hoc
717 1459 790 1500 est,
829 1449 1060 1489 multitudo
1094 1463 1371 1502 personarum
1402 1450 1503 1490 fide-

192 1519 296 1558 lium
343 1519 417 1559 erit
462 1519 726 1572 triumphans
770 1520 812 1558 in
858 1521 974 1558 nudo
1020 1519 1187 1572 spiritu3
1233 1519 1349 1559 aliter
1394 1520 1506 1559 enim

191 1602 278 1628 non
311 1589 464 1628 diceret
494 1589 730 1641 Apostolus
763 1590 814 1627 ad
846 1588 1137 1641 Philippenses
1171 1590 1223 1640 10,
1267 1589 1338 1629 23:
1379 1590 1504 1630 Desi-

135 1678 176 1699 20
191 1658 354 1698 derium
399 1658 555 1698 habens
600 1658 772 1698 dissolvi
815 1665 853 1698 et
896 1672 986 1698 esse
1029 1672 1124 1698 cum
1176 1660 1354 1708 Christo,
1401 1660 1507 1700 sicut

191 1727 337 1768 diffuse
396 1737 434 1768 et
477 1728 649 1781 pulchre
694 1729 872 1768 declarat
922 1730 1065 1782 Hugo,
1114 1730 1175 1768 De
1215 1729 1505 1782 Sacramenffls,

191 1806 306 1850 parte
328 1797 464 1851 prima
486 1798 578 1836 libri
608 1798 792 1848 secundi,
818 1812 907 1851 cap.
930 1799 1022 1850 XIO,
1056 1799 1099 1837 in
1134 1812 1220 1851 quo
1256 1798 1403 1839 diffuse
1435 1801 1504 1840 de-

193 1868 317 1907 clarat
349 1868 463 1920 quod
481 1866 670 1907 Christus
701 1876 889 1919 separata
921 1867 1060 1906 anima
1077 1882 1099 1906 a
1122 1881 1242 1907 carne
1266 1877 1305 1908 et
1328 1883 1507 1922 persona

194 1937 272 1977 fuit
304 1948 343 1977 et
365 1938 478 1976 Deus
511 1946 550 1976 et
581 1937 726 1988 homo,
759 1937 830 1975 ubi
862 1937 969 1976 inter
990 1937 1068 1976 alia
1091 1938 1148 1976 sic
1171 1938 1328 1978 scribit:
1352 1940 1505 1979 Anima

135 2016 174 2049 25
192 2008 344 2060 quippe
387 2008 428 2046 in
472 2013 676 2060 quantum
721 2007 896 2059 spiritus
942 2014 1002 2047 est
1045 2008 1275 2048 racionalz's
1309 2022 1362 2048 ex
1392 2022 1438 2048 36
1469 2016 1508 2048 et

182 2090 265 2129 per
305 2090 350 2116 36
392 2077 517 2116 habet
562 2090 652 2116 6336
690 2090 938 2129 personam,
984 2083 1023 2116 et
1064 2077 1233 2130 quando
1277 2091 1432 2130 corpas
1471 2080 1507 2118 ei

189 2147 390 2195 sociatur,
428 2146 572 2186 eadem
624 2159 718 2185 cum
771 2147 863 2198 ipsa
904 2160 1092 2199 persona
1137 2160 1228 2187 esse
1271 2148 1433 2200 incipi&
1463 2149 1504 2187 in

190 2223 394 2269 quantum
439 2216 548 2255 enim
595 2228 749 2268 corpus
793 2229 888 2255 cum
933 2217 1076 2256 anima
1110 2218 1272 2257 unitam
1307 2225 1381 2267 est,
1421 2232 1505 2257 una

182 2299 372 2339 persona
420 2299 514 2325 cum
556 2287 699 2325 anima
747 2292 821 2334 est,
862 2286 937 2326 sed
979 2293 1117 2326 tamen
1144 2301 1376 2340 personam
1417 2302 1507 2328 esse

137 2363 178 2395 30
192 2357 334 2396 anima
368 2370 420 2396 ex
451 2370 496 2396 36
524 2356 656 2405 habet,
681 2357 721 2396 in
745 2364 950 2410 quantum
975 2364 1036 2396 est
1058 2358 1289 2397 racionalis
1316 2358 1506 2410 spiritus,

192 2439 347 2478 corpus
379 2439 477 2467 vero
510 2426 586 2465 hoc
616 2426 739 2466 habet
770 2440 823 2466 ex
854 2427 1014 2478 anima,
1037 2427 1078 2466 in
1102 2433 1307 2480 quantam
1342 2427 1505 2466 unitum

248 2586 284 2613 15.
313 2588 342 2614 A
361 2586 391 2614 in
414 2593 530 2620 marg:
562 2585 695 2620 Spiritus
725 2586 861 2613 hominis
892 2591 938 2613 est
973 2585 1079 2612 cadem
1110 2593 1243 2620 persona
1272 2593 1342 2613 cum
1369 2586 1504 2613 homine.

193 2639 232 2659 21.
272 2634 301 2659 A
332 2633 362 2659 in
397 2640 512 2666 marg:
550 2632 654 2666 Hugo.
698 2631 719 2658 B
753 2632 782 2659 in
816 2640 932 2667 marga
972 2632 1065 2665 Quod
1098 2632 1192 2658 horno
1227 2637 1271 2659 est
1303 2633 1406 2660 anima
1439 2641 1505 2660 sua.

195 2678 241 2706 26.
263 2683 292 2706 et
312 2686 357 2714 29.
379 2679 409 2706 in
430 2679 520 2706 codd.
543 2686 691 2714 persona;
713 2686 792 2706 corr.
816 2687 831 2706 e
850 2684 934 2706 textu
955 2678 1098 2713 Hugonis
1119 2679 1137 2705 1.
1160 2686 1185 2706 6.

254 2795 306 2817 21.
332 2785 491 2828 Hugonis
524 2785 567 2817 de
592 2786 625 2817 S.
652 2785 802 2827 Victore,
829 2786 879 2817 De
905 2786 1056 2820 Sacram.
1081 2784 1139 2817 lib.
1166 2786 1208 2827 ΙΙ,
1237 2797 1270 2828 p.
1298 2786 1327 2827 13
1361 2796 1434 2829 cap.
1462 2787 1506 2818 XI

196 2843 263 2885 (ed.
289 2843 403 2887 Migne
428 2853 506 2886 pag.
533 2842 628 2888 409).

1520 1356 1569 1383 the
1581 1363 1666 1383 same
1677 1363 1792 1390 person

1555 1399 1587 1418 as
1607 1391 1657 1418 the
1675 1398 1757 1417 man.
