2051 3273
205 205 283 244 232
911 210 1133 242 JOHANNIS
1158 210 1352 242 WYCLIF.
1629 194 1733 252 [CAP.
1749 204 1800 232 xi.

495 332 572 356 nos
619 316 839 370 pontifices
875 315 1022 354 debere
1067 328 1200 367 usque
1245 315 1295 353 ad
1344 314 1530 353 animam
1563 323 1602 352 et
1634 313 1803 365 sangui·
1826 324 1954 358 161⁸D

495 401 593 426 nem
646 385 892 425 confirmare
945 382 1010 438 (ut
1055 383 1238 436 capitulo
1284 383 1477 436 proximo
1522 382 1801 437 precedente).

221 466 245 492 It
270 465 296 492 is
321 469 463 498 contrary
497 456 729 506 Quomodo
779 468 878 506 ergo
911 461 1020 492 stant
1065 453 1209 492 simul:
1262 453 1365 492 nulli
1409 452 1528 492 liceat
1573 452 1806 505 quidquam

233 499 451 566 tetimcoliiirziissyetg
497 527 644 566 debere
689 524 802 563 alteri
836 533 947 563 extra
986 522 1241 562 caritativam
1274 521 1560 573 dileccionem,
1594 530 1633 560 et
1664 530 1805 561 tamen

205 573 693 648 maliisu(cltelii's-payfugitivus
740 593 980 633 licenciatur
1022 592 1065 630 in
1112 591 1222 630 dicto
1265 591 1360 630 loco
1403 600 1606 643 perpetuo
1659 590 1839 632 debere5

494 674 581 703 tam
613 662 803 702 debitum
825 661 1040 714 corporale
1063 674 1192 714 quam
1225 660 1439 712 spirituale
1463 660 1550 699 sine
1574 660 1653 699 hoc
1687 660 1804 713 quod

492 733 694 786 rependat
744 730 1090 770 satisfaccionem.
1150 730 1309 769 Revera
1354 729 1396 768 in
1440 729 1561 768 istam
1613 728 1804 781 blasphe-

494 801 622 841 miam
647 810 893 853 usurpatam
923 801 1036 839 Deus
1069 812 1155 838 non
1184 807 1336 852 potest,
1369 812 1465 837 cum
1498 812 1585 837 non
1616 798 1805 838 licenciat

493 870 713 911 hominem
763 870 816 909 ad
864 869 1022 922 aliquid
1075 882 1150 921 pro
1203 881 1288 921 quo
1338 868 1552 921 dampnat.
1616 868 1807 908 Secunda

494 949 637 980 autem
679 953 774 992 pars
821 938 1102 978 conclusionis
1147 946 1261 990 patet
1293 951 1341 977 ex
1371 937 1452 977 hoc
1486 938 1602 990 quod
1639 946 1864 990 oportet1o

494 1010 668 1063 aliquod
707 1007 973 1062 privilegium
1007 1022 1053 1047 ex
1097 1007 1366 1047 concessione
1400 1007 1505 1059 regis
1539 1006 1623 1046 dari
1656 1006 1807 1045 talibus

495 1079 677 1132 fugitivis
723 1092 771 1118 ex
815 1077 1086 1117 conclusione
1130 1077 1335 1129 proxima.
1394 1077 1447 1115 Et
1490 1076 1566 1116 ista
1598 1075 1809 1116 sentencia

496 1148 732 1188 notabiliter
744 1148 917 1187 docetur
934 1148 1082 1198 XXVa,
1105 1161 1143 1200 q.
1162 1147 1188 1186 Ι.
1213 1146 1313 1186 Ideo
1329 1147 1604 1198 permittente
1620 1145 1807 1193 domino,

496 1218 567 1258 ubi
602 1218 752 1257 dicitur
774 1219 891 1270 quod
914 1217 1254 1270 quandocunque
1276 1218 1470 1256 Romana
1502 1215 1674 1255 ecclesia
1706 1228 1807 1255 con-

495 1288 603 1328 cedit
634 1287 912 1341 privilegium,
947 1286 1143 1339 exprimit
1164 1287 1229 1325 vel
1261 1286 1550 1338 subintelligit,
1584 1285 1662 1324 nisi
1694 1284 1811 1324 aliter
1830 1294 1865 1326 ιδ

495 1357 719 1396 decreverit
757 1356 1052 1396 ordinandum.
1116 1355 1246 1404 Unde,
1300 1355 1450 1408 inquit,
1497 1355 1536 1394 in
1590 1354 1810 1394 nonnullis

495 1427 698 1478 capitulis
713 1427 1012 1473 conciliorum,
1033 1438 1128 1464 cum
1153 1424 1317 1477 aliquid
1335 1424 1650 1464 observandum
1667 1423 1810 1463 decer-

496 1495 658 1544 niturss,
667 1496 807 1535 statim
824 1494 1114 1547 subinfertur,
1128 1495 1208 1534 nisi
1227 1494 1458 1534 auctoritas
1471 1494 1664 1533 Romane
1679 1494 1807 1533 eccle·
1830 1499 1907 1533 161b

494 1566 554 1605 sie
605 1566 733 1604 aliter
775 1564 887 1617 fieri
935 1565 1217 1616 imperaverit
1271 1565 1336 1603 vel
1387 1565 1509 1603 salvo
1556 1575 1724 1614 semper
1767 1564 1808 1601 in

494 1636 693 1675 omnibus
725 1641 821 1674 iure
849 1634 1041 1673 Romane
1075 1634 1249 1673 ecclesie
1285 1634 1350 1673 vel
1380 1634 1500 1673 salva
1534 1634 1576 1672 in
1611 1633 1809 1672 omnihus
1826 1649 1868 1672 20

496 1705 730 1757 apostolica
775 1705 1045 1743 auctoritate.
1094 1703 1198 1742 Cum
1233 1716 1338 1756 ergo
1370 1704 1458 1742 alia
1485 1702 1725 1756 privilegia
1758 1703 1810 1743 ab

496 1775 729 1826 apostolico
762 1773 981 1825 aliquibus
1013 1772 1324 1821 conceduntur,
1359 1780 1397 1812 et
1426 1773 1465 1812 si
1497 1780 1650 1812 contra
1682 1785 1811 1825 gene-

496 1844 632 1883 ralem
679 1844 817 1896 legem
864 1842 1033 1895 aliquid
1064 1854 1222 1882 sonare
1252 1842 1498 1893 videantur,
1545 1855 1630 1882 non
1669 1849 1810 1882 tamen

495 1919 646 1953 contra
692 1914 831 1964 ipsam
866 1911 1033 1964 aliquid
1077 1911 1311 1951 concedere
1344 1912 1664 1965 intelliguntur.
1715 1912 1811 1953 Pri-

495 1982 669 2036 vilegia,
687 1981 836 2034 inquit,
853 1981 1378 2033 dicuntutquasiprivata
1395 1982 1532 2035 legia‚·
1546 1988 1585 2022 et
1599 1981 1812 2021 concludit
1829 1986 1868 2019 25

496 2051 691 2091 finaliter:
724 2050 844 2090 Valet
874 2064 980 2104 ergo
1001 2051 1197 2090 Romana
1227 2052 1407 2090 ecclesia
1430 2059 1555 2091 extra
1583 2052 1810 2105 generalia

496 2122 668 2161 decreta
715 2120 896 2173 quedam
942 2121 1123 2171 speciali
1155 2120 1356 2172 beneficio
1389 2120 1631 2173 indulgere,
1675 2121 1811 2160 consi-

496 2191 646 2230 derata
678 2198 821 2230 tamen
863 2190 1053 2229 racionis
1089 2190 1289 2242 equitate,
1325 2197 1369 2229 ut
1402 2196 1539 2229 mater
1571 2191 1737 2230 iusticie
1768 2192 1809 2230 in

497 2261 617 2300 nullo
670 2260 721 2298 ab
769 2273 819 2299 ea
853 2259 1078 2299 dissentire
1120 2260 1382 2308 inveniatur,
1425 2267 1469 2298 ut
1499 2260 1692 2299 videlicet
1716 2261 1810 2311 pri-

497 2330 655 2382 vilegia
699 2342 781 2381 que
812 2329 862 2368 ob
886 2328 1114 2381 religionis
1147 2329 1215 2368 vel
1246 2330 1509 2369 necessitatis
1540 2330 1607 2369 vel
1638 2330 1812 2369 exhibiti
1827 2333 1868 2364 30

499 2400 686 2452 obsequii
706 2400 905 2452 graciam
930 2398 1240 2450 conceduntur,
1266 2400 1475 2439 neminem
1501 2399 1732 2439 relevando
1754 2401 1810 2438 ita

498 2469 668 2508 diuitem
681 2468 871 2521 faciant,
908 2475 952 2506 ut
974 2467 1210 2507 multorum
1236 2468 1494 2507 detrimenta
1519 2482 1599 2507 non
1623 2470 1809 2509 circum-

496 2537 713 2590 spiciendo
746 2539 788 2577 in
815 2539 1092 2589 paupertatis
1116 2538 1332 2577 miseriam
1358 2538 1591 2578 nonnullos
1612 2539 1809 2578 deiciant.

549 2659 578 2683 4.
599 2650 627 2677 A
647 2650 705 2684 Al:
736 2654 819 2677 extra
841 2649 1010 2676 caritatem.
1153 2649 1180 2676 8.
1204 2650 1285 2678 Deus
1308 2659 1369 2678 non
1398 2656 1515 2686 potest:
1545 2651 1673 2677 verbum
1703 2650 1811 2677 deesse

498 2696 629 2723 videtur.
749 2704 788 2729 ¹9-
813 2695 851 2721 ss:
874 2696 920 2722 vel
942 2695 1067 2722 salva—
1081 2696 1294 2724 conceduntur
1314 2697 1410 2725 deest⁴
1537 2696 1583 2725 30.
1604 2697 1649 2725 A:
1673 2705 1731 2733 que
1752 2697 1809 2724 vel.

499 2741 540 2769 33.
562 2742 594 2769 ln
615 2742 725 2769 codd:
748 2741 908 2776 pauperis3
931 2741 1050 2768 correxi
1073 2750 1087 2768 e
1110 2741 1221 2769 decret.
1246 2751 1313 2777 sup.
1336 2751 1428 2774 mem,

561 2813 609 2844 13.
636 2813 706 2844 ibid
734 2823 761 2843 c.
786 2812 875 2843 XVI.
