2051 3273
220 279 306 306 CAP.
320 266 415 324 vni]
709 278 768 310 DE
795 278 1027 310 ECCLEstis.v
1749 280 1793 319 ¹7

1800 281 1822 319 Χ]

70 385 395 436 R153¹¹gulares,
441 393 485 422 ut
531 382 703 422 consilia
750 382 985 435 evangelica
1007 381 1104 419 *fiad
1153 381 1378 420 maximam
1425 381 1534 419 utili-

219 462 347 492 tatem
401 453 463 491 sui
510 461 634 504 atque
680 451 861 502 ecclesie,
907 451 1014 490 sicut
1056 459 1171 503 patet
1203 464 1249 489 ex
1282 450 1422 488 indole
1456 463 1536 502 que

220 522 313 561 inde
358 530 615 575 provenerat.
670 521 780 573 Ergo
834 534 880 559 ex
933 519 1190 559 diffinicione
1236 519 1440 572 privilegii
1495 519 1533 557 in

218 592 298 631 hoc
331 590 607 644 privilegiavit
639 604 759 629 suam
792 590 1020 629 ecclesiam.

176 675 200 705 b
277 660 561 700 Confirmatur
602 661 805 699 secundo:
846 659 914 698 Ille
958 668 1087 698 status
1112 668 1172 698 est
1195 658 1534 711 perfectissimus,
1563 671 1695 706 voveriv
1718 670 1813 709 ispiiic

217 739 263 769 ut
291 740 403 783 patet
432 730 472 768 in
494 730 571 769 V10
602 729 883 779 decretalium,
910 743 997 782 cap.
1015 729 1133 768 Evz'it
1156 730 1228 781 qui
1250 729 1444 776 seminat,
1463 741 1535 779 per
1551 708 1826 772 tssgpsrtpltlritlgtm

216 799 440 839 Nicolaum
454 801 534 851 HL,
550 810 589 840 et
605 814 730 840 omne
746 814 901 853 ponere
916 800 1121 839 viatorem
1137 800 1177 838 in
1201 808 1310 839 statu
1341 807 1427 838 tam
1450 799 1533 836 alto
1549 781 1651 837 {2¹13ss
1662 776 1826 844 ρῗῖἐῖιᾱιρῗιῗ

216 879 276 909 est
308 870 682 923 proporcionaliter
711 870 968 923 privilegiare
1002 870 1159 922 ipsum,
1185 883 1281 921 ergo
1306 868 1532 908 conclusio.
1674 851 1703 872 st*

216 939 256 979 Si
299 940 411 979 enim
442 940 536 979 dare
571 941 682 979 bona
718 940 882 979 fortune
917 953 999 993 que
1035 949 1132 979 sunt
1164 939 1441 978 abiectissima
1486 933 1541 977 sit

163 1031 201 1052 10
216 1008 472 1062 privilegiare
495 1009 713 1060 datarium,
733 1010 868 1048 multo
891 1009 1023 1062 magis
1047 1010 1141 1048 dare
1166 1009 1241 1048 sibi
1260 1009 1370 1047 bona
1388 1007 1534 1060 gracie.

181 1098 202 1122 0
276 1079 391 1129 Item,
447 1079 690 1132 quicunque
741 1079 857 1118 vians
911 1088 1156 1118 exoneratus
1206 1078 1327 1117 fuerit
1380 1077 1536 1117 sarcina

216 1149 527 1201 temporalium,
561 1149 611 1187 ad
644 1148 939 1202 propinquius,
985 1149 1173 1201 paracius
1220 1158 1345 1201 atque
1390 1148 1534 1186 lauda-

215 1218 337 1257 bilius
370 1219 631 1272 sequendum
675 1218 919 1270 lzynnulum
957 1232 1185 1258 cervorum
1233 1218 1450 1257 salientem
1493 1217 1533 1255 in

218 1287 448 1339 montibus,
483 1297 528 1327 ut
564 1288 619 1327 sic
648 1296 708 1327 est
742 1287 1025 1340 privilegiatus
1049 1287 1232 1339 uberius,
1266 1288 1337 1326 sed
1372 1287 1428 1326 sic
1460 1286 1536 1325 fuit

165 1369 201 1401 15
220 1358 270 1396 de
305 1357 508 1410 apostolis
543 1356 884 1397 renunciantibus
911 1358 1051 1410 quoad
1076 1357 1315 1396 civilitatem
1338 1356 1536 1395 omnibus

219 1427 341 1466 bonis
374 1426 478 1474 suis,
532 1440 629 1480 ergo
664 1426 893 1466 conclusio.
928 1427 1024 1465 Non
1060 1426 1173 1465 enim
1206 1426 1373 1480 negabit
1403 1425 1535 1464 fidelis

219 1496 319 1550 quin
344 1497 563 1549 possessio
595 1496 695 1535 talis
732 1497 1037 1548 temporalium
1083 1497 1135 1535 sit
1167 1494 1340 1547 pondus
1378 1496 1534 1546 anime,

219 1576 265 1606 ut
309 1568 430 1606 docet
475 1567 618 1605 beatus
664 1566 891 1618 Gregorius
944 1566 1100 1605 XXXIO
1135 1565 1362 1605 Moralium
1412 1563 1537 1619 (sicut

220 1637 419 1675 declaravi
452 1636 549 1675 XIIo
583 1649 670 1688 cap.
703 1634 862 1690 huius).
897 1636 1019 1675 Unde
1062 1625 1243 1688 apostoli
1281 1649 1374 1674 vere
1411 1648 1534 1687 repu-

161 1726 201 1747 20
218 1714 359 1745 tarunt
382 1705 438 1745 eis
461 1719 665 1758 magnum
688 1705 968 1758 privilegium,
992 1706 1107 1758 quod
1131 1704 1340 1744 exonerati
1370 1704 1537 1743 fuerunt

219 1790 241 1814 a
274 1775 505 1814 ministerio
540 1775 751 1814 cotidiano
797 1775 838 1813 in
878 1775 1033 1814 mensis
1081 1774 1270 1814 fidelium
1316 1773 1380 1829 (ut
1423 1783 1537 1827 patet

218 1848 425 1884 Actorum
448 1843 561 1897 VIO),
595 1858 692 1897 ergo
725 1845 860 1884 multo
884 1844 1017 1896 magis
1041 1858 1263 1883 exonerare
1287 1858 1358 1883 eos
1382 1859 1403 1883 a
1427 1853 1536 1883 statu

177 1914 389 1968 dseculari
414 1915 509 1967 plus
542 1915 716 1954 abiecto.
741 1914 898 1953 In-hoc
932 1914 1044 1953 enim
1079 1913 1268 1953 consistit
1291 1914 1536 1953 excellencia

219 1993 348 2023 status
372 1984 467 2023 cleri
490 1997 613 2036 super
636 1984 833 2023 dominos
857 1985 1059 2023 seculares
1077 1983 1141 2037 (ut
1156 1984 1220 2022 hic
1245 1980 1534 2037 supponitur),

163 2064 306 2096 25non
352 2062 493 2093 autem
527 2053 567 2092 in
605 2062 807 2093 caractere
854 2053 1024 2103 ordinis,
1072 2067 1169 2092 cum
1219 2062 1300 2092 stat
1334 2067 1427 2092 cum
1463 2053 1534 2091 illo

217 2122 392 2162 servitus
425 2123 702 2163 abiectissima
725 2122 791 2178 (ut
823 2132 937 2175 patet
970 2123 1017 2161 de
1042 2121 1264 2177 Scarioth),
1289 2124 1360 2162 sed
1392 2123 1432 2161 in
1455 2123 1535 2162 hoc

218 2192 334 2245 quod
376 2192 560 2245 deputati
605 2201 701 2232 sunt
746 2201 791 2232 ut
833 2192 984 2232 milites
1027 2193 1121 2245 plus
1164 2192 1319 2232 strenui
1358 2193 1407 2231 ad
1441 2193 1535 2244 plus

218 2261 430 2301 meritorie
465 2262 753 2314 peragendum
786 2262 893 2300 bella
926 2261 1088 2300 domini
1121 2270 1159 2300 et
1199 2261 1536 2315 conquirendum

216 2344 395 2383 regnum
419 2331 617 2369 celorum.
635 2332 745 2369 Nam
761 2330 1018 2380 MattheiVO,
1045 2330 1063 2368 3
1091 2330 1257 2370 dicitur:
1279 2330 1405 2370 Beati
1421 2344 1533 2383 pau-

162 2410 342 2452 30peres
373 2401 542 2452 spiritu,
577 2401 779 2453 quoniam
816 2402 1005 2452 ipsorum
1028 2407 1087 2439 est
1113 2414 1296 2453 regnum
1330 2402 1534 2441 celorum.

270 2547 294 2575 5.
326 2547 354 2575 Α
383 2548 411 2575 in
444 2555 558 2582 marg.:
600 2547 761 2582 Optimum
795 2548 987 2583 privilegium
1022 2548 1150 2575 ecclesie
1183 2553 1228 2576 est
1257 2553 1421 2584 paupertas
1452 2549 1534 2577 cleri.

218 2595 339 2627 (Above
360 2593 421 2622 1531]
440 2594 570 2621 without
599 2594 685 2621 mark
705 2593 739 2621 of
762 2593 940 2628 reference.)
1048 2603 1074 2629 7.
1097 2594 1123 2621 8.
1159 2596 1221 2622 alto
1255 2600 1315 2622 est:
1351 2597 1412 2622 alto
1446 2601 1478 2622 ut
1504 2596 1532 2623 in

219 2640 310 2667 codd.
385 2649 418 2668 ιι.
439 2641 467 2667 Α
487 2640 517 2668 in
539 2648 656 2674 marga
678 2640 809 2675 Sequeia
830 2640 956 2668 Christi.
1056 2639 1096 2667 18.
1114 2641 1141 2667 A
1162 2641 1192 2667 in
1216 2649 1329 2674 marg:
1351 2642 1534 2675 Gregorius.

218 2686 284 2713 XII.
307 2694 375 2722 cap.
398 2686 526 2714 rectius:
548 2686 600 2713 ΙΙΙ.
742 2694 783 2713 22.
807 2687 844 2714 13:
867 2695 883 2713 a
911 2688 1006 2714 deest.
1150 2685 1249 2713 2813:
1273 2687 1340 2713 belli
1363 2687 1480 2714 domini
1508 2692 1536 2714 et

219 2733 441 2768 conquirendo.

277 2849 309 2881 7.
337 2838 412 2870 Lib.
438 2840 478 2870 V.
506 2839 553 2870 tit.
580 2840 651 2878 ΧΠ,
680 2849 753 2881 cap.
780 2840 836 2871 ΙΙΙ.
951 2839 999 2871 13.
1027 2840 1124 2871 Cant.
1152 2840 1188 2878 ΙΙ,
1222 2850 1269 2881 17.
1384 2838 1433 2870 18.
1461 2850 1533 2881 cap.

218 2897 304 2928 Xlll.
333 2897 424 2939 Opp.
452 2905 536 2928 torn.
566 2898 590 2936 l,
621 2896 719 2928 1006.
747 2896 834 2928 Vide
861 2908 963 2939 supra
990 2908 1066 2939 pag.
1096 2897 1242 2937 fio—54.

1336 2966 1370 2986 12
