2051 3343
213 241 303 270 CAP.
316 230 383 288 nr]
713 245 772 276 DE
798 245 1033 277 ECCLESIA.
1750 246 1804 287 47

56 360 94 393 R
119 360 194 400 134c
209 348 357 387 matice
390 361 515 401 panes
540 348 705 399 Christi,
738 358 777 388 et
800 349 867 388 ille
889 348 1128 402 magnificat
1150 349 1373 401 phariseice
1396 349 1518 389 tradi-

208 418 346 457 ciones
388 417 575 470 proprias
608 418 759 470 quibus
791 418 1004 471 tyrannice
1036 418 1186 470 spoliat
1213 419 1422 471 populum
1454 418 1520 458 cui

206 487 302 527 dicit
345 487 470 527 verbo
515 496 554 526 et
596 501 719 540 opere
773 488 888 540 quod
933 487 1168 541 equivalent
1214 488 1278 527 vel
1323 496 1521 540 superant

206 556 341 609 legem
372 556 460 596 Dei.
494 557 587 596 Hoc
619 566 761 596 autem
783 567 844 597 est
872 557 913 595 in
937 556 1083 596 effectu
1106 557 1396 610 supplantacio
1420 557 1519 609 legis

172 636 188 668 5
207 625 361 665 Christi
394 635 468 665 etc.

748 856 869 896 CAP.
904 856 969 897 ΙΙΙ.

151 982 185 1014 Α
257 972 338 1011 Sed
371 971 495 1011 tercio
529 971 808 1024 principaliter
841 971 1019 1011 obicitur
1050 984 1123 1024 per
1151 971 1230 1011 hoc
1253 972 1382 1025 quod,
1416 972 1511 1011 data
1566 979 1761 1043 qquseffiffid

198 1041 275 1080 ista
307 1040 528 1091 sentencia,
561 1041 774 1080 tolleretur
812 1041 949 1079 omnis
984 1041 1147 1080 exaccio
1181 1041 1305 1080 debiti
1340 1041 1508 1080 ecclesie
1527 1050 1644 1111 disafbie
1665 1051 1712 1077 me
1728 1052 1803 1078 cier-

198 1118 237 1149 et
269 1110 576 1163 extingueretur
608 1110 746 1150 omnis
778 1110 843 1149 lex
875 1111 1164 1150 contencionis
1187 1111 1227 1150 in
1253 1111 1374 1161 clero,
1409 1124 1507 1150 cum
1525 1085 1803 1154 ἓζῑςΐῧῖἸὲῑι-Ἓιῖῖἓῖ

141 1194 180 1216 10
196 1179 358 1218 debitor
388 1188 529 1231 posset
564 1179 718 1232 fingere
750 1180 1074 1219 ecclesiasticum
1105 1194 1190 1219 non
1225 1194 1310 1219 esse
1333 1180 1511 1233 dignum

195 1249 259 1286 vel
297 1248 423 1287 talem
461 1248 533 1301 qui
572 1249 627 1288 sic
667 1249 776 1288 bona
814 1249 983 1288 ecclesie
1015 1249 1265 1300 vendicaret,
1304 1258 1342 1289 et
1374 1263 1507 1303 quan-

196 1327 289 1357 tum
333 1319 384 1357 ad
430 1318 918 1358 excommunicacionem
960 1333 1042 1372 que
1074 1328 1134 1359 est
1166 1319 1363 1359 ultimum
1398 1319 1507 1359 refu-

194 1387 325 1440 gium,
360 1388 511 1428 diceret
544 1389 659 1441 quod
691 1402 779 1428 non
811 1388 923 1441 ligat.

251 1457 330 1496 Hic
374 1457 523 1497 dicitur
566 1459 694 1511 quod,
738 1458 770 1497 si
814 1459 878 1497 lex
911 1458 984 1497 Dei
1025 1458 1161 1497 debite
1201 1468 1453 1499 scrutaretur
1487 1474 1509 1498 a
1595 1470 1736 1496 Answer.

140 1531 176 1564 15
193 1527 327 1578 nobis,
362 1541 449 1567 non
481 1536 646 1566 tantum
680 1528 1029 1567 contenderemus
1063 1527 1169 1567 circa
1191 1528 1303 1567 bona
1325 1529 1507 1579 ecclesie,
1542 1504 1781 1566 biettrxssqiiddfigs

192 1610 289 1636 cum
332 1596 603 1636 manifestum
652 1597 703 1636 sit
750 1598 864 1650 quod
910 1597 1112 1650 prescitus
1157 1598 1221 1636 vel
1268 1575 1798 1651 quicunqueweoeIgssfiemor‘

192 1665 363 1705 clericus
408 1666 495 1705 sine
540 1666 787 1719 peraccione
839 1667 901 1705 sui
945 1667 1162 1706 ministerii
1207 1677 1507 1720 compensante

101 1735 263 1788 134⁶qui
301 1736 395 1788 plus
433 1744 606 1788 propter
643 1736 865 1787 honorem,
904 1736 1168 1789 voluptatem
1204 1737 1270 1776 vel
1309 1746 1506 1790 questum

192 1805 319 1844 seculi
352 1805 580 1853 contendit,
620 1806 731 1845 bona
763 1806 930 1845 ecclesie
953 1808 976 1830 ᾗ
999 1815 1177 1859 occupat
1210 1807 1273 1845 vel
1304 1816 1503 1860 acceptat,

136 1889 178 1911 20
194 1887 322 1927 quarn
354 1884 525 1927 propter
555 1876 761 1914 honorem
794 1875 869 1914 Dei
903 1884 942 1915 et
975 1875 1289 1915 edificacionem
1322 1877 1505 1928 ecclesie,

194 1952 240 1983 ut
272 1944 327 1983 sic
360 1943 460 1983 false
493 1943 626 1983 aliena
658 1944 850 1983 vendicat
883 1953 921 1983 et
954 1945 1178 1996 consumit,
1219 1954 1258 1985 et
1294 1959 1368 1998 per
1405 1959 1504 1985 con-

192 2026 382 2066 sequens,
414 2013 509 2053 licet
539 2014 746 2053 versucias
779 2013 926 2053 talium
950 2014 1140 2066 detegere
1162 2024 1200 2054 et
1222 2015 1504 2055 subtrahendo

191 2083 301 2122 bona
333 2097 569 2135 pauperum
599 2083 783 2123 resistere
807 2081 872 2138 (ut
903 2083 1050 2123 diffuse
1083 2084 1243 2124 dictum
1267 2094 1326 2124 est
1347 2085 1416 2124 lib.
1433 2086 1502 2135 VI,

192 2165 304 2204 cap..
331 2184 338 2191 .
364 2151 406 2206 .)‚
434 2153 545 2192 unde
567 2153 644 2191 sub
672 2153 918 2192 auctoritate
942 2153 1048 2192 beati
1067 2154 1290 2206 Augustini
1314 2154 1505 2193 scribitur

134 2226 173 2259 25
191 2221 234 2260 in
257 2222 430 2261 decretis
453 2222 577 2273 VIHss,
602 2237 639 2275 q.
664 2232 700 2261 1:
736 2222 846 2261 Sunt
876 2222 1013 2275 inquit
1044 2223 1216 2275 quidam
1251 2225 1291 2262 in
1325 2224 1504 2263 ecclesia

186 2293 398 2343 prepositi
428 2291 477 2332 de
510 2292 661 2344 quibus
693 2291 913 2343 aposlolus
941 2292 1104 2331 Paulus
1136 2292 1255 2331 dicit:
1288 2293 1374 2331 Sua
1406 2306 1503 2345 que—

190 2367 344 2409 rentes,
380 2374 462 2400 non
497 2375 576 2414 que
596 2361 697 2401 Jesu
720 2361 887 2401 Christi.
922 2361 1033 2409 Quid
1055 2368 1138 2401 est:
1171 2362 1257 2401 Sua
1280 2369 1504 2415 querenles

245 2482 264 2500 1.
286 2473 392 2501 Codd:
415 2474 668 2501 auzonomaszice.
750 2475 773 2502 5.
794 2475 839 2501 A:
862 2478 917 2501 etc.
942 2474 1174 2502 Kenmerton
1203 2483 1324 2510 psano
1344 2475 1502 2509 (written).

189 2519 377 2547 Kenmerton
399 2535 427 2540 —
451 2520 625 2556 Kemerlon,
647 2529 664 2547 a
683 2521 712 2547 vi
728 2521 794 2555 lage
825 2529 897 2548 near
926 2520 1140 2557 Tewkesbury
1169 2521 1200 2548 in
1224 2521 1502 2549 NVorcestershirc.

188 2563 257 2592 The
278 2566 534 2600 neighbourhood
555 2567 579 2594 is
601 2567 778 2594 menzioned
800 2567 830 2594 in
848 2567 1061 2602 Waisingham
1093 2568 1141 2602 (H,
1162 2566 1229 2603 307)
1251 2576 1283 2595 as
1304 2568 1416 2602 having
1435 2573 1504 2595 sent

188 2617 370 2647 supporters
389 2618 420 2639 to
442 2611 491 2640 Sir
510 2612 587 2640 John
609 2613 774 2640 Oldcastle.
857 2621 884 2648 7.
900 2615 927 2640 A
943 2614 973 2640 in
990 2622 1092 2648 marg:
1115 2613 1232 2642 Contra
1253 2615 1333 2642 dicia
1354 2614 1501 2649 arguitur.

189 2666 230 2691 ¹4·
244 2659 271 2685 A
286 2658 315 2685 in
332 2666 432 2693 marg:
448 2658 627 2686 Conchmo.
701 2667 746 2693 21.
763 2660 854 2694 capit.
868 2668 931 2695 seq.
946 2661 1070 2694 lacuna3
1092 2661 1119 2687 A
1131 2661 1159 2687 in
1174 2668 1275 2696 marg:
1296 2662 1500 2695 Augustinus.

248 2740 277 2773 5.
293 2742 346 2773 Ad
362 2753 435 2784 cap.
451 2743 489 2783 ΙΙ,
509 2743 549 2774 cf.
565 2744 651 2783 Hus,
671 2744 721 2775 De
736 2745 818 2775 eccl.
836 2744 894 2775 fol.
909 2747 996 2788 199³,
1013 2754 1112 2787 seqq.
1127 2742 1218 2785 204b,
1235 2742 1327 2787 209b‚
1344 2747 1424 2776 212a
1439 2751 1501 2776 etc.

191 2810 242 2839 24.
271 2799 406 2831 Decreti
433 2802 585 2833 secunda
612 2812 701 2844 pam,
728 2812 831 2834 causa
851 2803 937 2844 Vni,
965 2813 997 2844 q.
1021 2802 1044 2842 1,
1071 2812 1143 2844 cap.
1162 2803 1247 2834 XIX.
1371 2802 1421 2834 26.
1449 2802 1500 2832 Ad

188 2856 335 2900 Philipp.
363 2858 401 2899 ΙΙ,
429 2869 481 2891 21.
