<?xml version="1.0" encoding="UTF-8"?>
<!DOCTYPE html PUBLIC "-//W3C//DTD XHTML 1.0 Transitional//EN"
    "http://www.w3.org/TR/xhtml1/DTD/xhtml1-transitional.dtd">
<html xmlns="http://www.w3.org/1999/xhtml" xml:lang="en" lang="en">
 <head>
  <title>
</title>
<meta http-equiv="Content-Type" content="text/html;charset=utf-8" />
  <meta name='ocr-system' content='tesseract 3.04.00' />
  <meta name='ocr-capabilities' content='ocr_page ocr_carea ocr_par ocr_line ocrx_word'/>
</head>
<body>
  <div class='ocr_page' id='page_1' title='image "./tractatusdeeccle00wycl_0512.png"; bbox 0 0 2051 3273; ppageno 0'>
   <div class='ocr_carea' id='block_1_1' title="bbox 194 211 276 265">
    <p class='ocr_par' dir='ltr' id='par_1_1' title="bbox 194 211 276 265">
     <span class='ocr_line' id='line_1_1' title="bbox 194 211 276 265; baseline 0.049 -4"><span class='ocrx_word' id='word_1_1' title='bbox 194 211 276 265; x_wconf 79' lang='lat'><em>478</em></span> 
     </span>
    </p>
   </div>
   <div class='ocr_carea' id='block_1_2' title="bbox 209 541 451 637">
    <p class='ocr_par' dir='ltr' id='par_1_2' title="bbox 209 541 451 637">
     <span class='ocr_line' id='line_1_2' title="bbox 209 541 451 568; baseline -0.004 0"><span class='ocrx_word' id='word_1_2' title='bbox 209 541 288 568; x_wconf 86' lang='lat' dir='ltr'><em>Both</em></span> <span class='ocrx_word' id='word_1_3' title='bbox 310 542 383 567; x_wconf 81' lang='lat' dir='ltr'><em>laws</em></span> <span class='ocrx_word' id='word_1_4' title='bbox 404 548 451 567; x_wconf 83' lang='lat' dir='ltr'><em>re-</em></span> 
     </span>
     <span class='ocr_line' id='line_1_3' title="bbox 222 576 437 610; baseline -0.005 -7"><span class='ocrx_word' id='word_1_5' title='bbox 222 576 308 610; x_wconf 85' lang='lat' dir='ltr'><em>quire</em></span> <span class='ocrx_word' id='word_1_6' title='bbox 328 576 437 602; x_wconf 82' lang='lat' dir='ltr'><em>obser-</em></span> 
     </span>
     <span class='ocr_line' id='line_1_4' title="bbox 280 618 384 637; baseline 0 0"><span class='ocrx_word' id='word_1_7' title='bbox 280 618 384 637; x_wconf 76' lang='lat' dir='ltr'><em>vance-</em></span> 
     </span>
    </p>
   </div>
   <div class='ocr_carea' id='block_1_3' title="bbox 203 1594 460 1704">
    <p class='ocr_par' dir='ltr' id='par_1_3' title="bbox 203 1594 460 1704">
     <span class='ocr_line' id='line_1_5' title="bbox 245 1594 403 1629; baseline 0.006 -7"><span class='ocrx_word' id='word_1_8' title='bbox 245 1594 341 1622; x_wconf 81' lang='lat' dir='ltr'><em>Verse</em></span> <span class='ocrx_word' id='word_1_9' title='bbox 362 1604 403 1629; x_wconf 73' lang='lat'><em>¹4-</em></span> 
     </span>
     <span class='ocr_line' id='line_1_6' title="bbox 203 1632 460 1661; baseline 0.008 -2"><span class='ocrx_word' id='word_1_10' title='bbox 203 1632 271 1660; x_wconf 80' lang='lat' dir='ltr'><em>The</em></span> <span class='ocrx_word' id='word_1_11' title='bbox 292 1633 415 1661; x_wconf 84' lang='lat' dir='ltr'><em>Cl1urcl1</em></span> <span class='ocrx_word' id='word_1_12' title='bbox 434 1634 460 1661; x_wconf 86' lang='lat' dir='ltr'><em>is</em></span> 
     </span>
     <span class='ocr_line' id='line_1_7' title="bbox 235 1669 433 1704; baseline -0.005 -8"><span class='ocrx_word' id='word_1_13' title='bbox 235 1669 294 1696; x_wconf 76' lang='lat' dir='ltr'><em>like</em></span> <span class='ocrx_word' id='word_1_14' title='bbox 316 1678 331 1697; x_wconf 85' lang='lat' dir='ltr'><em>a</em></span> <span class='ocrx_word' id='word_1_15' title='bbox 353 1670 433 1704; x_wconf 76' lang='lat' dir='ltr'><em>sllip.</em></span> 
     </span>
    </p>
   </div>
   <div class='ocr_carea' id='block_1_4' title="bbox 915 209 1799 266">
    <p class='ocr_par' dir='ltr' id='par_1_4' title="bbox 915 209 1799 266">
     <span class='ocr_line' id='line_1_8' title="bbox 915 209 1799 266; baseline -0.007 -14"><span class='ocrx_word' id='word_1_16' title='bbox 915 221 1138 253; x_wconf 74' lang='lat' dir='ltr'><strong>JOHANNIS</strong></span> <span class='ocrx_word' id='word_1_17' title='bbox 1164 221 1358 253; x_wconf 76' lang='lat' dir='ltr'>WYCLIF.</span> <span class='ocrx_word' id='word_1_18' title='bbox 1601 209 1706 266; x_wconf 78' lang='lat' dir='ltr'><strong>[CAP.</strong></span> <span class='ocrx_word' id='word_1_19' title='bbox 1733 220 1799 247; x_wconf 82' lang='lat' dir='ltr'><em>xx.</em></span> 
     </span>
    </p>
   </div>
   <div class='ocr_carea' id='block_1_5' title="bbox 482 325 1949 2466">
    <p class='ocr_par' dir='ltr' id='par_1_5' title="bbox 482 325 1949 1632">
     <span class='ocr_line' id='line_1_9' title="bbox 483 325 1949 380; baseline 0.003 -16"><span class='ocrx_word' id='word_1_20' title='bbox 483 325 684 378; x_wconf 77' lang='lat' dir='ltr'><em>quidquid</em></span> <span class='ocrx_word' id='word_1_21' title='bbox 705 338 835 364; x_wconf 78' lang='lat' dir='ltr'><em>carne</em></span> <span class='ocrx_word' id='word_1_22' title='bbox 860 339 1105 377; x_wconf 74' lang='lat' dir='ltr'><em>operamur,</em></span> <span class='ocrx_word' id='word_1_23' title='bbox 1130 333 1190 365; x_wconf 87' lang='lat' dir='ltr'><em>est</em></span> <span class='ocrx_word' id='word_1_24' title='bbox 1221 339 1245 364; x_wconf 90' lang='lat' dir='ltr'><em>a</em></span> <span class='ocrx_word' id='word_1_25' title='bbox 1270 325 1421 365; x_wconf 76' lang='lat' dir='ltr'><em>dextra</em></span> <span class='ocrx_word' id='word_1_26' title='bbox 1443 326 1661 366; x_wconf 78' lang='lat' dir='ltr'><em>sensibile:</em></span> <span class='ocrx_word' id='word_1_27' title='bbox 1681 326 1799 379; x_wconf 81' lang='lat' dir='ltr'><em>quid·</em></span> <span class='ocrx_word' id='word_1_28' title='bbox 1821 348 1880 380; x_wconf 75' lang='lat'><em>¹94</em></span> <span class='ocrx_word' id='word_1_29' title='bbox 1917 338 1949 370; x_wconf 87' lang='grc' dir='ltr'>Ε</span> 
     </span>
     <span class='ocr_line' id='line_1_10' title="bbox 482 394 1801 447; baseline 0.001 -14"><span class='ocrx_word' id='word_1_30' title='bbox 482 394 583 446; x_wconf 76' lang='lat' dir='ltr'><em>quid</em></span> <span class='ocrx_word' id='word_1_31' title='bbox 603 394 771 447; x_wconf 71' lang='lat' dir='ltr'><em>spiritu,</em></span> <span class='ocrx_word' id='word_1_32' title='bbox 788 395 829 433; x_wconf 89' lang='lat' dir='ltr'><em>in</em></span> <span class='ocrx_word' id='word_1_33' title='bbox 848 402 1021 435; x_wconf 79' lang='lat' dir='ltr'><em>secreto,</em></span> <span class='ocrx_word' id='word_1_34' title='bbox 1039 394 1220 447; x_wconf 79' lang='lat' dir='ltr'>Oportet</span> <span class='ocrx_word' id='word_1_35' title='bbox 1235 408 1333 446; x_wconf 86' lang='lat' dir='ltr'><em>ergo</em></span> <span class='ocrx_word' id='word_1_36' title='bbox 1356 395 1462 434; x_wconf 86' lang='lat' dir='ltr'><em>hanc</em></span> <span class='ocrx_word' id='word_1_37' title='bbox 1479 395 1681 435; x_wconf 89' lang='lat' dir='ltr'><em>feminam</em></span> <span class='ocrx_word' id='word_1_38' title='bbox 1703 409 1801 435; x_wconf 90' lang='lat' dir='ltr'><em>cum</em></span> 
     </span>
     <span class='ocr_line' id='line_1_11' title="bbox 483 463 1801 518; baseline 0.002 -16"><span class='ocrx_word' id='word_1_39' title='bbox 483 477 557 503; x_wconf 88' lang='lat' dir='ltr'><em>sua</em></span> <span class='ocrx_word' id='word_1_40' title='bbox 580 463 735 502; x_wconf 84' lang='lat' dir='ltr'><em>familia</em></span> <span class='ocrx_word' id='word_1_41' title='bbox 762 463 880 503; x_wconf 87' lang='lat' dir='ltr'><em>indui</em></span> <span class='ocrx_word' id='word_1_42' title='bbox 905 464 985 503; x_wconf 89' lang='lat' dir='ltr'><em>hoc</em></span> <span class='ocrx_word' id='word_1_43' title='bbox 1017 463 1233 516; x_wconf 83' lang='lat' dir='ltr'><em>geminum</em></span> <span class='ocrx_word' id='word_1_44' title='bbox 1264 463 1578 505; x_wconf 87' lang='lat' dir='ltr'><em>vestimentum.</em></span> <span class='ocrx_word' id='word_1_45' title='bbox 1617 465 1801 518; x_wconf 80' lang='lat' dir='ltr'><em>Operari</em></span> 
     </span>
     <span class='ocr_line' id='line_1_12' title="bbox 482 534 1800 587; baseline 0.002 -16"><span class='ocrx_word' id='word_1_46' title='bbox 482 539 623 572; x_wconf 82' lang='lat' dir='ltr'><em>antem</em></span> <span class='ocrx_word' id='word_1_47' title='bbox 639 546 769 572; x_wconf 77' lang='lat' dir='ltr'><em>carne</em></span> <span class='ocrx_word' id='word_1_48' title='bbox 783 540 822 573; x_wconf 85' lang='lat' dir='ltr'><em>et</em></span> <span class='ocrx_word' id='word_1_49' title='bbox 837 546 917 572; x_wconf 83' lang='lat' dir='ltr'><em>non</em></span> <span class='ocrx_word' id='word_1_50' title='bbox 932 534 1085 586; x_wconf 77' lang='lat' dir='ltr'><em>spiritu</em></span> <span class='ocrx_word' id='word_1_51' title='bbox 1101 535 1292 587; x_wconf 68' lang='lat' dir='ltr'><em>quamvis</em></span> <span class='ocrx_word' id='word_1_52' title='bbox 1307 535 1461 574; x_wconf 80' lang='lat' dir='ltr'><em>bonum</em></span> <span class='ocrx_word' id='word_1_53' title='bbox 1477 534 1683 583; x_wconf 82' lang='lat' dir='ltr'><em>videatur,</em></span> <span class='ocrx_word' id='word_1_54' title='bbox 1701 535 1800 574; x_wconf 84' lang='lat' dir='ltr'><em>utile</em></span> 
     </span>
     <span class='ocr_line' id='line_1_13' title="bbox 483 602 1833 658; baseline 0.003 -18"><span class='ocrx_word' id='word_1_55' title='bbox 483 609 624 642; x_wconf 83' lang='lat' dir='ltr'><em>tamen</em></span> <span class='ocrx_word' id='word_1_56' title='bbox 649 616 731 642; x_wconf 85' lang='lat' dir='ltr'><em>non</em></span> <span class='ocrx_word' id='word_1_57' title='bbox 755 609 828 644; x_wconf 83' lang='lat' dir='ltr'><em>est.</em></span> <span class='ocrx_word' id='word_1_58' title='bbox 859 602 1048 655; x_wconf 72' lang='lat' dir='ltr'><em>Operam·</em></span> <span class='ocrx_word' id='word_1_59' title='bbox 1071 617 1170 643; x_wconf 78' lang='lat' dir='ltr'><em>vero</em></span> <span class='ocrx_word' id='word_1_60' title='bbox 1194 605 1345 657; x_wconf 77' lang='lat' dir='ltr'><em>spiritu</em></span> <span class='ocrx_word' id='word_1_61' title='bbox 1369 611 1408 644; x_wconf 86' lang='lat' dir='ltr'><em>et</em></span> <span class='ocrx_word' id='word_1_62' title='bbox 1430 617 1511 644; x_wconf 87' lang='lat' dir='ltr'><em>non</em></span> <span class='ocrx_word' id='word_1_63' title='bbox 1548 617 1679 643; x_wconf 86' lang='lat' dir='ltr'><em>carne</em></span> <span class='ocrx_word' id='word_1_64' title='bbox 1698 604 1798 658; x_wconf 78' lang='lat' dir='ltr'><em>pig·</em></span> <span class='ocrx_word' id='word_1_65' title='bbox 1817 613 1833 645; x_wconf 84' lang='lat'><strong>5</strong></span> 
     </span>
     <span class='ocr_line' id='line_1_14' title="bbox 483 672 1799 726; baseline 0.002 -15"><span class='ocrx_word' id='word_1_66' title='bbox 483 686 631 712; x_wconf 76' lang='lat' dir='ltr'><em>rorum</em></span> <span class='ocrx_word' id='word_1_67' title='bbox 656 680 743 721; x_wconf 81' lang='lat' dir='ltr'><em>est;</em></span> <span class='ocrx_word' id='word_1_68' title='bbox 765 686 863 711; x_wconf 85' lang='lat' dir='ltr'><em>nam</em></span> <span class='ocrx_word' id='word_1_69' title='bbox 888 672 994 712; x_wconf 85' lang='lat' dir='ltr'><em>dans</em></span> <span class='ocrx_word' id='word_1_70' title='bbox 1020 674 1292 713; x_wconf 73' lang='lat' dir='ltr'><em>elemosinam</em></span> <span class='ocrx_word' id='word_1_71' title='bbox 1320 687 1405 726; x_wconf 81' lang='lat' dir='ltr'><em>pro</em></span> <span class='ocrx_word' id='word_1_72' title='bbox 1435 673 1562 713; x_wconf 82' lang='lat' dir='ltr'><em>laude</em></span> <span class='ocrx_word' id='word_1_73' title='bbox 1583 675 1799 713; x_wconf 81' lang='lat' dir='ltr'><em>hominum</em></span> 
     </span>
     <span class='ocr_line' id='line_1_15' title="bbox 483 741 1801 797; baseline 0.002 -17"><span class='ocrx_word' id='word_1_74' title='bbox 483 742 641 781; x_wconf 78' lang='lat' dir='ltr'><em>nudam</em></span> <span class='ocrx_word' id='word_1_75' title='bbox 664 748 820 782; x_wconf 81' lang='lat' dir='ltr'><em>vestem</em></span> <span class='ocrx_word' id='word_1_76' title='bbox 850 741 1015 781; x_wconf 75' lang='lat' dir='ltr'><em>videtur</em></span> <span class='ocrx_word' id='word_1_77' title='bbox 1036 743 1171 791; x_wconf 83' lang='lat' dir='ltr'><em>indui,</em></span> <span class='ocrx_word' id='word_1_78' title='bbox 1194 744 1304 782; x_wconf 84' lang='lat' dir='ltr'><em>sicut</em></span> <span class='ocrx_word' id='word_1_79' title='bbox 1325 743 1465 783; x_wconf 85' lang='lat' dir='ltr'><em>dicens</em></span> <span class='ocrx_word' id='word_1_80' title='bbox 1494 744 1574 783; x_wconf 92' lang='lat' dir='ltr'><em>sibi</em></span> <span class='ocrx_word' id='word_1_81' title='bbox 1603 743 1801 797; x_wconf 83' lang='lat' dir='ltr'><em>sufficere</em></span> 
     </span>
     <span class='ocr_line' id='line_1_16' title="bbox 482 812 1802 866; baseline 0.001 -16"><span class='ocrx_word' id='word_1_82' title='bbox 482 812 523 850; x_wconf 92' lang='lat' dir='ltr'><em>in</em></span> <span class='ocrx_word' id='word_1_83' title='bbox 557 812 819 861; x_wconf 67' lang='lat' dir='ltr'><em>consciencia</em></span> <span class='ocrx_word' id='word_1_84' title='bbox 857 825 937 851; x_wconf 79' lang='lat' dir='ltr'><em>sua</em></span> <span class='ocrx_word' id='word_1_85' title='bbox 968 812 1108 851; x_wconf 81' lang='lat' dir='ltr'><em>Deum</em></span> <span class='ocrx_word' id='word_1_86' title='bbox 1148 814 1299 861; x_wconf 82' lang='lat' dir='ltr'><em>colere,</em></span> <span class='ocrx_word' id='word_1_87' title='bbox 1338 826 1413 852; x_wconf 84' lang='lat' dir='ltr'><em>nee</em></span> <span class='ocrx_word' id='word_1_88' title='bbox 1443 813 1554 866; x_wconf 81' lang='lat' dir='ltr'><em>quod</em></span> <span class='ocrx_word' id='word_1_89' title='bbox 1593 812 1713 853; x_wconf 81' lang='lat' dir='ltr'><em>debet</em></span> <span class='ocrx_word' id='word_1_90' title='bbox 1747 812 1802 851; x_wconf 85' lang='lat' dir='ltr'><em>ad</em></span> 
     </span>
     <span class='ocr_line' id='line_1_17' title="bbox 485 882 1800 922; baseline 0.002 -2"><span class='ocrx_word' id='word_1_91' title='bbox 485 882 703 921; x_wconf 83' lang='lat' dir='ltr'><em>ecelesiam</em></span> <span class='ocrx_word' id='word_1_92' title='bbox 737 882 799 920; x_wconf 80' lang='lat' dir='ltr'><em>ire</em></span> <span class='ocrx_word' id='word_1_93' title='bbox 827 882 893 920; x_wconf 78' lang='lat' dir='ltr'><em>vel</em></span> <span class='ocrx_word' id='word_1_94' title='bbox 914 883 1064 921; x_wconf 80' lang='lat' dir='ltr'><em>ceteris</em></span> <span class='ocrx_word' id='word_1_95' title='bbox 1088 883 1334 922; x_wconf 81' lang='lat' dir='ltr'><em>christianis</em></span> <span class='ocrx_word' id='word_1_96' title='bbox 1355 883 1518 922; x_wconf 84' lang='lat' dir='ltr'><em>actibus</em></span> <span class='ocrx_word' id='word_1_97' title='bbox 1534 882 1800 922; x_wconf 82' lang='lat' dir='ltr'><em>sensibilibus</em></span> 
     </span>
     <span class='ocr_line' id='line_1_18' title="bbox 484 951 1860 1005; baseline 0.003 -17"><span class='ocrx_word' id='word_1_98' title='bbox 484 951 727 991; x_wconf 81' lang='lat' dir='ltr'><em>immisceri.</em></span> <span class='ocrx_word' id='word_1_99' title='bbox 780 952 905 999; x_wconf 78' lang='lat' dir='ltr'><em>Talis,</em></span> <span class='ocrx_word' id='word_1_100' title='bbox 948 951 1084 1004; x_wconf 88' lang='lat' dir='ltr'><em>inquit</em></span> <span class='ocrx_word' id='word_1_101' title='bbox 1124 953 1401 1005; x_wconf 82' lang='lat' dir='ltr'><em>Augustinus,</em></span> <span class='ocrx_word' id='word_1_102' title='bbox 1444 952 1602 992; x_wconf 80' lang='lat' dir='ltr'><em>nudam</em></span> <span class='ocrx_word' id='word_1_103' title='bbox 1646 959 1860 994; x_wconf 76' lang='lat' dir='ltr'><em>vestemm</em></span> 
     </span>
     <span class='ocr_line' id='line_1_19' title="bbox 483 1021 1804 1074; baseline 0.002 -16"><span class='ocrx_word' id='word_1_104' title='bbox 483 1021 638 1059; x_wconf 87' lang='lat' dir='ltr'><em>lineam</em></span> <span class='ocrx_word' id='word_1_105' title='bbox 657 1022 744 1060; x_wconf 76' lang='lat' dir='ltr'><em>vult</em></span> <span class='ocrx_word' id='word_1_106' title='bbox 765 1021 932 1061; x_wconf 83' lang='lat' dir='ltr'><em>habere.</em></span> <span class='ocrx_word' id='word_1_107' title='bbox 948 1022 1044 1060; x_wconf 90' lang='lat' dir='ltr'><em>Non</em></span> <span class='ocrx_word' id='word_1_108' title='bbox 1061 1021 1117 1060; x_wconf 90' lang='lat' dir='ltr'><em>sic</em></span> <span class='ocrx_word' id='word_1_109' title='bbox 1134 1023 1256 1061; x_wconf 89' lang='lat' dir='ltr'><em>docet</em></span> <span class='ocrx_word' id='word_1_110' title='bbox 1271 1022 1345 1061; x_wconf 88' lang='lat' dir='ltr'><em>hec</em></span> <span class='ocrx_word' id='word_1_111' title='bbox 1361 1022 1524 1074; x_wconf 81' lang='lat' dir='ltr'><em>mulier,</em></span> <span class='ocrx_word' id='word_1_112' title='bbox 1540 1023 1610 1062; x_wconf 88' lang='lat' dir='ltr'><em>sed</em></span> <span class='ocrx_word' id='word_1_113' title='bbox 1626 1022 1804 1061; x_wconf 85' lang='lat' dir='ltr'><em>instituit</em></span> 
     </span>
     <span class='ocr_line' id='line_1_20' title="bbox 483 1089 1802 1145; baseline 0.002 -17"><span class='ocrx_word' id='word_1_114' title='bbox 483 1089 609 1129; x_wconf 88' lang='lat' dir='ltr'><em>simul</em></span> <span class='ocrx_word' id='word_1_115' title='bbox 640 1091 873 1130; x_wconf 87' lang='lat' dir='ltr'><em>secundum</em></span> <span class='ocrx_word' id='word_1_116' title='bbox 902 1091 1063 1143; x_wconf 79' lang='lat' dir='ltr'><em>praxim</em></span> <span class='ocrx_word' id='word_1_117' title='bbox 1095 1101 1133 1131; x_wconf 91' lang='lat' dir='ltr'><em>et</em></span> <span class='ocrx_word' id='word_1_118' title='bbox 1163 1092 1393 1132; x_wconf 79' lang='lat' dir='ltr'><em>theoricam</em></span> <span class='ocrx_word' id='word_1_119' title='bbox 1421 1091 1595 1145; x_wconf 83' lang='lat' dir='ltr'><em>operari,</em></span> <span class='ocrx_word' id='word_1_120' title='bbox 1624 1105 1723 1131; x_wconf 88' lang='lat' dir='ltr'><em>nam</em></span> <span class='ocrx_word' id='word_1_121' title='bbox 1751 1091 1802 1130; x_wconf 91' lang='lat' dir='ltr'><em>ad</em></span> 
     </span>
     <span class='ocr_line' id='line_1_21' title="bbox 483 1160 1802 1213; baseline 0.001 -15"><span class='ocrx_word' id='word_1_122' title='bbox 483 1160 563 1198; x_wconf 88' lang='lat' dir='ltr'><em>hoc</em></span> <span class='ocrx_word' id='word_1_123' title='bbox 580 1160 773 1212; x_wconf 79' lang='lat' dir='ltr'><em>colligere</em></span> <span class='ocrx_word' id='word_1_124' title='bbox 797 1161 998 1200; x_wconf 86' lang='lat' dir='ltr'><em>debemus</em></span> <span class='ocrx_word' id='word_1_125' title='bbox 1021 1161 1099 1201; x_wconf 90' lang='lat' dir='ltr'><em>hos</em></span> <span class='ocrx_word' id='word_1_126' title='bbox 1121 1162 1299 1213; x_wconf 77' lang='lat' dir='ltr'><em>habitus,</em></span> <span class='ocrx_word' id='word_1_127' title='bbox 1323 1171 1369 1201; x_wconf 87' lang='lat' dir='ltr'><em>ut</em></span> <span class='ocrx_word' id='word_1_128' title='bbox 1397 1161 1572 1201; x_wconf 86' lang='lat' dir='ltr'><em>consilio</em></span> <span class='ocrx_word' id='word_1_129' title='bbox 1596 1174 1802 1200; x_wconf 88' lang='lat' dir='ltr'><em>manuum</em></span> 
     </span>
     <span class='ocr_line' id='line_1_22' title="bbox 482 1230 1802 1284; baseline 0.001 -16"><span class='ocrx_word' id='word_1_130' title='bbox 482 1243 718 1281; x_wconf 86' lang='lat' dir='ltr'><em>operemur.</em></span> <span class='ocrx_word' id='word_1_131' title='bbox 730 1230 870 1270; x_wconf 87' lang='lat' dir='ltr'><em>Virtus</em></span> <span class='ocrx_word' id='word_1_132' title='bbox 888 1231 1001 1270; x_wconf 88' lang='lat' dir='ltr'><em>enim</em></span> <span class='ocrx_word' id='word_1_133' title='bbox 1016 1232 1249 1271; x_wconf 88' lang='lat' dir='ltr'><em>secundum</em></span> <span class='ocrx_word' id='word_1_134' title='bbox 1264 1232 1543 1284; x_wconf 88' lang='lat' dir='ltr'><em>philosophos</em></span> <span class='ocrx_word' id='word_1_135' title='bbox 1560 1239 1620 1270; x_wconf 88' lang='lat' dir='ltr'><em>est</em></span> <span class='ocrx_word' id='word_1_136' title='bbox 1634 1239 1802 1283; x_wconf 87' lang='lat' dir='ltr'><em>propter</em></span> 
     </span>
     <span class='ocr_line' id='line_1_23' title="bbox 483 1300 1858 1354; baseline 0.003 -17"><span class='ocrx_word' id='word_1_137' title='bbox 483 1312 624 1351; x_wconf 84' lang='lat' dir='ltr'><em>opera,</em></span> <span class='ocrx_word' id='word_1_138' title='bbox 658 1308 697 1338; x_wconf 87' lang='lat' dir='ltr'><em>et</em></span> <span class='ocrx_word' id='word_1_139' title='bbox 728 1300 824 1339; x_wconf 89' lang='lat' dir='ltr'><em>hinc</em></span> <span class='ocrx_word' id='word_1_140' title='bbox 858 1300 1030 1340; x_wconf 79' lang='lat' dir='ltr'><em>felicitas</em></span> <span class='ocrx_word' id='word_1_141' title='bbox 1065 1301 1255 1341; x_wconf 84' lang='lat' dir='ltr'><em>consistit</em></span> <span class='ocrx_word' id='word_1_142' title='bbox 1288 1301 1329 1340; x_wconf 88' lang='lat' dir='ltr'><em>in</em></span> <span class='ocrx_word' id='word_1_143' title='bbox 1362 1310 1457 1341; x_wconf 87' lang='lat' dir='ltr'><em>actu</em></span> <span class='ocrx_word' id='word_1_144' title='bbox 1491 1302 1553 1340; x_wconf 87' lang='lat' dir='ltr'><em>vel</em></span> <span class='ocrx_word' id='word_1_145' title='bbox 1586 1314 1725 1354; x_wconf 80' lang='lat' dir='ltr'><em>opere,</em></span> <span class='ocrx_word' id='word_1_146' title='bbox 1765 1308 1802 1338; x_wconf 91' lang='lat' dir='ltr'><em>et</em></span> <span class='ocrx_word' id='word_1_147' title='bbox 1824 1308 1858 1341; x_wconf 85' lang='lat'><em>15</em></span> 
     </span>
     <span class='ocr_line' id='line_1_24' title="bbox 482 1369 1802 1411; baseline 0.001 -5"><span class='ocrx_word' id='word_1_148' title='bbox 482 1369 631 1407; x_wconf 87' lang='lat' dir='ltr'><em>melior</em></span> <span class='ocrx_word' id='word_1_149' title='bbox 670 1379 730 1408; x_wconf 88' lang='lat' dir='ltr'><em>est</em></span> <span class='ocrx_word' id='word_1_150' title='bbox 767 1370 930 1410; x_wconf 88' lang='lat' dir='ltr'><em>virtute.</em></span> <span class='ocrx_word' id='word_1_151' title='bbox 971 1370 1158 1410; x_wconf 83' lang='lat' dir='ltr'><em>Omnem</em></span> <span class='ocrx_word' id='word_1_152' title='bbox 1198 1380 1339 1411; x_wconf 87' lang='lat' dir='ltr'><em>autem</em></span> <span class='ocrx_word' id='word_1_153' title='bbox 1372 1371 1570 1411; x_wconf 89' lang='lat' dir='ltr'><em>virtutem</em></span> <span class='ocrx_word' id='word_1_154' title='bbox 1599 1370 1802 1410; x_wconf 83' lang='lat' dir='ltr'><em>moralem</em></span> 
     </span>
     <span class='ocr_line' id='line_1_25' title="bbox 484 1439 1804 1495; baseline 0 -18"><span class='ocrx_word' id='word_1_155' title='bbox 484 1447 651 1491; x_wconf 86' lang='lat' dir='ltr'><em>oportet</em></span> <span class='ocrx_word' id='word_1_156' title='bbox 680 1440 951 1492; x_wconf 82' lang='lat' dir='ltr'><em>prudenciam</em></span> <span class='ocrx_word' id='word_1_157' title='bbox 990 1441 1178 1494; x_wconf 74' lang='lat' dir='ltr'><em>regulari,</em></span> <span class='ocrx_word' id='word_1_158' title='bbox 1214 1451 1253 1480; x_wconf 89' lang='lat' dir='ltr'><em>et</em></span> <span class='ocrx_word' id='word_1_159' title='bbox 1284 1441 1379 1481; x_wconf 91' lang='lat' dir='ltr'><em>ideo</em></span> <span class='ocrx_word' id='word_1_160' title='bbox 1413 1441 1624 1495; x_wconf 79' lang='lat' dir='ltr'><em>signanter</em></span> <span class='ocrx_word' id='word_1_161' title='bbox 1655 1439 1804 1478; x_wconf 85' lang='lat' dir='ltr'><em>dicitur</em></span> 
     </span>
     <span class='ocr_line' id='line_1_26' title="bbox 484 1508 1801 1563; baseline 0.001 -17"><span class='ocrx_word' id='word_1_162' title='bbox 484 1509 599 1560; x_wconf 84' lang='lat' dir='ltr'><em>quod</em></span> <span class='ocrx_word' id='word_1_163' title='bbox 624 1508 697 1548; x_wconf 89' lang='lat' dir='ltr'><em>hec</em></span> <span class='ocrx_word' id='word_1_164' title='bbox 728 1518 860 1549; x_wconf 87' lang='lat' dir='ltr'><em>mater</em></span> <span class='ocrx_word' id='word_1_165' title='bbox 891 1517 1069 1563; x_wconf 78' lang='lat' dir='ltr'><em>operata</em></span> <span class='ocrx_word' id='word_1_166' title='bbox 1093 1517 1155 1550; x_wconf 83' lang='lat' dir='ltr'><em>est</em></span> <span class='ocrx_word' id='word_1_167' title='bbox 1175 1511 1352 1550; x_wconf 85' lang='lat' dir='ltr'><em>consilio</em></span> <span class='ocrx_word' id='word_1_168' title='bbox 1376 1524 1582 1550; x_wconf 82' lang='lat' dir='ltr'><em>manuum</em></span> <span class='ocrx_word' id='word_1_169' title='bbox 1605 1522 1801 1549; x_wconf 82' lang='lat' dir='ltr'><em>suarum.</em></span> 
     </span>
     <span class='ocr_line' id='line_1_27' title="bbox 544 1577 1901 1632; baseline 0.002 -15"><span class='ocrx_word' id='word_1_170' title='bbox 544 1578 667 1617; x_wconf 88' lang='lat' dir='ltr'><em>Unde</em></span> <span class='ocrx_word' id='word_1_171' title='bbox 700 1579 751 1617; x_wconf 89' lang='lat' dir='ltr'><em>ad</em></span> <span class='ocrx_word' id='word_1_172' title='bbox 777 1580 1068 1619; x_wconf 87' lang='lat' dir='ltr'><em>denotandum</em></span> <span class='ocrx_word' id='word_1_173' title='bbox 1090 1579 1330 1619; x_wconf 85' lang='lat' dir='ltr'><em>varietatem</em></span> <span class='ocrx_word' id='word_1_174' title='bbox 1354 1580 1657 1632; x_wconf 85' lang='lat' dir='ltr'><em>operacionum</em></span> <span class='ocrx_word' id='word_1_175' title='bbox 1679 1577 1803 1617; x_wconf 88' lang='lat' dir='ltr'><em>huius</em></span> <span class='ocrx_word' id='word_1_176' title='bbox 1819 1588 1844 1619; x_wconf 85' lang='lat'><strong>3</strong></span> <span class='ocrx_word' id='word_1_177' title='bbox 1869 1586 1901 1620; x_wconf 86' lang='lat' dir='ltr'><strong>F</strong></span> 
     </span>
    </p>

    <p class='ocr_par' dir='ltr' id='par_1_6' title="bbox 485 1648 1862 2466">
     <span class='ocr_line' id='line_1_28' title="bbox 486 1648 1862 1702; baseline 0.001 -17"><span class='ocrx_word' id='word_1_178' title='bbox 486 1656 677 1686; x_wconf 87' lang='lat' dir='ltr'><em>matrone</em></span> <span class='ocrx_word' id='word_1_179' title='bbox 710 1648 928 1701; x_wconf 83' lang='lat' dir='ltr'><em>subiungit</em></span> <span class='ocrx_word' id='word_1_180' title='bbox 960 1648 1108 1688; x_wconf 84' lang='lat' dir='ltr'><em>tercio:</em></span> <span class='ocrx_word' id='word_1_181' title='bbox 1158 1649 1290 1688; x_wconf 79' lang='lat' dir='ltr'><em>Facta</em></span> <span class='ocrx_word' id='word_1_182' title='bbox 1331 1656 1393 1689; x_wconf 80' lang='lat' dir='ltr'><em>est</em></span> <span class='ocrx_word' id='word_1_183' title='bbox 1431 1650 1556 1702; x_wconf 79' lang='lat' dir='ltr'><em>quasi</em></span> <span class='ocrx_word' id='word_1_184' title='bbox 1589 1648 1708 1688; x_wconf 77' lang='lat' dir='ltr'><em>navis</em></span> <span class='ocrx_word' id='word_1_185' title='bbox 1741 1648 1802 1686; x_wconf 83' lang='lat' dir='ltr'><em>in·</em></span> <span class='ocrx_word' id='word_1_186' title='bbox 1820 1666 1862 1687; x_wconf 81' lang='lat'><em>20</em></span> 
     </span>
     <span class='ocr_line' id='line_1_29' title="bbox 485 1717 1803 1772; baseline 0 -17"><span class='ocrx_word' id='word_1_187' title='bbox 485 1717 647 1756; x_wconf 78' lang='lat' dir='ltr'><em>stitoris</em></span> <span class='ocrx_word' id='word_1_188' title='bbox 691 1717 740 1756; x_wconf 84' lang='lat' dir='ltr'><em>de</em></span> <span class='ocrx_word' id='word_1_189' title='bbox 780 1719 906 1772; x_wconf 83' lang='lat' dir='ltr'><em>longe</em></span> <span class='ocrx_word' id='word_1_190' title='bbox 938 1726 1122 1771; x_wconf 77' lang='lat' dir='ltr'><em>portans</em></span> <span class='ocrx_word' id='word_1_191' title='bbox 1154 1733 1313 1771; x_wconf 79' lang='lat' dir='ltr'><em>panem</em></span> <span class='ocrx_word' id='word_1_192' title='bbox 1353 1732 1493 1759; x_wconf 84' lang='lat' dir='ltr'><em>suum.</em></span> <span class='ocrx_word' id='word_1_193' title='bbox 1548 1720 1711 1758; x_wconf 88' lang='lat' dir='ltr'><em>Notum</em></span> <span class='ocrx_word' id='word_1_194' title='bbox 1743 1725 1803 1756; x_wconf 89' lang='lat' dir='ltr'><em>est</em></span> 
     </span>
     <span class='ocr_line' id='line_1_30' title="bbox 486 1787 1801 1840; baseline 0 -15"><span class='ocrx_word' id='word_1_195' title='bbox 486 1800 532 1825; x_wconf 83' lang='lat' dir='ltr'><em>ex</em></span> <span class='ocrx_word' id='word_1_196' title='bbox 571 1787 843 1827; x_wconf 80' lang='lat' dir='ltr'><em>tractantibus</em></span> <span class='ocrx_word' id='word_1_197' title='bbox 884 1789 934 1826; x_wconf 92' lang='lat' dir='ltr'><em>de</em></span> <span class='ocrx_word' id='word_1_198' title='bbox 967 1788 1089 1828; x_wconf 86' lang='lat' dir='ltr'><em>archa</em></span> <span class='ocrx_word' id='word_1_199' title='bbox 1122 1790 1214 1828; x_wconf 92' lang='lat' dir='ltr'><em>Noe</em></span> <span class='ocrx_word' id='word_1_200' title='bbox 1248 1799 1286 1829; x_wconf 89' lang='lat' dir='ltr'><em>et</em></span> <span class='ocrx_word' id='word_1_201' title='bbox 1319 1789 1511 1828; x_wconf 84' lang='lat' dir='ltr'><em>navicula</em></span> <span class='ocrx_word' id='word_1_202' title='bbox 1542 1787 1650 1827; x_wconf 88' lang='lat' dir='ltr'><em>Petri</em></span> <span class='ocrx_word' id='word_1_203' title='bbox 1696 1800 1801 1840; x_wconf 89' lang='lat' dir='ltr'><em>quo-</em></span> 
     </span>
     <span class='ocr_line' id='line_1_31' title="bbox 485 1856 1804 1912; baseline 0 -18"><span class='ocrx_word' id='word_1_204' title='bbox 485 1857 616 1895; x_wconf 91' lang='lat' dir='ltr'><em>modo</em></span> <span class='ocrx_word' id='word_1_205' title='bbox 651 1857 822 1896; x_wconf 87' lang='lat' dir='ltr'><em>ecclesia</em></span> <span class='ocrx_word' id='word_1_206' title='bbox 854 1857 1061 1897; x_wconf 82' lang='lat' dir='ltr'><em>similatur</em></span> <span class='ocrx_word' id='word_1_207' title='bbox 1092 1858 1185 1897; x_wconf 85' lang='lat' dir='ltr'><em>navi</em></span> <span class='ocrx_word' id='word_1_208' title='bbox 1209 1858 1251 1897; x_wconf 92' lang='lat' dir='ltr'><em>in</em></span> <span class='ocrx_word' id='word_1_209' title='bbox 1279 1873 1361 1912; x_wconf 85' lang='lat' dir='ltr'><em>qua</em></span> <span class='ocrx_word' id='word_1_210' title='bbox 1393 1858 1539 1898; x_wconf 86' lang='lat' dir='ltr'><em>divicie</em></span> <span class='ocrx_word' id='word_1_211' title='bbox 1573 1866 1611 1897; x_wconf 90' lang='lat' dir='ltr'><em>et</em></span> <span class='ocrx_word' id='word_1_212' title='bbox 1644 1856 1804 1896; x_wconf 79' lang='lat' dir='ltr'><em>diversa</em></span> 
     </span>
     <span class='ocr_line' id='line_1_32' title="bbox 488 1926 1804 1982; baseline 0 -18"><span class='ocrx_word' id='word_1_213' title='bbox 488 1926 763 1965; x_wconf 86' lang='lat' dir='ltr'><em>mercimonia</em></span> <span class='ocrx_word' id='word_1_214' title='bbox 796 1936 1074 1980; x_wconf 85' lang='lat' dir='ltr'><em>congerunter</em></span> <span class='ocrx_word' id='word_1_215' title='bbox 1106 1928 1314 1982; x_wconf 78' lang='lat' dir='ltr'><em>habetque</em></span> <span class='ocrx_word' id='word_1_216' title='bbox 1354 1928 1461 1967; x_wconf 85' lang='lat' dir='ltr'><em>intra</em></span> <span class='ocrx_word' id='word_1_217' title='bbox 1495 1942 1537 1967; x_wconf 89' lang='lat' dir='ltr'><em>se</em></span> <span class='ocrx_word' id='word_1_218' title='bbox 1574 1934 1804 1966; x_wconf 81' lang='lat' dir='ltr'><em>mercantes</em></span> 
     </span>
     <span class='ocr_line' id='line_1_33' title="bbox 485 1996 1860 2050; baseline 0.003 -16"><span class='ocrx_word' id='word_1_219' title='bbox 485 2004 571 2034; x_wconf 87' lang='lat' dir='ltr'><em>tam</em></span> <span class='ocrx_word' id='word_1_220' title='bbox 612 1996 849 2036; x_wconf 88' lang='lat' dir='ltr'><em>venditores</em></span> <span class='ocrx_word' id='word_1_221' title='bbox 897 2011 1027 2050; x_wconf 83' lang='lat' dir='ltr'><em>quam</em></span> <span class='ocrx_word' id='word_1_222' title='bbox 1071 1998 1200 2036; x_wconf 85' lang='lat' dir='ltr'><em>eciam</em></span> <span class='ocrx_word' id='word_1_223' title='bbox 1248 1997 1472 2049; x_wconf 81' lang='lat' dir='ltr'><em>institores,</em></span> <span class='ocrx_word' id='word_1_224' title='bbox 1518 2005 1557 2036; x_wconf 91' lang='lat' dir='ltr'><em>et</em></span> <span class='ocrx_word' id='word_1_225' title='bbox 1595 2009 1693 2035; x_wconf 89' lang='lat' dir='ltr'><em>cum</em></span> <span class='ocrx_word' id='word_1_226' title='bbox 1732 2008 1806 2047; x_wconf 87' lang='lat' dir='ltr'><em>per</em></span> <span class='ocrx_word' id='word_1_227' title='bbox 1822 2006 1860 2038; x_wconf 79' lang='lat'><em>25</em></span> 
     </span>
     <span class='ocr_line' id='line_1_34' title="bbox 485 2064 1803 2120; baseline 0 -17"><span class='ocrx_word' id='word_1_228' title='bbox 485 2073 618 2104; x_wconf 83' lang='lat' dir='ltr'><em>totam</em></span> <span class='ocrx_word' id='word_1_229' title='bbox 659 2065 931 2105; x_wconf 76' lang='lat' dir='ltr'><em>habitabilem</em></span> <span class='ocrx_word' id='word_1_230' title='bbox 969 2075 1157 2106; x_wconf 90' lang='lat' dir='ltr'><em>nostram</em></span> <span class='ocrx_word' id='word_1_231' title='bbox 1189 2067 1336 2106; x_wconf 87' lang='lat' dir='ltr'><em>saltem</em></span> <span class='ocrx_word' id='word_1_232' title='bbox 1369 2066 1619 2120; x_wconf 87' lang='lat' dir='ltr'><em>potestative</em></span> <span class='ocrx_word' id='word_1_233' title='bbox 1652 2064 1803 2104; x_wconf 82' lang='lat' dir='ltr'><em>diffun-</em></span> 
     </span>
     <span class='ocr_line' id='line_1_35' title="bbox 485 2134 1805 2190; baseline 0 -18"><span class='ocrx_word' id='word_1_234' title='bbox 485 2134 609 2186; x_wconf 79' lang='lat' dir='ltr'><em>ditur7</em></span> <span class='ocrx_word' id='word_1_235' title='bbox 641 2149 790 2188; x_wconf 87' lang='lat' dir='ltr'><em>ymmo</em></span> <span class='ocrx_word' id='word_1_236' title='bbox 823 2149 896 2189; x_wconf 90' lang='lat' dir='ltr'><em>per</em></span> <span class='ocrx_word' id='word_1_237' title='bbox 928 2136 1223 2189; x_wconf 86' lang='lat' dir='ltr'><em>purgatorium</em></span> <span class='ocrx_word' id='word_1_238' title='bbox 1247 2145 1371 2190; x_wconf 87' lang='lat' dir='ltr'><em>atque</em></span> <span class='ocrx_word' id='word_1_239' title='bbox 1394 2137 1518 2188; x_wconf 81' lang='lat' dir='ltr'><em>celos,</em></span> <span class='ocrx_word' id='word_1_240' title='bbox 1551 2144 1665 2189; x_wconf 89' lang='lat' dir='ltr'><em>patet</em></span> <span class='ocrx_word' id='word_1_241' title='bbox 1688 2134 1805 2188; x_wconf 88' lang='lat' dir='ltr'><em>quod</em></span> 
     </span>
     <span class='ocr_line' id='line_1_36' title="bbox 485 2205 1803 2259; baseline 0 -17"><span class='ocrx_word' id='word_1_242' title='bbox 485 2205 535 2242; x_wconf 87' lang='lat' dir='ltr'><em>de</em></span> <span class='ocrx_word' id='word_1_243' title='bbox 573 2205 698 2257; x_wconf 85' lang='lat' dir='ltr'><em>longe</em></span> <span class='ocrx_word' id='word_1_244' title='bbox 737 2214 876 2257; x_wconf 89' lang='lat' dir='ltr'><em>portat</em></span> <span class='ocrx_word' id='word_1_245' title='bbox 914 2220 1069 2258; x_wconf 90' lang='lat' dir='ltr'><em>panem</em></span> <span class='ocrx_word' id='word_1_246' title='bbox 1102 2210 1198 2259; x_wconf 61' lang='lat' dir='ltr'><em>‘quo</em></span> <span class='ocrx_word' id='word_1_247' title='bbox 1243 2206 1439 2259; x_wconf 86' lang='lat' dir='ltr'><em>pascitur.</em></span> <span class='ocrx_word' id='word_1_248' title='bbox 1492 2205 1618 2245; x_wconf 87' lang='lat' dir='ltr'><em>Navis</em></span> <span class='ocrx_word' id='word_1_249' title='bbox 1663 2212 1803 2244; x_wconf 89' lang='lat' dir='ltr'><em>autem</em></span> 
     </span>
     <span class='ocr_line' id='line_1_37' title="bbox 485 2273 1805 2327; baseline -0.001 -15"><span class='ocrx_word' id='word_1_250' title='bbox 485 2275 643 2313; x_wconf 91' lang='lat' dir='ltr'><em>nedum</em></span> <span class='ocrx_word' id='word_1_251' title='bbox 676 2274 715 2312; x_wconf 89' lang='lat' dir='ltr'><em>in</em></span> <span class='ocrx_word' id='word_1_252' title='bbox 749 2273 883 2327; x_wconf 79' lang='lat' dir='ltr'><em>figura</em></span> <span class='ocrx_word' id='word_1_253' title='bbox 915 2275 1048 2314; x_wconf 90' lang='lat' dir='ltr'><em>tendit</em></span> <span class='ocrx_word' id='word_1_254' title='bbox 1079 2276 1131 2314; x_wconf 85' lang='lat' dir='ltr'><em>ad</em></span> <span class='ocrx_word' id='word_1_255' title='bbox 1164 2275 1484 2314; x_wconf 87' lang='lat' dir='ltr'><em>similitudinem</em></span> <span class='ocrx_word' id='word_1_256' title='bbox 1520 2283 1710 2313; x_wconf 87' lang='lat' dir='ltr'><em>matrone</em></span> <span class='ocrx_word' id='word_1_257' title='bbox 1733 2274 1805 2312; x_wconf 91' lang='lat' dir='ltr'><em>sed</em></span> 
     </span>
     <span class='ocr_line' id='line_1_38' title="bbox 485 2342 1862 2398; baseline 0.001 -18"><span class='ocrx_word' id='word_1_258' title='bbox 485 2343 598 2395; x_wconf 83' lang='lat' dir='ltr'><em>ligna</em></span> <span class='ocrx_word' id='word_1_259' title='bbox 637 2344 819 2397; x_wconf 85' lang='lat' dir='ltr'><em>levigata</em></span> <span class='ocrx_word' id='word_1_260' title='bbox 858 2345 909 2383; x_wconf 91' lang='lat' dir='ltr'><em>ad</em></span> <span class='ocrx_word' id='word_1_261' title='bbox 943 2344 1231 2384; x_wconf 85' lang='lat' dir='ltr'><em>imitacionem</em></span> <span class='ocrx_word' id='word_1_262' title='bbox 1264 2344 1364 2398; x_wconf 84' lang='lat' dir='ltr'><em>ligni</em></span> <span class='ocrx_word' id='word_1_263' title='bbox 1400 2343 1532 2384; x_wconf 90' lang='lat' dir='ltr'><em>crucis</em></span> <span class='ocrx_word' id='word_1_264' title='bbox 1565 2342 1806 2396; x_wconf 84' lang='lat' dir='ltr'><em>composita</em></span> <span class='ocrx_word' id='word_1_265' title='bbox 1821 2354 1862 2386; x_wconf 81' lang='lat'><em>30</em></span> 
     </span>
     <span class='ocr_line' id='line_1_39' title="bbox 485 2412 1804 2466; baseline -0.002 -14"><span class='ocrx_word' id='word_1_266' title='bbox 485 2413 671 2453; x_wconf 81' lang='lat' dir='ltr'><em>evehunt</em></span> <span class='ocrx_word' id='word_1_267' title='bbox 710 2413 978 2466; x_wconf 83' lang='lat' dir='ltr'><em>navigantem</em></span> <span class='ocrx_word' id='word_1_268' title='bbox 1011 2413 1053 2452; x_wconf 90' lang='lat' dir='ltr'><em>in</em></span> <span class='ocrx_word' id='word_1_269' title='bbox 1087 2414 1242 2465; x_wconf 80' lang='lat' dir='ltr'><em>seculo,</em></span> <span class='ocrx_word' id='word_1_270' title='bbox 1283 2427 1333 2452; x_wconf 90' lang='lat' dir='ltr'><em>ne</em></span> <span class='ocrx_word' id='word_1_271' title='bbox 1366 2413 1560 2466; x_wconf 87' lang='lat' dir='ltr'><em>procellis</em></span> <span class='ocrx_word' id='word_1_272' title='bbox 1593 2412 1804 2451; x_wconf 87' lang='lat' dir='ltr'><em>undarum</em></span> 
     </span>
    </p>
   </div>
   <div class='ocr_carea' id='block_1_6' title="bbox 485 2548 1805 2715">
    <p class='ocr_par' dir='ltr' id='par_1_7' title="bbox 485 2548 1805 2715">
     <span class='ocr_line' id='line_1_40' title="bbox 537 2548 1805 2583; baseline -0.002 -7"><span class='ocrx_word' id='word_1_273' title='bbox 537 2558 555 2576; x_wconf 77' lang='grc' dir='ltr'><em>ι.</em></span> <span class='ocrx_word' id='word_1_274' title='bbox 580 2549 614 2576; x_wconf 87' lang='lat' dir='ltr'><em>ss:</em></span> <span class='ocrx_word' id='word_1_275' title='bbox 647 2557 738 2577; x_wconf 83' lang='lat' dir='ltr'><em>carne</em></span> <span class='ocrx_word' id='word_1_276' title='bbox 759 2550 853 2576; x_wconf 85' lang='lat' dir='ltr'><em>deest.</em></span> <span class='ocrx_word' id='word_1_277' title='bbox 875 2549 956 2576; x_wconf 86' lang='lat' dir='ltr'><em>ibid:</em></span> <span class='ocrx_word' id='word_1_278' title='bbox 983 2550 1019 2576; x_wconf 89' lang='lat' dir='ltr'><em>ad</em></span> <span class='ocrx_word' id='word_1_279' title='bbox 1042 2554 1137 2577; x_wconf 80' lang='lat' dir='ltr'><em>extra.</em></span> <span class='ocrx_word' id='word_1_280' title='bbox 1281 2558 1310 2583; x_wconf 81' lang='lat'><em>4.</em></span> <span class='ocrx_word' id='word_1_281' title='bbox 1332 2551 1414 2582; x_wconf 71' lang='lat' dir='ltr'><em>Aug.</em></span> <span class='ocrx_word' id='word_1_282' title='bbox 1439 2550 1457 2576; x_wconf 81' lang='lat'><em>1.</em></span> <span class='ocrx_word' id='word_1_283' title='bbox 1479 2557 1504 2575; x_wconf 87' lang='lat' dir='ltr'><em>c.</em></span> <span class='ocrx_word' id='word_1_284' title='bbox 1526 2548 1563 2576; x_wconf 86' lang='lat' dir='ltr'><em>Et</em></span> <span class='ocrx_word' id='word_1_285' title='bbox 1584 2548 1748 2583; x_wconf 75' lang='lat' dir='ltr'><em>sequencia</em></span> <span class='ocrx_word' id='word_1_286' title='bbox 1770 2554 1805 2573; x_wconf 82' lang='lat' dir='ltr'><em>ex</em></span> 
     </span>
     <span class='ocr_line' id='line_1_41' title="bbox 486 2594 1805 2631; baseline -0.002 -9"><span class='ocrx_word' id='word_1_287' title='bbox 486 2596 538 2622; x_wconf 88' lang='lat' dir='ltr'><em>illo</em></span> <span class='ocrx_word' id='word_1_288' title='bbox 560 2601 642 2622; x_wconf 77' lang='lat' dir='ltr'><em>texto</em></span> <span class='ocrx_word' id='word_1_289' title='bbox 664 2595 803 2628; x_wconf 83' lang='lat' dir='ltr'><em>(mutatis</em></span> <span class='ocrx_word' id='word_1_290' title='bbox 819 2596 936 2630; x_wconf 78' lang='lat' dir='ltr'><em>aliquot</em></span> <span class='ocrx_word' id='word_1_291' title='bbox 962 2596 1075 2629; x_wconf 80' lang='lat' dir='ltr'><em>verbis)</em></span> <span class='ocrx_word' id='word_1_292' title='bbox 1098 2597 1282 2631; x_wconf 85' lang='lat' dir='ltr'><em>deprompta</em></span> <span class='ocrx_word' id='word_1_293' title='bbox 1303 2600 1385 2622; x_wconf 84' lang='lat' dir='ltr'><em>sunt.</em></span> <span class='ocrx_word' id='word_1_294' title='bbox 1470 2595 1509 2622; x_wconf 80' lang='lat'><em>16.</em></span> <span class='ocrx_word' id='word_1_295' title='bbox 1535 2603 1571 2629; x_wconf 88' lang='lat'><em>¹7-</em></span> <span class='ocrx_word' id='word_1_296' title='bbox 1595 2595 1632 2621; x_wconf 78' lang='lat' dir='ltr'><em>B:</em></span> <span class='ocrx_word' id='word_1_297' title='bbox 1655 2594 1805 2621; x_wconf 84' lang='lat' dir='ltr'><em>moralem</em></span> 
     </span>
     <span class='ocr_line' id='line_1_42' title="bbox 486 2639 1805 2677; baseline -0.002 -9"><span class='ocrx_word' id='word_1_298' title='bbox 486 2647 512 2669; x_wconf 81' lang='lat' dir='ltr'><em>et</em></span> <span class='ocrx_word' id='word_1_299' title='bbox 533 2642 707 2677; x_wconf 81' lang='lat' dir='ltr'><em>potenciam</em></span> <span class='ocrx_word' id='word_1_300' title='bbox 729 2642 944 2677; x_wconf 80' lang='lat' dir='ltr'><em>oportetenim</em></span> <span class='ocrx_word' id='word_1_301' title='bbox 958 2642 1074 2670; x_wconf 85' lang='lat' dir='ltr'><em>etideo.</em></span> <span class='ocrx_word' id='word_1_302' title='bbox 1183 2642 1228 2669; x_wconf 73' lang='lat'><em>26.</em></span> <span class='ocrx_word' id='word_1_303' title='bbox 1244 2642 1282 2668; x_wconf 85' lang='lat' dir='ltr'><em>B:</em></span> <span class='ocrx_word' id='word_1_304' title='bbox 1296 2642 1475 2669; x_wconf 83' lang='lat' dir='ltr'><em>habitatem.</em></span> <span class='ocrx_word' id='word_1_305' title='bbox 1585 2639 1623 2668; x_wconf 79' lang='lat'><em>31.</em></span> <span class='ocrx_word' id='word_1_306' title='bbox 1646 2640 1675 2667; x_wconf 90' lang='lat' dir='ltr'><em>in</em></span> <span class='ocrx_word' id='word_1_307' title='bbox 1696 2639 1805 2668; x_wconf 85' lang='lat' dir='ltr'><em>codd.:</em></span> 
     </span>
     <span class='ocr_line' id='line_1_43' title="bbox 485 2693 606 2715; baseline 0 0"><span class='ocrx_word' id='word_1_308' title='bbox 485 2693 606 2715; x_wconf 74' lang='lat' dir='ltr'><em>eveum.</em></span> 
     </span>
    </p>
   </div>
   <div class='ocr_carea' id='block_1_7' title="bbox 483 2782 1805 2884">
    <p class='ocr_par' dir='ltr' id='par_1_8' title="bbox 483 2782 1805 2884">
     <span class='ocr_line' id='line_1_44' title="bbox 549 2782 1805 2827; baseline -0.002 -13"><span class='ocrx_word' id='word_1_309' title='bbox 549 2795 574 2814; x_wconf 74' lang='grc' dir='ltr'><em>ι.</em></span> <span class='ocrx_word' id='word_1_310' title='bbox 602 2785 688 2826; x_wconf 80' lang='lat' dir='ltr'><em>Aug.</em></span> <span class='ocrx_word' id='word_1_311' title='bbox 720 2784 898 2827; x_wconf 86' lang='lat' dir='ltr'><em>Quidquid</em></span> <span class='ocrx_word' id='word_1_312' title='bbox 927 2794 1029 2816; x_wconf 81' lang='lat' dir='ltr'><em>carne</em></span> <span class='ocrx_word' id='word_1_313' title='bbox 1055 2795 1255 2827; x_wconf 77' lang='lat' dir='ltr'><em>operamur,</em></span> <span class='ocrx_word' id='word_1_314' title='bbox 1283 2785 1316 2816; x_wconf 87' lang='lat' dir='ltr'><em>in</em></span> <span class='ocrx_word' id='word_1_315' title='bbox 1344 2790 1509 2827; x_wconf 82' lang='lat' dir='ltr'><em>promptu</em></span> <span class='ocrx_word' id='word_1_316' title='bbox 1536 2790 1605 2815; x_wconf 86' lang='lat' dir='ltr'><em>est:</em></span> <span class='ocrx_word' id='word_1_317' title='bbox 1632 2782 1805 2825; x_wconf 88' lang='lat' dir='ltr'><em>quidquid</em></span> 
     </span>
     <span class='ocr_line' id='line_1_45' title="bbox 483 2842 855 2884; baseline 0.005 -12"><span class='ocrx_word' id='word_1_318' title='bbox 483 2842 619 2884; x_wconf 81' lang='lat' dir='ltr'><em>spiritu,</em></span> <span class='ocrx_word' id='word_1_319' title='bbox 649 2843 680 2873; x_wconf 84' lang='lat' dir='ltr'><em>iu</em></span> <span class='ocrx_word' id='word_1_320' title='bbox 709 2850 855 2875; x_wconf 86' lang='lat' dir='ltr'><em>secreto.</em></span> 
     </span>
    </p>
   </div>
  </div>
 </body>
</html>
