2051 3273
238 216 468 274 CAP.XX111.]
743 230 803 262 DE
829 230 1060 262 ECCLESIA.
1739 223 1818 273 559

85 341 219 384 E204b
235 333 347 385 apud
382 334 518 373 Deum
556 334 628 374 illo
669 334 811 374 debito
849 344 1114 387 exoneratus,
1160 335 1232 374 sed
1277 347 1386 374 unus
1438 335 1542 374 alius

234 415 257 440 a
289 415 373 455 quo
405 403 519 442 Deus
553 403 744 443 debitum
776 401 881 443 illud
915 405 1054 457 exigit,
1103 417 1186 443 non
1221 406 1272 444 ab
1305 404 1389 444 illo.
1445 405 1543 444 Ideo

233 471 375 511 videat
411 472 541 512 homo
580 473 614 512 si
646 482 788 526 potest
822 487 911 513 esse
952 474 1097 513 beatus
1135 488 1241 526 pure
1281 488 1356 527 per
1393 488 1543 528 procu-

140 550 432 593 2040ratorem,
466 551 506 581 et
538 551 640 582 tunc
662 541 685 565 ³¹⁴
708 543 916 596 concipiet
946 544 978 583 si
1001 552 1141 596 potest
1171 543 1411 584 satisfacere
1440 558 1543 596 pure

201 620 307 662 5per
344 620 691 665 procuratorem3
739 620 911 665 oportet
955 613 1066 652 enim
1105 614 1410 668 percipientem
1451 627 1542 667 pre-

232 680 367 719 mium
410 682 650 733 persolvere
697 683 911 723 meritum.
968 684 1091 723 Unde
1142 698 1226 724 non
1274 684 1383 724 foret
1434 697 1542 724 onus

232 763 389 801 meum,
431 751 482 789 ad
514 752 629 804 quod
670 753 1013 805 supportandum
1049 754 1152 792 alius
1198 767 1265 793 me
1309 754 1425 793 iuvat
1465 754 1543 793 nisi

231 833 309 871 ego
341 820 517 860 debeam
542 820 780 861 satisfacere
812 836 889 874 pro
913 823 995 862 illo.
1032 822 1130 862 Ideo
1156 823 1256 863 dicit
1285 824 1541 875 Apostolus:

237 889 533 944 Unusquisque
577 904 686 931 onus
726 905 852 932 suum
889 892 1082 944 portabit
1127 892 1216 932 Gal.
1256 893 1346 943 vlo,
1390 893 1423 932 5.
1477 893 1543 932 Sic

179 979 217 1000 10
232 973 329 1012 ergo
354 973 401 999 ex
423 960 463 999 vi
485 961 799 1001 communionis
822 970 1065 1002 sanctorum
1097 962 1298 1001 habemus
1330 963 1542 1015 reciproce

231 1030 456 1083 adiutores,
489 1030 529 1070 in
553 1039 718 1070 tantum
742 1032 858 1084 quod
880 1031 963 1071 Dei
984 1032 1200 1072 adiutores
1222 1045 1372 1072 sumus
1394 1045 1540 1072 secun-

231 1100 332 1139 dum
364 1100 616 1153 Apostolum
649 1100 696 1153 Ia,
736 1100 925 1142 Corinth.
955 1102 1042 1153 1110,
1077 1116 1099 1154 9
1134 1115 1204 1141 seu
1229 1111 1395 1155 oportet
1427 1103 1542 1156 quod

231 1182 328 1209 cum
359 1169 569 1210 adiutorio
602 1170 681 1210 isto
714 1170 844 1211 simus
878 1179 1184 1224 cooperatores,

289 1240 354 1278 Ad
397 1241 630 1280 secundum
673 1249 970 1293 argumentum
1015 1249 1128 1294 patet
1166 1242 1280 1294 quod
1325 1241 1539 1282 conclusio
1555 1247 1826 1276 Astothesecond

1573 1288 1737 1317 argument
1756 1291 1815 1310 one

178 1318 212 1350 15
230 1317 290 1348 est
322 1309 601 1362 concedenda,
634 1311 704 1349 sed
737 1323 959 1364 nunquam
989 1319 1130 1362 potest
1167 1324 1277 1350 unus
1310 1311 1540 1364 dampnare
1577 1318 1805 1380 cangggisCZigse

229 1378 359 1419 alium
403 1380 545 1433 quoad
575 1380 727 1432 Deum,
773 1380 850 1419 nisi
894 1380 981 1433 ipse
1027 1381 1278 1433 superaddat
1320 1381 1827 1434 propriumanomer’s‚dam-

229 1449 441 1501 delictum,
490 1458 535 1489 ut
573 1457 685 1503 patet
728 1450 771 1489 in
808 1450 981 1490 materia
1025 1451 1075 1490 de
1119 1450 1309 1503 originali
1352 1424 1826 1504 peccat07f2311¹t⁰0¹¹fffltgss³v¹ff

227 1527 267 1558 et
303 1518 397 1558 ideo
438 1519 547 1559 canit
588 1518 720 1559 fidelis
766 1520 935 1559 ecclesia
982 1521 1099 1574 quod
1144 1521 1263 1560 nulla
1302 1520 1341 1560 ei
1380 1521 1540 1560 nocebit

226 1588 478 1639 adversitas,
523 1589 560 1630 si
602 1590 723 1629 nulla
756 1589 994 1629 dominetur
1032 1591 1243 1643 iniquitas.
1290 1591 1537 1642 Quomodo,

172 1676 213 1697 20
227 1672 372 1711 queso,
411 1668 554 1711 posset
585 1659 697 1699 Deus
735 1660 959 1709 dampnare
992 1673 1077 1700 non
1109 1674 1228 1700 reum
1261 1669 1300 1700 et
1333 1673 1406 1713 per
1437 1674 1536 1700 con-

226 1742 404 1782 sequens
446 1742 532 1768 non
566 1727 903 1782 dampnabilem?
948 1731 1002 1769 Et
1039 1739 1153 1783 patet
1185 1729 1347 1769 bonitas
1381 1730 1456 1770 Dei
1495 1730 1537 1769 in

225 1798 306 1838 hoc
345 1799 460 1852 quod
498 1799 712 1839 neminem
756 1800 898 1852 salvat,
947 1799 1023 1839 nisi
1074 1814 1202 1853 quem
1240 1799 1427 1853 prevenit
1465 1801 1535 1839 ad-

226 1867 426 1920 iuvando,
459 1882 534 1908 nec
566 1869 750 1922 aliquem
772 1869 986 1923 dampnat,
1019 1869 1097 1908 nisi
1120 1884 1143 1909 a
1165 1883 1250 1923 quo
1272 1869 1538 1922 preveniente

228 1938 493 1978 occasionem
535 1938 684 1992 accipit
721 1953 769 1979 ex
811 1948 994 1993 peccato.
1047 1940 1101 1979 Et
1143 1949 1255 1993 patet
1293 1941 1408 1994 quod
1443 1940 1538 1980 licet

171 2012 210 2046 25
228 2007 445 2048 brachium
477 2022 519 2048 se
551 2018 733 2062 exponat
764 2023 841 2062 pro
865 2010 1009 2063 capite,
1044 2019 1184 2049 tamen
1216 2018 1382 2063 oportet
1413 2019 1538 2063 caput

227 2078 545 2131 quodammodo
569 2092 611 2118 se
635 2081 787 2120 iuvare.
823 2080 921 2119 Ideo
945 2079 1139 2133 quamvis
1164 2079 1382 2133 quodlibet
1402 2093 1534 2120 mem-

226 2148 349 2188 brum
380 2148 493 2188 iuvet
530 2149 644 2188 aliud
675 2150 727 2189 ad
758 2150 983 2203 agendum,
1022 2160 1164 2189 tamen
1202 2149 1366 2189 nullum
1401 2164 1534 2189 mem—

227 2217 350 2257 brum
387 2219 555 2272 supplet
592 2219 769 2259 omnino
801 2219 970 2259 alterius
1008 2219 1185 2259 membri
1218 2218 1422 2271 officium,
1465 2221 1537 2259 sed

225 2286 408 2327 iuvando
432 2288 647 2341 satisfacit;
682 2298 720 2329 et
742 2289 797 2329 sic
821 2298 882 2329 est
911 2290 960 2329 de
983 2303 1157 2342 corpore
1181 2289 1334 2329 Christi
1356 2289 1535 2342 mistico,

170 2361 212 2394 30
227 2357 325 2410 quia
367 2357 483 2398 aliter
520 2367 661 2412 posset
698 2359 812 2399 Deus
845 2359 1020 2399 omnino
1054 2359 1232 2399 eximere
1262 2359 1482 2399 hominem
1513 2373 1537 2399 a

226 2427 366 2467 debito
407 2428 612 2468 servitutis
647 2430 788 2482 quoad
818 2430 970 2481 Deum,
1003 2429 1119 2482 quod
1149 2437 1299 2469 notum
1331 2438 1391 2469 est
1423 2430 1534 2469 clau-

227 2498 321 2536 dere
365 2498 691 2552 repugnanciam
746 2498 978 2539 formalem.
1039 2499 1136 2538 Ideo
1187 2499 1293 2539 sicut
1335 2499 1448 2539 Deus
1492 2500 1534 2539 in

227 2580 350 2620 opere
390 2568 614 2608 creacionis
653 2581 738 2607 non
776 2577 914 2621 potest
950 2568 1100 2608 habere
1139 2576 1329 2609 naturam
1364 2569 1532 2609 coadiu-

279 2723 322 2750 14.
344 2715 365 2742 B
387 2716 416 2743 in
439 2724 552 2751 marg:
573 2715 659 2743 Istud
681 2720 714 2743 ut
733 2716 853 2744 videtur
873 2716 975 2744 obviat
990 2716 1033 2744 eis
1055 2717 1106 2752 qui
1127 2721 1248 2752 ponunt
1274 2717 1422 2745 infantem
1440 2716 1534 2744 disce-

228 2762 349 2789 dentem
362 2762 478 2798 absque
492 2763 647 2797 baptismo
660 2761 794 2790 flaminis
805 2763 869 2790 fore
882 2763 1098 2791 inevitabiliter
1110 2764 1324 2798 dampnatum.
1402 2771 1448 2790 20.
1464 2764 1492 2790 A
1503 2763 1534 2790 in

227 2816 341 2843 marga
369 2808 550 2836 Soluciones
578 2809 667 2836 utiles
694 2813 950 2843 argumentorum
978 2817 1070 2844 supra
1098 2809 1273 2844 positorum
1305 2809 1423 2842 (Above
1450 2814 1520 2844 204⁶

227 2855 357 2882 without
377 2856 463 2883 mark
483 2856 517 2883 of
536 2855 712 2889 reference).
