2051 3273
242 233 324 285 304

942 246 1164 279 JOHANle
1189 247 1383 280 WYCLIF.
1630 234 1736 293 [CAP.
1760 246 1840 275 xw.

531 350 842 404 consequencia
873 351 1085 402 probatur,
1127 353 1409 405 supponendo
1442 361 1661 406 tamquam
1699 356 1843 394 datum

531 419 769 474 falsigraphi
794 420 909 473 quod
941 420 990 459 de
1022 420 1111 460 iure
1143 421 1318 461 debetur
1349 436 1470 475 pape,
1503 422 1655 462 Christi
1687 423 1842 463 vicario

531 499 570 530 et
602 491 711 529 clero
744 505 821 530 suo
854 498 942 529 tota
973 489 1102 529 civilis
1136 491 1376 531 dominacio
1408 491 1533 531 huius
1565 492 1724 534 mundi.

240 565 325 592 since
354 565 424 600 they
444 566 517 601 only
589 560 641 599 Et
685 573 816 612 arguo
868 559 944 599 sic:
994 560 1060 598 Ad
1104 559 1183 599 hoc
1229 562 1344 613 quod
1376 561 1539 601 debitor
1580 562 1646 601 vel
1689 562 1841 602 iniuste

253 600 374 627 handed
395 607 469 626 over
488 608 505 626 a

268 639 335 669 part
356 634 390 661 of
407 634 488 661 what

266 678 328 695 was
351 669 409 696 due
431 669 491 696 and

258 704 329 738 kept
351 704 427 730 back
447 704 498 731 the

339 744 409 765 rest.

531 629 664 668 aliena
709 629 897 668 detinens
943 629 994 669 sit
1038 630 1256 669 absolutus
1301 632 1441 683 quoad
1484 631 1636 683 Deum,
1676 641 1843 685 oportet

531 699 644 751 quod
680 700 803 751 plene
835 698 1071 751 satisfaciat,
1104 700 1177 738 sed
1199 699 1255 738 sic
1285 713 1370 740 non
1404 700 1500 740 fecit
1523 700 1841 748 Constantinus,

532 781 629 807 cum
661 769 931 808 medietatem
968 768 1132 821 imperii
1166 769 1243 808 sibi
1274 769 1456 810 retinuit.
1493 770 1605 810 Cum
1637 784 1734 824 ergo
1775 771 1843 810 illa

530 838 730 878 medietas
776 838 853 878 fuit
897 847 1063 878 tantum
1115 839 1252 878 debita
1310 839 1415 879 sicut
1476 840 1675 880 medietas
1733 840 1842 879 occi-

531 908 613 947 dua
656 907 857 959 restituta,
900 908 1064 948 videtur
1095 909 1210 962 quod
1241 909 1442 949 remansit
1481 909 1522 948 in
1564 909 1704 949 debito
1738 909 1844 949 sicut

529 977 656 1030 prius,
681 992 779 1017 nam
808 979 1041 1018 secundum
1063 979 1365 1031 Augustinum,
1399 978 1589 1032 Epistola
1618 980 1843 1031 XXXVHss,

530 1060 616 1086 non
671 1048 903 1087 dimittitur
947 1054 1172 1100 peccatum
1220 1049 1304 1088 nisi
1349 1050 1601 1089 restituatur
1638 1049 1843 1089 ablatum.

531 1117 650 1157 Unde
679 1117 804 1172 (sicut
833 1116 915 1156 dixi
944 1117 984 1156 in
1016 1117 1188 1157 materia
1220 1118 1281 1157 De
1312 1116 1559 1172 Privilegiis)
1584 1119 1696 1157 Deus
1720 1132 1806 1158 non
1820 1117 1846 1146 ²³²

532 1196 672 1239 potest
723 1187 933 1227 remittere
978 1188 1043 1226 vel
1086 1187 1301 1227 licenciare
1346 1188 1591 1238 debitorem,
1633 1201 1684 1226 ne
1729 1188 1844 1227 satis-

532 1255 667 1308 faciat,
702 1265 741 1296 et
772 1256 869 1296 hinc
903 1256 985 1296 dixi
1018 1256 1306 1310 periculosum
1340 1271 1426 1297 esse
1459 1258 1573 1311 quod
1606 1257 1699 1311 quis
1746 1271 1843 1297 auc-

530 1326 678 1366 torizet
723 1327 788 1366 vel
834 1326 971 1366 foveat
1016 1326 1294 1367 sufficientem
1340 1326 1577 1380 fugitivum,
1622 1340 1674 1366 ne
1712 1327 1846 1366 solvat

531 1395 724 1435 creditori
775 1396 963 1436 debitum
1016 1398 1246 1450 corporale,
1300 1397 1461 1436 dicente
1509 1396 1750 1450 Augustino
1802 1396 1844 1434 in

530 1465 767 1518 supradicta
819 1466 995 1519 epistola
1046 1468 1098 1506 ad
1150 1467 1468 1506 Macedonium:
1509 1466 1641 1518 Illud,
1692 1466 1844 1519 inquit,

516 1535 810 1588 fidentissime
856 1536 1055 1585 dixerim,
1096 1550 1189 1576 eum
1238 1537 1310 1589 qui
1346 1550 1432 1589 pro
1465 1537 1633 1576 homine
1672 1536 1729 1575 ad
1765 1536 1845 1575 hoc

530 1607 774 1657 intervenit,
828 1619 879 1646 ne
912 1607 1028 1645 mala
1061 1607 1205 1646 oblata
1250 1608 1460 1655 restituat,
1509 1613 1546 1646 et
1590 1606 1663 1658 qui
1705 1604 1762 1645 ad
1799 1618 1843 1644 se

517 1675 785 1729 fugientem,
820 1683 1027 1729 quantum
1058 1676 1231 1716 honeste
1256 1682 1408 1728 potest,
1442 1675 1499 1715 ad
1530 1675 1840 1716 restituendum

531 1759 616 1785 non
649 1746 878 1798 compellit,
902 1747 1063 1786 socium
1098 1759 1188 1786 esse
1207 1747 1397 1800 fraudis
1419 1752 1458 1786 et
1478 1746 1684 1785 criminis.
1708 1745 1842 1784 Num-

530 1816 632 1869 quid
665 1816 871 1856 credimus
905 1815 1171 1869 prepositum
1208 1815 1287 1856 loci
1321 1815 1471 1868 refugii
1510 1829 1631 1868 posse
1670 1814 1844 1854 honeste

531 1886 782 1938 compellere
816 1885 1042 1939 fugitivum
1075 1885 1366 1937 sufficientem,
1396 1894 1442 1925 ut
1463 1885 1529 1924 vel
1553 1893 1669 1925 exeat
1700 1884 1845 1924 locum

530 1964 749 2009 tamquam
782 1956 868 1995 eius
903 1955 1092 2006 violator,
1125 1956 1189 1995 vel
1214 1957 1329 2009 quod
1362 1955 1586 1995 satisfaciat
1610 1954 1844 1995 secundum

532 2025 809 2079 quantitatem
852 2026 1059 2079 apportati
1104 2027 1168 2065 vel
1213 2025 1512 2066 susficienciam
1545 2021 1730 2078 fugitivi?
1771 2024 1889 2064 Illa2.

531 2095 641 2134 enim
682 2095 788 2135 foret
830 2096 1027 2136 honestas
1059 2096 1138 2148 legi
1171 2095 1247 2135 Dei
1281 2109 1478 2147 consona,
1512 2095 1583 2134 sed
1617 2094 1843 2147 applausus

531 2178 708 2204 movens
741 2166 792 2204 ad
825 2165 1117 2205 detencionem
1150 2165 1363 2216 iniustam,
1397 2173 1436 2204 et
1458 2164 1688 2217 specialiter
1709 2163 1844 2216 gracia

535 2234 740 2288 participii
785 2234 891 2275 foret
935 2235 1139 2275 diabolica
1171 2234 1333 2275 facesia.
1368 2235 1464 2274 Ideo
1498 2233 1563 2288 (ut
1599 2248 1696 2287 sepe
1740 2230 1841 2287 dixi)

531 2304 596 2343 vel
619 2313 787 2357 oportet
810 2318 959 2357 negare
982 2304 1106 2344 fidem
1132 2304 1346 2357 scripture,
1381 2304 1593 2344 racionem
1616 2312 1655 2343 et
1677 2312 1842 2343 sanctos

532 2374 743 2426 doctores,
766 2375 830 2413 vel
853 2375 987 2414 dicere
1010 2375 1125 2428 quod
1147 2374 1240 2413 talis
1270 2373 1457 2414 defensio
1486 2373 1592 2426 sapit
1618 2373 1843 2413 hereticam

532 2444 793 2496 pravitatem.
828 2446 881 2484 Et
912 2445 1024 2484 idem
1061 2444 1225 2484 videtur
1265 2444 1483 2497 supposita
1516 2442 1717 2496 opinione
1749 2456 1840 2495 pre-

531 2513 640 2553 dicta
671 2515 722 2554 de
756 2514 944 2554 dominio
978 2513 1072 2554 cleri
1106 2513 1279 2565 Christi;
1313 2528 1410 2553 cum
1444 2513 1556 2552 enim
1584 2511 1842 2552 taciturnitas

585 2662 611 2689 8.
633 2663 661 2689 A
681 2662 738 2696 Al:
764 2661 820 2689 suit
839 2678 871 2681 —
892 2662 1056 2689 medietas:
1085 2662 1179 2689 deest.
1323 2670 1364 2689 10.
1392 2661 1421 2689 A
1440 2661 1470 2688 in
1497 2669 1612 2696 marg:
1638 2659 1841 2695 Augustinus.

532 2708 576 2735 29„
598 2710 641 2736 A:
663 2709 804 2736 facessia.
831 2710 860 2736 A
881 2709 911 2736 in
932 2717 1049 2744 ma1·g.:
1077 2707 1239 2736 Tenentur
1259 2709 1338 2737 male
1360 2708 1460 2735 ablata
1481 2707 1597 2735 restitui
1630 2708 1754 2741 (Above
1775 2706 1835 2741 171d

531 2755 659 2783 without
680 2756 766 2783 mark
787 2755 822 2783 of
838 2756 1017 2789 reference).

596 2872 644 2892 10.
671 2862 827 2904 Epistola
853 2860 986 2906 (CLIII)
1015 2863 1055 2894 ad
1089 2862 1332 2894 Macedonium
1361 2862 1451 2904 Opp.
1478 2867 1561 2893 tom.
1591 2862 1628 2901 II,
1660 2870 1737 2904 pag.
1766 2860 1841 2893 532.

1863 369 1937 408 171c

1859 573 1893 606 D

1860 643 1875 674 5

1864 1000 1902 1021 IO

1866 1132 1935 1171 17¹¹

1865 1337 1900 1368 15

1860 1694 1901 1716 20

1859 2381 1899 2412 sio
