2051 3273
233 225 311 262 322
962 233 1187 265 JOHANNJS
1213 233 1408 265 WYCLIF.
1620 217 1725 276 [em.
1747 228 1827 256 xiv.

518 337 653 376 evenit
688 339 803 390 quod
838 345 935 376 sunt
970 337 1088 388 iusta,
1126 345 1164 376 et
1202 337 1373 390 quando
1411 336 1608 376 deficiunt
1647 336 1696 374 ab
1744 335 1982 388 eius1742Q

517 406 781 458 regulacione
796 415 893 445 sunt
912 406 1074 445 iniusta.
1092 406 1190 445 Ideo
1206 405 1303 445 dicit
1317 406 1466 444 veritas
1481 405 1652 445 Matthei
1668 406 1740 456 V⁰‚
1759 417 1830 447 20:

517 476 612 514 Nisi
630 474 940 515 habundaverit
961 476 1132 514 iusticia
1159 481 1301 515 vestra
1320 476 1423 526 plus
1443 488 1570 527 quam
1586 475 1830 515 scribarum

518 552 556 583 et
584 545 909 596 phariseorum,
953 558 1035 584 non
1076 545 1294 584 intrabitis
1326 546 1367 583 in
1402 558 1586 598 regnum
1627 545 1831 585 celorum.

290 622 438 649 Silvo-<ier
576 615 747 653 Falsum
780 628 877 667 ergo
911 614 1138 654 assumitur
1169 615 1285 667 quod
1317 615 1507 653 sacerdos
1541 614 1693 654 Christi
1727 614 1884 654 acci-R

235 658 492 718 accssgitiisiflpiz,
518 683 578 735 pit
607 684 948 723 dominacionem
971 684 1134 723 civilem
1157 698 1179 723 a
1202 683 1382 735 Christo,
1416 684 1522 723 sicut
1544 697 1618 723 nec
1641 683 1834 723 Silvester

282 727 444 761 ffl'mm't‘v'
516 753 675 805 accepit
703 767 725 792 a
749 767 896 804 cesare,
930 754 1002 792 sed
1036 753 1311 792 elemosinam
1344 753 1503 805 accepit
1536 753 1585 791 ab
1619 767 1681 792 eo.
1715 753 1833 792 Prius

517 836 615 875 ergo
655 831 846 875 tempore
881 832 921 862 et
953 832 1096 862 natura
1132 822 1277 861 habuit
1309 823 1504 861 Silvester
1548 822 1692 861 omnia
1724 822 1831 860 bona

517 891 694 944 imperii,
740 892 873 931 immo
908 892 984 931 fnit
1016 892 1216 931 dominus
1248 905 1373 944 super
1403 900 1509 931 astra
1532 900 1571 931 et
1595 891 1737 930 omnia
1770 891 1830 930 in-

517 961 665 1000 feriora
698 961 870 1001 homine
904 962 944 1000 in
979 971 1138 1013 natura,
1173 962 1243 1001 sed
1274 975 1359 999 non
1383 961 1506 1000 titulo
1530 961 1652 1012 civili,
1686 975 1833 1014 ymmo
1854 979 1891 1000 10

516 1031 638 1070 titulo
671 1031 805 1084 gracie
846 1046 930 1084 quo
963 1032 1063 1070 iusti
1092 1038 1193 1070 sunt
1224 1031 1390 1078 omnim
1432 1032 1503 1070 sed
1549 1040 1645 1083 post
1676 1031 1835 1083 accepit

517 1100 555 1138 in
591 1115 713 1140 usum
740 1101 1004 1153 corporalem
1027 1101 1149 1140 titulo
1174 1101 1402 1140 elemosine
1435 1109 1531 1153 post
1554 1101 1833 1140 donacionem

518 1171 678 1218 cesaris,
726 1180 765 1210 et
797 1171 932 1210 adhuc
966 1171 1008 1208 in
1042 1170 1107 1209 illa
1143 1170 1495 1210 elemosinacione
1529 1170 1676 1209 cesaris
1720 1170 1834 1222 prius

518 1240 761 1279 naturaliter
793 1242 863 1279 sed
897 1254 983 1280 non
1016 1241 1130 1293 prius
1175 1250 1365 1293 tempore
1405 1241 1486 1293 egit
1524 1242 1649 1279 Deus.
1713 1241 1834 1280 Unde

250 1316 349 1343 which
372 1316 474 1343 would
518 1323 593 1348 nec
619 1309 924 1350 Constantinus
949 1325 1023 1350 nec
1054 1312 1165 1350 Deus
1198 1310 1287 1363 ipse
1316 1311 1454 1363 potuit
1486 1311 1663 1349 donasse
1697 1310 1832 1349 domi-
1854 1316 1891 1349 15

232 1352 494 1413 cliiiifisieiitnxi'silth
519 1379 740 1419 nacionem
775 1380 936 1419 civilem
972 1381 1093 1420 beato
1136 1380 1332 1420 Silvestro
1371 1389 1505 1420 stante
1548 1393 1655 1432 puro
1689 1380 1834 1418 ordine

272 1422 318 1447 ΜΞ
340 1421 460 1448 mdeis.
517 1450 706 1499 clericali,
732 1449 826 1488 ideo
856 1464 953 1489 cum
978 1449 1046 1488 illa
1068 1464 1154 1489 non
1178 1450 1302 1489 habet
1325 1450 1619 1489 auctoritatem
1650 1463 1673 1488 a
1706 1449 1833 1501 scrip-

516 1528 607 1558 tura
631 1533 755 1570 sacra,
790 1529 829 1558 et
858 1533 953 1558 cum
990 1521 1224 1559 secundum
1246 1519 1534 1572 Augustinum
1555 1520 1592 1559 si
1622 1520 1677 1558 sit
1709 1519 1834 1565 utilis,

519 1589 558 1627 in
592 1590 811 1640 scriptura
855 1602 986 1628 sacra
1033 1591 1260 1642 invenitur,
1306 1589 1527 1628 manifesta
1572 1597 1685 1641 patet
1718 1590 1834 1642 quod

519 1672 603 1697 non
637 1659 687 1696 ad
722 1672 893 1698 sensum
926 1659 1181 1699 catholicum
1210 1659 1455 1712 intelligitur
1486 1659 1553 1698 illa
1586 1668 1695 1699 carta
1718 1658 1831 1698 Con·
1851 1673 1892 1694 ρο

517 1728 699 1779 stamini,
715 1729 851 1781 posita
867 1729 905 1767 in
923 1729 1108 1781 decretis,
1131 1729 1286 1770 XCVIa
1304 1731 1358 1780 d.,
1377 1729 1694 1777 Constantinus,
1719 1729 1835 1782 quod

517 1798 738 1851 resignavit
770 1799 845 1837 sibi
880 1798 1035 1838 ibidem
1070 1799 1412 1838 dominacionem
1437 1798 1614 1850 civilem,
1648 1800 1720 1838 sed
1754 1799 1834 1838 ele-

517 1868 728 1907 mosinam
751 1878 944 1908 vocatam
975 1878 1223 1922 perpetuam
1249 1869 1314 1908 vel
1348 1878 1479 1909 stante
1504 1869 1610 1908 civili
1643 1868 1834 1907 dominio

517 1939 627 1989 apud
664 1952 845 1977 cesarem
878 1939 940 1977 vel
974 1939 1169 1980 extincto,

229 2010 338 2075 Γὲιῐιρτιῑῇ
356 2011 499 2073 ἷέἀξυῑέῑξ
578 2009 629 2047 Et
674 2018 882 2062 quantum
926 2010 977 2047 ad
1021 2009 1181 2048 dictum
1214 2010 1375 2048 Nicolai
1417 2009 1678 2059 Putanensis,
1722 2017 1835 2061 patet
1852 2012 1891 2042 25

228 2074 337 2115 jecr'tb
360 2081 493 2115 princes.
517 2078 631 2130 quod
670 2078 890 2131 equivocat
922 2080 986 2118 vel
1027 2079 1299 2131 blasphemat..
1346 2080 1455 2118 Nam.
1495 2078 1685 2118 Christus
1725 2078 1833 2118 facto

518 2156 556 2186 et
588 2148 715 2186 verbo
756 2149 939 2201 precepit
972 2158 1010 2188 et
1044 2148 1188 2188 docuit
1220 2149 1391 2188 clericos
1424 2162 1522 2187 suos
1569 2148 1686 2187 subdi
1722 2148 1831 2200 prin-

518 2217 694 2269 cipibus,
739 2219 794 2257 sic
841 2219 953 2257 enim
986 2218 1170 2271 precepit
1202 2219 1325 2258 Petro
1359 2218 1531 2257 Matthei
1564 2219 1714 2269 XV110‚
1768 2219 1833 2265 25,

518 2289 632 2340 quod
666 2288 843 2327 solveret
875 2288 1137 2340 didragmam
1177 2288 1301 2327 cesari
1336 2302 1411 2340 pro
1441 2287 1607 2327 Christo
1641 2297 1680 2327 et
1712 2288 1833 2327 Petro

520 2357 722 2410 figurante
755 2372 874 2396 suam
904 2358 1134 2409 ecclesiam,
1168 2367 1207 2397 et
1236 2358 1513 2410 interrogatus
1546 2357 1577 2395 si
1613 2357 1707 2396 licet
1739 2358 1832 2396 dare
1851 2358 1892 2390 30

518 2441 692 2466 censum
726 2428 865 2474 cesari,
911 2436 1080 2467 ostenso
1120 2428 1194 2466 sibi
1230 2427 1400 2466 denario
1446 2427 1563 2466 cuius
1609 2427 1749 2478 imago
1796 2435 1834 2466 et

517 2498 821 2549 superscripcio
855 2507 941 2536 erat
974 2498 1135 2545 cesaris,
1170 2497 1225 2535 sic
1259 2497 1491 2549 subiungit:
1526 2496 1703 2536 Reddite
1725 2510 1835 2549 ergo

569 2653 594 2671 13.
615 2645 652 2672 Ρη
679 2650 749 2672 sunt
771 2645 882 2672 iniusta
896 2645 1014 2671 -ideo
1030 2644 1102 2671 dicit
1118 2645 1229 2671 vei-iias
1246 2644 1341 2671 deest.
1435 2643 1458 2670 3.
1474 2645 1519 2671 A:
1536 2649 1636 2671 vestra
1652 2651 1744 2678 quam
1762 2644 1830 2679 plns

518 2692 541 2719 5.
567 2694 593 2719 Α
615 2693 643 2719 in
668 2700 781 2727 marga
803 2691 990 2727 Responsio.
1136 2690 1178 2718 32.
1199 2691 1229 2718 A
1250 2691 1278 2717 in
1296 2699 1411 2724 marjan:
1434 2692 1482 2717 An
1500 2692 1688 2718 benedicens
1710 2690 1832 2717 nniver-

517 2739 621 2765 salites
643 2739 681 2765 >it
704 2738 826 2772 dignior
847 2738 1010 2765 benedicto
1032 2738 1148 2772 (lielow
1170 2743 1236 2772 171st
1257 2737 1386 2764 without
1406 2738 1493 2764 mark
1514 2737 1546 2763 of
1566 2736 1748 2766 reference).

578 2854 628 2874 21.
646 2845 726 2875 Dec.
748 2845 756 2875 Ι
790 2855 866 2885 pars
899 2845 975 2876 dist.
995 2844 1111 2882 XCVI,
1132 2854 1157 2874 c.
1178 2844 1265 2874 XIV.
1366 2842 1416 2872 29.
1445 2842 1689 2883 ManlmXX11‚
1711 2853 1762 2873 21.

872 2870 879 2885 7
