2051 3273
221 213 305 266 476
943 222 1166 254 „IOHANNIS
1197 221 1390 252 Wchfr.
1629 207 1735 265 [CAP.
1758 218 1823 245 xx.

571 328 734 376 Quarto
758 327 932 366 infertur
965 327 1081 380 quod
1106 339 1210 365 uxor
1244 324 1347 365 tanti
1384 325 1544 364 domini
1578 325 1695 365 cuius
1728 335 1825 365 sunt
1845 336 1973 380 194bD

513 396 657 435 omnia
710 406 748 435 et
800 396 889 448 ipsa
942 410 1039 435 cum
1092 409 1141 434 eo
1195 408 1278 433 una
1323 407 1501 446 persona
1548 393 1612 450 (ut
1653 396 1826 435 docetur

515 466 686 505 Matthei
709 466 842 517 X1X0,
869 464 924 520 5),
956 465 1029 505 erit
1053 465 1157 504 sicut
1180 464 1272 503 vitis
1295 463 1543 502 habundans
1565 464 1607 503 in
1630 464 1825 505 lateribus

513 537 664 574 domus
698 549 784 586 sue,
817 535 912 574 ideo
945 534 1136 574 subditur
1168 534 1285 586 quod
1316 534 1463 586 spoliis
1487 547 1568 573 non
1603 534 1823 587 indigebit.

514 605 621 654 Non,
654 604 790 657 inquit
817 605 1095 658 Augustinus,
1131 604 1230 656 quia
1255 616 1338 643 non
1372 604 1512 656 querit
1543 605 1696 656 spolia,
1729 615 1858 648 cunz5

511 674 671 727 diffusa
707 688 792 728 per
832 675 1037 714 mundum
1077 675 1167 714 eius
1205 675 1385 726 trophea
1419 675 1573 726 accipit
1608 681 1825 726 tamquam

513 757 607 792 sua,
649 745 747 798 quia
780 744 997 798 Sapiencie
1029 745 1103 795 XO,
1157 758 1203 796 19
1237 743 1446 783 scribitur:
1491 743 1601 783 Iusti
1638 744 1829 783 tulerunt

512 815 649 867 spolia
702 815 944 867 impiorum.
993 815 1047 854 Et
1106 813 1203 852 hinc
1256 813 1458 853 nimirum
1509 813 1608 853 dicit
1660 827 1827 865 sponsa,

514 884 679 924 Psalmo
705 884 912 935 CXV1110‚
954 885 1048 924 162:
1083 884 1268 923 Letahor
1296 896 1373 936 ego
1396 896 1526 935 super
1548 882 1717 936 eloquia
1739 889 1827 935 tua,

513 955 623 993 sicut
655 955 727 1007 qui
758 954 917 994 invenit
948 954 1085 1006 spolia
1119 954 1269 994 multa.
1303 953 1356 992 Et
1388 953 1446 992 sic
1469 952 1545 992 ista
1568 953 1828 1006 quadruplex
1849 975 1887 996 10

515 1023 756 1077 proposicio
790 1024 967 1063 declarat
999 1024 1041 1062 in
1075 1032 1190 1076 parte
1222 1022 1458 1076 predictum
1490 1022 1749 1075 coniugium.

221 1111 289 1138 The
305 1111 394 1138 office
407 1111 499 1138 ofthe
575 1094 730 1142 Quoad
763 1094 992 1133 secundam
1023 1102 1186 1146 partem
1220 1092 1371 1132 cantici
1403 1092 1446 1130 in
1480 1106 1563 1145 qua
1601 1093 1831 1132 declaratur

294 1146 429 1174 Cnurch.
517 1164 703 1204 mulieris
736 1163 860 1203 huius
894 1163 1085 1203 officium
1118 1162 1256 1216 primo
1284 1162 1327 1201 in
1363 1162 1544 1215 generali
1576 1162 1832 1215 premittitur

276 1250 377 1278 Verso
399 1257 436 1277 12,
516 1235 631 1288 quod
676 1247 831 1286 sponsa
870 1242 957 1273 tam
1000 1242 1128 1286 grata,
1173 1241 1260 1272 tam
1304 1232 1387 1272 fida
1431 1241 1469 1272 et
1516 1241 1603 1271 tam
1646 1231 1832 1271 fertiliter

222 1286 272 1312 All
287 1286 336 1313 the
350 1287 453 1312 works
469 1285 504 1312 of
753 1304 760 1310 .
1046 1303 1053 1310 .
1743 1302 1749 1309 .
1873 1312 1884 1316 ‚

222 1321 271 1348 the
293 1321 500 1355 predestinate
516 1305 658 1343 dotata
681 1318 703 1342 a
725 1317 814 1343 Viro
845 1303 989 1343 reddet
1016 1316 1051 1342 ez
1080 1303 1236 1342 bonum
1265 1309 1304 1342 et
1336 1316 1417 1342 non
1449 1302 1611 1341 malum
1635 1302 1829 1342 omnibus
1850 1323 1886 1344 12

223 1356 499 1418 asil1gsss¹iiiii³c¹fif⁰
515 1374 660 1414 diebus
697 1375 777 1414 vite
822 1387 911 1414 sue.
963 1372 1193 1426 Operatur,
1238 1371 1375 1425 inquit
1418 1371 1696 1425 Augustinus,
1740 1372 1830 1411 viro

512 1457 591 1484 sno
635 1445 744 1483 bona
789 1451 933 1483 eterna
982 1443 1192 1489 continue,
1243 1442 1342 1496 quia
1389 1441 1453 1495 (ut
1497 1441 1601 1480 mihi
1644 1440 1826 1496 videtur)

515 1527 663 1553 omnes
722 1512 990 1566 predestinati
1051 1526 1216 1565 semper
1279 1520 1458 1565 prosunt
1517 1511 1685 1551 ecclesie
1743 1511 1830 1550 sine

515 1583 833 1636 dampnacionis
867 1596 940 1622 sue
973 1582 1176 1621 demerito
1199 1582 1264 1621 vel
1297 1581 1466 1621 ecclesie
1489 1581 1751 1623 detrimento.
1786 1582 1831 1621 In

513 1654 594 1693 hoc
611 1653 722 1692 enim
746 1651 880 1692 differt
902 1661 1122 1705 peccatum
1145 1651 1413 1705 predestinati
1434 1665 1456 1690 a
1472 1660 1643 1704 peccato
1666 1651 1832 1704 presciti
1847 1671 1889 1692 20

513 1724 630 1777 quod
663 1722 849 1776 primum
882 1732 941 1762 est
974 1721 1206 1761 necessario
1240 1720 1484 1761 remissibile
1518 1730 1558 1761 et
1596 1722 1831 1761 secundum

515 1793 796 1846 dampnabile.
837 1793 1030 1832 Primum
1062 1806 1135 1845 per
1166 1791 1356 1832 accidens
1389 1791 1558 1844 prodest
1590 1791 1759 1831 ecclesie
1793 1801 1832 1831 et

514 1863 701 1917 peccanti
755 1861 819 1917 (ut
864 1871 979 1916 patet
1023 1863 1073 1902 de
1119 1871 1290 1915 peccato
1334 1859 1462 1915 Petri)
1515 1870 1554 1900 et
1598 1862 1833 1901 secundum

515 1934 609 1974 licet
647 1947 720 1986 per
752 1933 944 1973 accidens
989 1933 1111 1973 faciat
1156 1933 1207 1971 ad
1252 1932 1415 1971 bonum
1460 1931 1642 1983 ecclesie,
1691 1940 1831 1971 tamen

515 2003 715 2044 continue
760 2003 835 2042 sibi
882 2012 1018 2054 nocet,
1069 2003 1167 2056 quia
1222 2001 1329 2041 sicut
1383 2000 1585 2055 quicquid
1635 2001 1888 2054 predesti-25

515 2083 636 2113 natus
668 2072 736 2112 hic
769 2071 910 2112 fecerit
948 2072 1081 2111 tendit
1113 2072 1165 2111 ad
1198 2071 1261 2111 sui
1294 2071 1589 2123 salvacionem,
1629 2071 1686 2110 sic
1716 2071 1830 2123 quic-

514 2143 617 2196 quid
643 2142 845 2196 prescitus
873 2141 939 2181 hic
962 2141 1102 2181 fecerit
1133 2141 1265 2181 tendit
1294 2142 1346 2180 ad
1376 2140 1439 2180 sui
1463 2140 1830 2193 dampnacionem.

516 2213 647 2262 Quod
699 2221 842 2252 autem
886 2211 1060 2265 quidam
1106 2210 1250 2251 dicunt
1296 2219 1519 2263 peccatum
1562 2209 1831 2263 predestinati

515 2282 801 2335 dampnabile,
825 2282 1097 2334 equivocatur
1119 2280 1160 2319 in
1183 2280 1357 2320 nomine
1373 2279 1644 2333 dampnabile
1660 2288 1831 2332 sumpto

514 2354 626 2405 large
648 2353 712 2391 vel
734 2352 914 2405 proprie.
947 2352 1079 2404 Large
1103 2351 1252 2391 dicitur
1275 2350 1549 2403 dampnabile
1573 2350 1861 2403 culpanduml

516 2423 631 2476 quod
660 2431 866 2475 perpetuo
890 2422 1203 2474 dampnaretur,
1227 2421 1258 2459 si
1282 2434 1367 2460 non
1392 2420 1496 2460 foret
1521 2420 1674 2461 Christi
1697 2420 1832 2473 gracia

569 2579 587 2598 1.
616 2570 656 2597 B:
689 2570 807 2605 Quarto
834 2570 935 2597 infert.
1042 2577 1067 2597 2.
1088 2570 1117 2597 A
1136 2569 1193 2603 Ast
1224 2577 1284 2597 una
1308 2569 1403 2597 deest.
1510 2568 1535 2597 5.
1561 2568 1595 2596 In
1622 2567 1731 2596 codd.:
1762 2568 1833 2603 quia

515 2617 628 2653 querit.
656 2616 744 2645 Corr.
768 2625 782 2644 e
804 2621 886 2644 textu
906 2618 1000 2653 Aug„
1028 2617 1080 2644 ubi
1101 2617 1144 2644 sic
1165 2616 1311 2645 habetur:
1334 2616 1403 2644 Non
1424 2616 1497 2652 quia
1518 2623 1581 2643 non
1602 2615 1701 2651 querit
1721 2615 1832 2650 spolia,

516 2665 585 2693 ideo
608 2673 670 2692 non
692 2664 853 2699 indigebit,
876 2666 928 2691 sed
950 2664 1022 2700 quia
1043 2664 1147 2692 multis
1168 2664 1339 2691 abundabit
1360 2684 1365 2690 .
1383 2685 1388 2690 .
1407 2685 1412 2689 .
1557 2669 1594 2689 12.
1616 2662 1644 2689 A
1664 2662 1693 2688 in
1715 2669 1831 2696 marg:

516 2712 659 2741 Secunda
675 2720 757 2747 pars.
831 2711 868 2739 15.
885 2713 1004 2746 AAlza
1019 2712 1113 2738 deest.
1189 2719 1227 2745 17.
1242 2710 1404 2744 continue;
1421 2710 1520 2744 Aug:
1537 2709 1566 2736 in
1582 2708 1830 2743 omnitempore.

515 2766 560 2786 20.
594 2761 622 2787 A
654 2759 683 2785 in
717 2766 835 2793 marg:
874 2758 1058 2786 Differencie
1089 2758 1167 2785 inter
1206 2762 1366 2792 peccatum
1400 2756 1522 2791 presciti
1556 2760 1583 2783 et
1615 2754 1828 2790 predestinati.

516 2812 557 2831 22.
580 2804 619 2831 B:
643 2805 803 2832 Peccatum
827 2813 880 2839 per
900 2805 1055 2832 accidens.
1200 2804 1241 2831 23.
1263 2803 1302 2830 B:
1325 2807 1352 2830 et
1374 2803 1545 2830 secundum
1561 2806 1712 2829 —tamen
1734 2801 1828 2828 deest.

516 2859 562 2886 29.
584 2853 611 2878 A
632 2852 688 2886 A1:
711 2851 913 2887 equivocatus
935 2867 966 2870 —
987 2850 1188 2886 dampnabile
1207 2850 1302 2878 deest.
