2051 3273
226 212 306 263 394
947 221 1174 252 JOHANNIS
1201 220 1399 253 WYCLIF.
1611 206 1715 264 [CAP.
1737 216 1832 244 xvn.

514 336 553 366 et
586 340 684 366 cum
716 325 831 364 nulla
869 325 920 363 sit
959 325 1129 364 ecclesia
1174 324 1438 377 triumphans
1471 324 1549 365 nisi
1594 339 1676 378 que
1720 325 1982 378 prius1830D

514 395 590 436 fuit
624 395 808 434 militans
843 393 907 448 (ut
940 394 1216 434 declarabitur
1247 392 1452 447 inferius),
1498 395 1685 447 sequitur
1718 396 1835 448 quod

512 466 579 504 illa
604 464 774 504 ecclesia
806 464 1070 516 triumphans
1093 478 1175 517 que
1198 463 1275 503 fuit
1298 477 1373 517 pro
1396 464 1530 516 prima
1553 473 1659 503 etate
1687 464 1834 504 mundi

514 535 591 574 fuit
622 543 723 574 tunc
757 533 929 573 ecclesia
960 533 1157 573 militans.
1204 534 1301 572 Non
1346 532 1457 572 enim
1506 541 1565 572 est
1610 532 1669 572 fas
1702 534 1836 573 dicere

515 605 631 658 quod
665 617 776 643 nunc
810 617 897 642 non
930 603 980 643 sit
1015 603 1185 642 ecclesia
1219 602 1482 655 triumphans
1528 615 1602 641 nec
1636 604 1708 643 erit
1741 613 1868 649 ante5

514 675 625 714 diem
657 672 975 713 resurreccionis
1020 671 1168 724 finalis,
1214 686 1290 711 nec
1338 672 1395 711 fas
1442 682 1502 712 est
1546 673 1677 713 dicere
1719 674 1834 726 quod

516 744 660 783 solum
694 742 885 783 Christus
919 742 984 781 vel
1017 742 1096 782 alia
1129 756 1307 795 persona
1339 742 1538 794 humana,
1583 743 1615 781 si
1662 743 1747 782 iam
1786 743 1837 782 sit

515 814 635 852 beata
665 813 706 851 in
742 826 914 865 corpore
948 821 987 852 et
1019 812 1172 864 anima,
1212 812 1263 852 sit
1295 813 1429 851 modo
1475 812 1646 852 ecclesia
1689 813 1835 852 trium-

515 882 661 936 phans.

221 960 254 987 In
288 959 422 998 denyjng
452 958 503 986 the
575 953 635 991 Ex
667 952 756 993 istis
788 952 951 991 videtur
990 952 1091 991 mihi
1126 952 1243 1005 quod
1277 962 1374 1005 post
1419 952 1580 991 hereses
1625 953 1675 992 de
1721 953 1837 992 trini·
1859 976 1896 997 10

288 1001 434 1029 prevmus

224 1027 502 1091 exiiiteffcehovilghe
517 1031 599 1062 tate
624 1031 662 1062 et
684 1022 979 1061 incarnacione
1003 1036 1090 1061 non
1115 1021 1191 1061 suit
1224 1022 1374 1061 heresis
1398 1021 1677 1074 periculosior
1710 1036 1840 1076 quam

224 1097 503 1161 ssslfessffiQffgssffle
517 1092 780 1145 pertinaciter
813 1091 1033 1131 defendere
1066 1093 1182 1144 quod
1218 1105 1291 1145 per
1322 1100 1461 1131 totum
1494 1101 1661 1145 tempus
1692 1092 1840 1131 veteris

518 1161 757 1202 testamenti
801 1175 889 1200 non
935 1161 1012 1201 fuit
1055 1161 1225 1200 ecclesia
1272 1170 1412 1200 sancta
1460 1161 1682 1213 catholica3
1741 1170 1839 1202 tunc

519 1232 632 1272 enim
665 1231 860 1271 deficeret
904 1231 1095 1271 fidelibus
1142 1240 1229 1270 tam
1275 1231 1484 1271 viantibus
1531 1246 1660 1285 quam
1692 1231 1839 1271 trium-

518 1301 746 1355 phantibus
780 1300 1011 1353 solempnis
1045 1300 1242 1340 articulus
1266 1299 1375 1351 fidei,
1400 1301 1640 1368 immediate
1664 1315 1841 1355 sequens
1862 1314 1897 1345 15

517 1380 615 1425 post
638 1371 860 1411 articulum
884 1372 933 1409 de
957 1370 1102 1423 spiritu
1127 1379 1285 1421 sancto,
1316 1371 1431 1423 quod
1457 1379 1517 1410 est
1540 1379 1683 1410 contra
1715 1371 1842 1411 fidem

518 1441 732 1494 scripture,
766 1450 909 1480 contra
932 1449 1097 1480 sanctos
1121 1439 1351 1479 doctores*l<
1367 1449 1405 1479 et
1438 1440 1526 1479 iura
1556 1441 1736 1493 ecclesie,
1761 1455 1841 1494 que
1865 1450 1941 1484 1833ul

519 1513 663 1552 dicunt
696 1511 959 1552 concorditer
992 1511 1107 1563 quod
1141 1509 1274 1549 fidelis
1308 1510 1429 1549 debet
1462 1511 1624 1549 credere
1647 1510 1689 1549 in
1722 1511 1840 1563 spiri-

518 1592 611 1622 tum
643 1590 849 1633 sanctum,
885 1589 1073 1621 sanctam
1097 1580 1313 1619 ecclesiam
1337 1580 1599 1619 catholicam.
1635 1581 1732 1619 Ideo
1757 1590 1842 1620 tam

520 1652 654 1692 clerici
700 1666 830 1705 quam
878 1650 969 1689 laici
1017 1650 1171 1690 debent
1216 1658 1455 1689 constanter
1498 1663 1747 1702 consurgere
1791 1651 1842 1689 ad
1859 1671 1899 1692 20

519 1722 649 1762 istum
673 1721 895 1761 articulum
921 1720 1163 1771 defendum,
1195 1719 1349 1759 scilicet
1371 1721 1486 1773 quod
1509 1720 1680 1760 ecclesia
1702 1729 1842 1760 sancta

521 1791 726 1831 catholica
749 1791 826 1830 fuit
857 1805 880 1830 a
913 1790 1062 1830 mundi
1085 1789 1294 1842 principio
1319 1790 1437 1829 cuius
1461 1803 1554 1842 pars
1577 1789 1841 1842 triumphans

521 1870 581 1901 est
613 1861 781 1914 spiritus
815 1861 974 1900 celestis
1010 1859 1075 1915 (ut
1108 1860 1190 1898 dixi
1224 1858 1447 1914 superius).

579 1932 702 1972 Unde
734 1931 776 1969 in
806 1930 867 1969 De
892 1929 1197 1979 Questionibus
1220 1929 1368 1968 veteris
1401 1938 1440 1968 et
1471 1943 1579 1968 nove
1612 1928 1711 1981 legis
1746 1943 1833 1982 cap.
1856 1940 1888 1972 Ε

520 2001 706 2052 XLVIIO,
727 2000 986 2054 Augustinus
1011 2013 1226 2052 exponens
1249 1999 1351 2038 illud
1375 1998 1476 2038 Isaie
1499 2000 1588 2050 IV0,
1623 2009 1658 2039 1:
1681 2000 1842 2052 Appre—
1861 2010 1898 2042 25

522 2071 704 2111 hendent
747 2077 903 2124 septem
953 2070 1154 2109 mulieres
1198 2070 1337 2108 virum
1385 2082 1517 2108 unum
1563 2070 1603 2108 in
1653 2069 1719 2108 die
1770 2069 1844 2108 illa

523 2142 732 2182 dicentes:
764 2141 922 2180 Panem
958 2146 1151 2180 nostrum
1197 2138 1464 2179 comedemus
1510 2147 1548 2178 et
1590 2140 1845 2179 vestimentis

524 2213 681 2252 nostris
739 2211 1002 2263 operiemur:
1059 2209 1356 2249 tantummodo
1422 2209 1640 2248 invocetur
1693 2222 1844 2249 nomen

524 2290 643 2322 tuum
677 2294 808 2334 super
840 2294 931 2332 nos,
966 2280 1096 2334 aufer
1127 2278 1402 2332 obprobrium
1450 2285 1661 2327 nostrum,
1706 2279 1844 2332 primo

525 2351 624 2391 dicit
676 2351 795 2405 quod
856 2350 1063 2403 propheta
1125 2348 1314 2402 loquitur
1375 2349 1425 2387 de
1487 2348 1551 2388 die
1612 2349 1745 2402 gracie
1809 2358 1847 2389 et
1863 2357 1904 2390 30

525 2422 698 2462 muliere
744 2420 1019 2473 septemplici,
1053 2419 1207 2459 scilicet
1252 2418 1422 2458 ecclesia
1470 2432 1549 2472 que
1595 2428 1654 2458 est
1697 2418 1848 2459 mulier

578 2579 607 2605 4.
629 2570 671 2597 A:
695 2570 764 2597 Non
786 2569 868 2596 enirn
891 2569 947 2596 fas.
1083 2575 1123 2595 10.
1147 2569 1174 2595 A
1195 2568 1224 2595 in
1247 2576 1362 2602 marg.:
1385 2567 1564 2595 Conclusio.
1701 2565 1742 2594 25.
1765 2567 1792 2594 A
1814 2566 1844 2593 in

526 2624 641 2650 marga
663 2615 870 2649 Augustinus.
979 2613 1019 2642 25.
1038 2615 1085 2641 26.
1106 2615 1134 2641 A
1150 2614 1170 2640 Β
1192 2615 1221 2640 in
1244 2622 1361 2648 marg:
1383 2613 1627 2648 Apprehendent
1642 2617 1758 2647 septem
1777 2620 1844 2640 mu-

527 2664 615 2691 lieres
628 2663 730 2690 virum
745 2663 781 2690 de
795 2662 925 2689 ecclesia
946 2661 1127 2696 intelligitur
1141 2661 1263 2694 (Above
1285 2660 1349 2688 ι83ιι
1370 2661 1500 2688 without
1516 2660 1601 2687 mark
1617 2660 1649 2687 οἵ
1662 2659 1842 2693 reference).

587 2780 639 2813 25.
667 2782 753 2821 Aug.
774 2780 1010 2818 Quaestiones
1029 2789 1068 2810 ex
1088 2779 1195 2811 veteri
1225 2785 1301 2810 test.
1322 2789 1394 2821 cap.
1415 2778 1663 2823 X[,V11.0pp.
1683 2784 1768 2810 tom.
1788 2777 1843 2819 ΙΙΙ,

527 2840 689 2881 Append.
717 2849 794 2881 pag.
823 2838 878 2870 60.
