2051 3273
239 211 318 263 546
959 220 1184 252 JOHANNIS
1211 220 1406 251 WYCLIF.
1624 206 1730 264 [CAP.
1752 217 1846 247 xxu.

526 325 580 363 Et
624 324 703 363 hiis
747 332 935 376 quatuor
987 324 1125 363 modis
1172 324 1409 363 secundum
1464 324 1685 363 decretum
1739 325 1998 369 beati2o3⁰T

527 393 735 445 Gregorii,
786 393 905 432 XIIIa
955 406 995 445 q.
1049 394 1099 446 ΙΙ,
1165 392 1318 433 Anime
1371 393 1690 446 defunctorum,
1753 408 1850 434 con-

525 462 650 515 tingit
689 462 916 502 animabus
955 463 995 501 in
1030 463 1280 516 purgatorio
1321 462 1558 516 suffragari,
1597 478 1744 517 ymmo
1785 464 1851 518 (ut

527 546 627 584 sepe
680 531 783 587 dixi)
837 546 912 585 per
966 546 1138 572 omnem
1193 533 1324 572 vitam
1378 534 1442 572 vel
1501 546 1674 585 operam
1729 535 1849 574 meri-

527 602 679 641 toriam
726 602 916 643 viatoris.
977 603 1102 642 Unde
1148 602 1253 642 ritus
1287 616 1414 655 quem
1449 604 1659 655 approbat
1704 604 1884 646 beatus5

271 682 476 723 Reasqnsfor
527 672 781 711 Ambrosius
834 672 876 711 in
922 672 984 711 De
1031 671 1212 723 Officiis,
1269 673 1435 725 positus
1489 672 1529 711 in
1576 673 1850 712 conclusione

267 726 483 780 obigiiiiiiies.
525 742 730 793 predicta,
766 742 1002 795 plurimum
1039 751 1100 782 est
1132 742 1392 781 laudandus:
1432 742 1556 791 Quia,
1590 742 1743 795 inquit,
1776 743 1852 781 alii

526 811 702 850 tercium
749 811 874 861 diem,
920 812 995 850 alii
1038 812 1262 864 septimum
1296 811 1420 861 diem,
1459 812 1534 851 alii
1570 812 1848 863 tricesimum,

526 881 601 920 alii
632 880 1016 935 quadragesimum
1041 881 1269 921 observare
1301 888 1615 921 consueverunt
1636 882 1676 921 in
1701 882 1852 936 officiis

526 957 813 1001 mortuorum,
864 951 964 1004 quid
1009 952 1157 991 doceat
1204 951 1329 991 leccio
1386 950 1713 991 consideremus.
1766 952 1850 991 De·
1873 972 1910 993 10

510 1020 671 1072 functo
716 1020 882 1074 quidem
928 1020 1060 1061 Jacob
1098 1022 1285 1074 precipit
1315 1020 1468 1074 Joseph
1494 1021 1645 1074 pueris
1677 1022 1769 1062 suis
1809 1029 1853 1061 ut

524 1091 756 1142 sepelirent
800 1103 894 1129 eum
935 1098 973 1130 et
1013 1091 1278 1143 sepelierunt
1321 1092 1560 1144 sepultores
1612 1090 1769 1142 Israel,
1813 1098 1854 1131 et

524 1159 720 1212 completi
750 1167 852 1199 sunt
882 1160 1177 1214 quadraginta
1217 1161 1307 1200 dies
1348 1161 1499 1212 luctus,
1534 1169 1580 1200 ut
1619 1170 1736 1213 patet
1771 1161 1851 1201 Ge-

525 1230 633 1269 nesis
659 1230 725 1268 L0.
762 1228 844 1269 Sed
865 1230 998 1269 eciam
1022 1230 1064 1268 in
1089 1230 1443 1280 Deuteronomio,
1473 1231 1659 1284 capitulo
1682 1231 1850 1283 ultimo,

525 1308 564 1338 et
623 1298 800 1338 Numeri
853 1299 932 1338 XX
990 1299 1199 1352 scriptum
1252 1306 1342 1340 est:
1413 1300 1523 1349 Quia
1577 1300 1908 1352 planxerunt15

510 1368 602 1422 filii
649 1368 794 1408 Israel
834 1370 1023 1421 Moysen
1067 1370 1246 1423 triginta
1294 1369 1439 1409 diebus
1483 1376 1523 1409 et
1566 1371 1852 1410 consummati

524 1444 624 1477 sunt
645 1437 732 1477 dies
756 1438 906 1478 luctus.
943 1439 1004 1478 Illi
1036 1448 1177 1478 autem
1212 1439 1286 1492 qui
1320 1447 1489 1479 servant
1525 1440 1635 1479 diem
1671 1441 1849 1480 tercium

527 1508 760 1561 respiciunt
780 1508 1014 1548 trinitatem
1030 1508 1096 1547 vel
1110 1508 1303 1548 triduum
1319 1509 1649 1549 resurreccionis
1674 1510 1851 1561 Christi;

527 1578 601 1630 qui
634 1586 780 1617 autem
821 1578 1051 1618 observant
1083 1578 1317 1630 septimum
1340 1579 1567 1619 observant
1601 1588 1851 1632 perpetuam

528 1648 717 1701 quietem
751 1647 908 1699 anime,
943 1661 1026 1700 que
1060 1656 1123 1687 est
1156 1648 1284 1688 tercia
1319 1661 1416 1687 cum
1451 1649 1730 1701 copulacione
1765 1662 1910 1691 cor-20

527 1716 656 1770 poris,
698 1718 816 1770 quod
851 1726 914 1757 est
947 1726 1152 1770 quatuor;
1200 1730 1248 1756 ex
1288 1718 1445 1770 quibus
1479 1727 1622 1758 autem
1658 1726 1852 1758 constant

528 1796 712 1840 septem;
737 1787 810 1840 qui
835 1796 980 1827 autem
1011 1788 1240 1827 observant
1264 1788 1544 1840 trigenarium
1582 1788 1852 1827 considerant

529 1857 749 1909 quomodo
784 1870 831 1896 ex
857 1857 1026 1897 duobus
1051 1857 1343 1910 quindenariis
1369 1858 1607 1897 secundum
1633 1871 1788 1910 corpus
1813 1866 1854 1896 et

529 1927 714 1966 animam
749 1927 816 1966 ille
850 1936 1026 1980 constat,
1062 1927 1373 1979 quindenarius
1413 1936 1557 1967 autem
1594 1927 1771 1967 resultat
1804 1940 1853 1966 ex

529 1997 769 2050 septenario
821 2006 992 2050 patrum
1041 1997 1144 2049 legis
1190 1998 1344 2036 veteris
1391 2006 1431 2037 et
1482 1997 1701 2037 octonario
1750 1996 1854 2048 legis
1872 2007 1910 2039 25

529 2077 658 2107 nove:
703 2067 813 2106 Nam
860 2067 938 2106 hos
986 2066 1094 2106 duos
1129 2080 1332 2107 numeros
1367 2067 1551 2120 quadam
1592 2065 1854 2119 proprietate

529 2137 676 2177 colunt
721 2137 960 2190 specialiter
1004 2137 1072 2176 isti
1118 2146 1273 2190 patres.
1322 2136 1408 2186 Qui
1441 2145 1584 2177 autem
1626 2136 1854 2175 observant

528 2207 907 2260 quadrigenarium
978 2215 1203 2259 expectant
1279 2206 1465 2247 fructum
1528 2204 1854 2246 resurreccionis

529 2290 603 2330 per
637 2285 820 2317 mortem
851 2275 1011 2316 Christi
1047 2276 1120 2329 qui
1161 2275 1342 2316 totidem
1385 2275 1502 2315 horis
1538 2275 1692 2314 dicitur
1724 2274 1854 2314 fuisse

529 2356 741 2398 mortuus,
761 2347 858 2386 licet
881 2359 976 2386 arca
1000 2345 1176 2397 triginta
1200 2359 1271 2385 sex
1295 2345 1421 2385 horas
1439 2346 1569 2385 iacuit
1585 2344 1625 2384 in
1642 2343 1852 2397 sepulcro,
1870 2354 1912 2386 30

530 2426 569 2456 et
602 2417 660 2456 sic
694 2416 746 2456 de
779 2415 1167 2469 quinquagenario,
1203 2416 1450 2455 centenario
1472 2416 1538 2454 vel
1563 2413 1853 2454 anniversario

529 2486 767 2526 secundum
807 2486 1021 2525 racionem
1063 2484 1130 2524 cui
1178 2485 1358 2524 devocio
1399 2485 1548 2538 populi
1590 2492 1653 2523 est
1693 2483 1852 2524 affecta.

581 2610 606 2638 5.
629 2612 656 2638 Α
676 2610 706 2638 in
727 2618 844 2644 marga
866 2610 1068 2638 Ambrosius.
1218 2616 1255 2637 12.
1277 2610 1305 2636 A
1326 2609 1365 2637 B:
1387 2609 1563 2643 sepultores
1579 2607 1683 2641 deest;
1705 2607 1807 2634 luctus
1823 2610 1856 2634 ut

530 2661 613 2692 patet
637 2657 714 2684 Gen.
736 2656 760 2684 L
786 2656 873 2684 deest
898 2658 930 2684 in
958 2656 1070 2684 decret.
1218 2655 1256 2684 15.
1284 2663 1351 2691 cap.
1380 2655 1433 2682 ult.
1461 2659 1489 2682 et
1516 2653 1609 2682 Num.
1631 2653 1687 2683 XX
1714 2653 1799 2682 deest
1820 2653 1849 2680 in

531 2703 686 2731 decretali.

591 2797 620 2818 2.
651 2788 748 2818 Decr.
777 2797 844 2819 sec.
873 2797 966 2829 parS,
994 2787 1105 2818 Causa
1132 2785 1223 2826 XIII,
1257 2796 1289 2827 q.
1319 2785 1359 2825 II,
1387 2795 1459 2827 cap.
1491 2784 1579 2815 XXII
1616 2783 1766 2815 Animae
1798 2783 1855 2814 de-

518 2845 731 2886 functorum
761 2847 826 2876 and
855 2855 928 2887 cap.
956 2845 1063 2876 XXIV
1096 2845 1190 2887 Quia
1218 2844 1293 2875 alii.
