2051 3273
240 222 319 259 262
971 226 1193 259 JOHANNIS
1220 226 1415 258 WYCLIF.
1657 211 1728 269 [CA
1744 221 1776 248 Ρ.
1794 220 1861 248 xu.

257 343 376 379 against
394 341 494 369 which
528 342 572 373 ut
585 333 780 372 recitatur
794 332 958 382 ΧΧΙΙΙΆ,
978 345 1016 384 q.
1035 331 1102 381 IV,
1123 330 1193 369 ubi
1217 329 1388 370 dicitur:
1404 330 1480 370 Est
1500 331 1656 370 iniusta
1676 329 1840 368 miseri-
1861 337 1936 371 165⁰
1953 339 1991 372 Η

237 376 511 448 ὲνξὸῗῖῗιιξέτῑέξὲ
527 403 687 442 cordia.
714 403 909 454 Denique
932 402 1136 453 scriptum
1162 407 1223 439 est
1245 399 1296 438 de
1327 400 1536 452 quodam:
1559 400 1652 438 Non
1670 400 1840 438 misere-

527 472 638 511 beris
661 472 790 521 illius,
815 469 1133 510 Deuteronomii
1154 469 1285 519 XIXO,
1318 470 1376 519 13,
1399 475 1439 508 et
1463 471 1505 509 in
1530 469 1651 508 libris
1673 469 1840 521 Regum

528 541 691 594 legitur
722 539 835 592 quod
867 539 974 578 Saul
1006 539 1223 578 contraxit
1256 537 1478 590 offensam,
1510 539 1607 591 quia
1642 538 1842 577 misertus

525 617 588 650 est
605 612 733 663 Agag
756 622 901 663 regem
918 609 1096 648 hostium
1120 620 1243 660 quem
1261 608 1485 659 prohibuit
1511 608 1656 647 divina
1678 614 1840 647 senten·
1858 616 1874 648 5

527 679 593 718 cia
629 680 818 728 servari,
847 678 884 717 10
923 679 1087 731 Regum
1120 678 1232 718 XVO.
1264 676 1415 729 Itaque
1442 679 1478 716 si
1510 678 1602 730 quis
1630 678 1839 716 latronem

512 748 625 801 filiis
670 747 1002 801 deprecantibus
1047 754 1184 786 motus
1217 754 1256 786 et
1288 747 1481 786 lacrimis
1514 747 1708 800 coniugis
1749 747 1840 786 eius

526 818 713 869 inflexus
745 816 1052 857 absolvendum
1082 823 1222 869 putat,
1278 817 1348 855 cui
1380 816 1520 855 adlzuc
1553 815 1842 855 latrocinandi

527 888 690 938 aspiret
721 886 918 939 affectus,
953 899 1092 926 nonne
1126 888 1372 926 innocentes
1406 886 1545 925 tradet
1584 887 1723 926 exicio
1767 886 1841 938 qui

527 957 590 996 sic
635 956 788 995 liberat
836 957 1070 995 multorum
1118 957 1258 995 exicia
1309 956 1603 1008 cogitantem?
1652 955 1776 994 Certe
1807 955 1899 995 si10

527 1026 726 1079 gladium
778 1025 938 1064 domini
982 1026 1191 1076 reprimit,
1236 1026 1410 1064 vincula
1455 1024 1658 1073 dissolvit,
1720 1025 1842 1064 laxat

527 1095 719 1142 exilium,
745 1094 872 1133 ²¹1<cur
913 1094 1203 1134 latrocinandi
1262 1107 1347 1147 qua
1385 1101 1529 1146 potest
1570 1094 1941 1135 clemenciori165‘1

529 1166 597 1204 via
630 1177 712 1203 non
746 1165 874 1216 eripit
892 1163 1153 1216 facultatem
1192 1165 1265 1216 qui
1294 1164 1551 1216 voluntatem
1585 1172 1844 1218 extorquere

529 1247 612 1273 non
639 1233 815 1285 potuit?
836 1233 1004 1273 Deinde
1036 1237 1147 1273 inter
1183 1233 1304 1285 duos,
1327 1234 1406 1273 lzoc
1437 1241 1512 1284 est,
1547 1241 1841 1276 accusatorem

529 1311 567 1343 et
599 1316 733 1354 reum,
759 1303 1081 1355 paripericulo
1116 1303 1167 1341 de
1199 1304 1337 1355 capite
1359 1303 1635 1354 decertantes,
1655 1306 1840 1345 alterum
1863 1309 1898 1341 15

528 1373 567 1411 si
619 1386 701 1412 non
747 1373 990 1424 probasset,
1025 1373 1209 1412 alterum
1254 1372 1293 1411 si
1337 1379 1445 1412 esset
1488 1374 1539 1412 ab
1591 1381 1841 1415 accusatore

530 1444 760 1493 convictus,
783 1443 820 1482 si
844 1455 926 1481 non
952 1442 995 1482 id
1017 1443 1131 1494 quod
1162 1443 1327 1482 iusticie
1350 1449 1412 1482 est
1434 1443 1566 1483 iudex
1588 1450 1842 1496 exequatur,

530 1512 605 1551 sed
649 1513 879 1552 miseretur
923 1504 1117 1562 alterius,
1163 1519 1239 1551 aut
1290 1512 1539 1564 dampnabit
1589 1514 1842 1565 probantem

531 1588 605 1620 aut
637 1581 738 1620 dum
773 1582 1023 1620 accusatori
1041 1581 1182 1635 favet,
1216 1582 1331 1634 quod
1358 1582 1549 1634 probare
1583 1596 1665 1622 non
1690 1586 1843 1636 possit,

531 1651 703 1690 addicet
746 1652 986 1691 innoxium.
1057 1651 1152 1690 Non
1191 1657 1332 1703 potest
1371 1665 1476 1704 ergo
1509 1653 1584 1691 hec
1617 1654 1702 1692 dici
1734 1655 1843 1694 iusta
1861 1666 1901 1687 20

534 1721 852 1761 misericordia.
904 1720 957 1760 In
1010 1721 1105 1773 ipsa
1158 1721 1351 1771 ecclesia,
1405 1721 1475 1761 ubi
1526 1724 1714 1762 maxime
1750 1725 1844 1777 quis

532 1791 730 1830 misereri
777 1791 910 1841 debet,
959 1792 1097 1830 teneri
1140 1797 1282 1830 autem
1327 1804 1453 1843 quam
1500 1793 1687 1831 maxime
1725 1793 1846 1833 debet

521 1860 678 1913 forma
724 1861 906 1909 iusticie,
953 1873 1004 1899 ne
1046 1862 1141 1912 quis
1185 1874 1210 1899 a
1256 1862 1476 1900 consorcio
1524 1863 1843 1903 criminacionis

532 1931 774 1969 abstractus
817 1929 935 1969 brevi
979 1930 1207 1969 lacrimula
1239 1937 1367 1983 atque
1398 1931 1455 1970 ad
1485 1937 1652 1983 tempus
1677 1939 1841 1984 parata

532 2000 597 2039 vel
641 2001 773 2039 eciam
823 2001 1094 2040 uberioribus
1113 2001 1292 2051 fletibus
1324 2002 1677 2049 communionem,
1712 2002 1897 2054 quam25

526 2070 734 2121 plurimis
785 2070 905 2110 debet
950 2071 1178 2122 postulare
1229 2071 1504 2123 temporibus,
1552 2085 1576 2109 a
1619 2072 1841 2124 facilitate

532 2139 770 2179 sacerdotis
817 2146 1082 2192 extorqueat.
1129 2141 1281 2179 Nonne
1314 2153 1408 2179 cum
1444 2141 1519 2179 uni
1550 2141 1746 2194 indulget
1777 2143 1841 2181 in-

533 2209 674 2262 digno,
698 2210 755 2248 acl
769 2211 1072 2261 prolapcionis
1087 2211 1334 2262 contagium
1351 2217 1562 2261 provocat
1585 2211 1843 2250 universos?

535 2279 741 2318 Facilitas
773 2280 884 2318 enim
919 2279 1037 2318 venie
1071 2279 1330 2318 incentivum
1365 2279 1509 2318 tribuit
1551 2279 1839 2332 delinquendi.

588 2447 605 2465 1.
629 2439 660 2464 ln
688 2438 797 2465 codd.:
820 2438 871 2465 Est
892 2437 1002 2465 iniusta
1023 2437 1243 2473 nnrcricordia,
1265 2442 1310 2464 cst
1331 2443 1358 2465 ct
1378 2438 1468 2465 iusta.
1502 2437 1648 2472 Denique.
1680 2437 1805 2465 Corrcxi
1827 2447 1842 2465 e

534 2486 637 2511 decret
663 2493 730 2519 sup.
746 2492 877 2511 memor.
950 2484 1010 2517 45.
1023 2484 1055 2510 In
1071 2484 1170 2511 dccxx:
1188 2484 1352 2511 miseratus
1367 2490 1428 2517 <2513
1445 2483 1583 2519 regisxin
1596 2484 1685 2511 codd.
1760 2484 1839 2511 6.ib.

534 2532 576 2557 lla
604 2531 627 2557 si
649 2531 726 2565 quis.
853 2539 878 2564 7.
906 2532 933 2557 A
960 2532 1015 2564 Al:
1047 2531 1173 2557 latronis
1206 2531 1358 2566 coniugis.
1501 2538 1540 2557 ιο.
1572 2531 1598 2557 Α
1625 2531 1681 2564 Al:
1711 2531 1841 2558 libertat.

537 2586 568 2604 11.
593 2584 629 2605 12.
650 2578 683 2604 In
705 2577 815 2604 codd:
847 2578 926 2604 laxat
955 2576 1096 2604 exicium.
1129 2576 1256 2604 Correxi
1286 2585 1301 2603 e
1330 2577 1412 2604 decr.
1554 2584 1596 2609 ¹4·
1627 2576 1646 2602 15
1670 2577 1699 2603 in
1727 2585 1839 2611 marga

533 2623 628 2650 Iudex
650 2623 723 2650 nulli
749 2623 881 2650 auferret
903 2623 1163 2658 complementum
1190 2623 1310 2651 iusticie
1336 2628 1437 2650 motus
1458 2623 1560 2650 favore
1587 2626 1637 2648 aut
1662 2622 1771 2657 pietate
1792 2627 1842 2649 aut

535 2670 638 2697 favore
653 2670 732 2704 (sic).
859 2678 898 2704 ις).
922 2670 1045 2704 probari
1060 2670 1089 2696 in
1105 2670 1198 2698 codd.
1214 2677 1293 2696 corr.
1310 2678 1324 2696 e
1340 2670 1422 2697 decr.
1546 2667 1591 2694 26.
1609 2667 1666 2697 ib.:
1689 2668 1840 2696 facultate.

533 2723 613 2743 corr.
635 2724 648 2742 c
671 2716 752 2743 decr.
896 2715 940 2742 28.
964 2716 1002 2742 ss:
1025 2716 1220 2751 prolacionis.

597 2844 620 2864 1.
649 2833 693 2864 ib.
720 2844 747 2864 c.
773 2834 924 2865 XXXIII.
