2051 3343
207 239 229 276 8
917 246 1143 278 „IOHANNIS
1171 246 1363 277 wrcrir.
1658 231 1764 289 [CAP.
1786 243 1807 269 1.

495 354 625 391 niclzil
657 353 783 390 deest.
821 351 941 390 Unde
983 350 1088 389 sicut
1131 351 1244 389 iuxta
1275 349 1544 389 Aristotelem
1590 349 1726 401 primo
1759 350 1905 393 de128<1
1930 361 1961 394 F

496 423 584 460 celo
618 422 762 460 omnia
790 421 934 471 primo
967 433 1099 471 super
1130 420 1215 458 tria
1240 420 1466 470 ponimus:
1501 418 1558 457 sic
1590 431 1676 457 non
1709 419 1808 457 dici-

496 504 591 529 mus
643 489 860 529 ecclesiam
904 488 1153 528 catholicam
1198 488 1275 527 nisi
1320 501 1401 540 que
1439 488 1480 526 in
1535 501 1577 526 se
1622 487 1810 527 continet

495 561 571 599 ista
616 559 709 598 tria:
755 568 916 610 partem
960 558 1001 596 in
1047 559 1135 596 celo
1180 556 1524 609 triumphantem,
1569 566 1731 609 partem
1770 557 1811 596 in

497 628 739 681 purgatorio
773 626 1055 666 dormientem
1089 636 1127 666 et
1160 635 1322 679 partem
1344 625 1386 663 in
1410 626 1523 665 terris
1546 626 1809 665 militantem.
1829 638 1845 670 5

208 701 276 727 The
298 701 381 726 rin-ee
400 702 481 733 parts
498 699 551 737 Et
595 697 636 735 in
688 696 864 749 figuram
915 696 1025 735 illius
1079 696 1223 735 dicunt
1277 696 1468 734 doctores
1520 695 1704 735 hostiam
1744 695 1811 734 vel

209 736 272 762 into
305 734 400 760 wliicli
433 737 483 759 tlie

210 768 481 831 hoissflssjcffiffifen
497 775 805 806 sacramentum
838 765 1053 804 eucaristie
1087 765 1213 804 dividi
1248 765 1290 803 in
1323 773 1403 804 tres
1436 773 1597 817 partes:
1627 764 1812 804 Primam

211 838 737 908 *145331211515‘323125{ffifflimmersam
766 843 1025 873 sacramento
1055 834 1216 887 liquido
1241 834 1384 873 dicunt
1406 834 1565 886 signare
1598 833 1815 873 ecclesiam

280 907 412 935 emisch.
497 904 842 956 triumphantem,
875 917 956 956 que
990 903 1179 956 insorpta
1211 912 1250 943 et
1272 903 1472 942 inebriata
1494 911 1554 942 est
1583 902 1813 942 intuicione

497 975 634 1012 divine
667 973 861 1022 essencie‚
896 982 942 1012 ut
973 973 1161 1025 loquitur
1183 981 1308 1025 caput
1331 972 1498 1012 ecclesie
1515 972 1750 1013 Cantic.V0
1780 985 1871 1021 1,1o

498 1043 726 1083 exhilarans
771 1043 877 1082 cives
925 1051 964 1082 et
1007 1042 1310 1082 commensales
1361 1055 1473 1082 suos,
1526 1041 1811 1081 Inebriamini

497 1113 631 1165 inquit
646 1113 875 1152 carissimi.
910 1113 1001 1151 Due
1019 1120 1160 1151 autem
1177 1111 1254 1150 alie
1276 1119 1411 1164 partes
1433 1111 1475 1150 in
1497 1124 1625 1150 manu
1650 1110 1813 1149 domini

498 1192 537 1222 et
559 1182 708 1221 merito
743 1181 910 1221 ecclesie
944 1182 1210 1234 expurgande
1234 1180 1451 1233 signantur
1482 1194 1556 1233 per
1587 1180 1676 1219 illas
1710 1180 1812 1219 duas

499 1261 633 1305 partes
677 1265 779 1304 quas
820 1252 1011 1290 sacerdos
1054 1260 1166 1290 tenet
1209 1251 1252 1289 in
1291 1250 1504 1290 manibus:
1550 1250 1684 1289 Maior
1716 1264 1813 1303 sup-

500 1321 634 1375 posita
679 1321 813 1374 signat
864 1320 1079 1360 ecclesiam
1124 1320 1375 1360 militantem
1407 1329 1447 1359 et
1490 1319 1630 1359 minor
1674 1320 1870 1364 innixa15

500 1390 716 1443 supposite
750 1390 885 1443 signat
916 1390 1132 1429 ecclesiam
1164 1390 1205 1428 in
1239 1390 1480 1442 purgatorio
1509 1398 1810 1441 expectantem.

503 1462 594 1513 lpsa
626 1459 738 1499 enim
770 1459 795 1486 ἵ*
826 1459 1016 1499 innititur
1047 1459 1252 1512 suffragiis
1284 1459 1499 1498 militantis
1533 1458 1714 1498 ecclesie.
1760 1459 1814 1498 Et
1834 1474 1911 1515 129³

264 1552 348 1580 Masi<
369 1552 438 1580 this.
503 1543 578 1582 pro
611 1530 699 1569 istis
731 1530 894 1569 duabus
926 1529 1112 1581 partibus
1141 1528 1404 1581 geminamus
1437 1542 1577 1581 preces
1600 1541 1709 1581 agno
1742 1528 1813 1581 qui

504 1608 564 1639 est
596 1608 721 1652 caput
744 1599 926 1650 ecclesie,
960 1608 1006 1638 ut
1028 1598 1274 1638 misereatur
1297 1598 1429 1638 nobis.
1465 1599 1545 1638 Sed
1576 1611 1652 1650 pro
1686 1599 1813 1637 tercia

503 1677 616 1721 parte
649 1669 700 1707 ad
733 1668 850 1708 cuius
882 1668 1027 1707 locum
1059 1677 1098 1707 et
1129 1667 1317 1720 requiem
1350 1667 1581 1720 aspiramus
1617 1667 1814 1720 petimus,
1832 1692 1874 1713 20

504 1748 548 1778 ut
579 1738 692 1777 idem
730 1751 861 1790 agnus
905 1738 1075 1790 triplicis
1119 1746 1264 1777 nature
1303 1738 1431 1776 donet
1474 1736 1651 1776 finaliter
1694 1736 1816 1776 nobis

216 1820 328 1866 chrisi,
349 1828 382 1846 as
407 1821 662 1861 man‚pacem.
698 1808 750 1846 Et
781 1807 877 1846 hinc
925 1807 990 1862 (ut
1022 1807 1185 1847 ostendi
1221 1806 1337 1861 alias)
1371 1806 1505 1846 dictus
1539 1819 1719 1859 sponsus
1753 1820 1815 1846 se-

263 1855 371 1881 mmed
393 1855 440 1881 ’ἀπ
504 1879 691 1918 cundum
723 1877 1031 1916 humanitatem
1063 1890 1184 1916 suam
1207 1876 1385 1916 visitavit
1417 1876 1493 1915 tria
1522 1877 1613 1915 loca
1635 1875 1817 1927 ecclesie,

504 1947 659 1987 scilicet
702 1947 951 1986 umbilicum
997 1955 1135 1986 nostre
1167 1945 1444 1997 habilitabilis‚
1487 1945 1654 1999 triginta
1685 1945 1817 1985 tribus

505 2016 624 2056 annis
656 2016 696 2055 in
728 2017 857 2055 Judea
890 2025 929 2055 et
959 2016 1184 2056 Jerusalem
1219 2016 1517 2065 conversando,
1562 2015 1742 2054 limbum
1774 2014 1815 2053 in
1835 2028 1872 2060 25

506 2100 591 2140 quo
624 2094 760 2138 patres
793 2085 957 2138 purgati
1005 2094 1116 2137 sunt,
1162 2085 1410 2124 morsellum
1459 2097 1531 2122 sue
1575 2083 1744 2122 ecclesie
1776 2083 1819 2122 in

505 2156 645 2195 anima
677 2155 950 2206 extrahend03
995 2156 1066 2194 sed
1109 2155 1235 2194 tercio
1283 2154 1459 2193 finaliter
1506 2154 1730 2193 ascendens
1777 2154 1819 2192 in

507 2227 644 2265 celum
676 2225 785 2277 cepit
818 2225 1099 2278 captivitatem
1131 2238 1261 2277 quam
1292 2232 1389 2276 post
1412 2222 1676 2276 triumphum
1700 2236 1818 2262 coro-

507 2295 619 2334 navit
651 2294 702 2334 ad
735 2294 799 2332 dei
832 2295 1044 2334 dexteram
1077 2294 1337 2334 collocando.

566 2427 586 2446 1.
608 2419 629 2445 B
650 2419 678 2445 in
701 2426 802 2453 marg:
824 2418 1031 2445 Aristotelem.
1111 2418 1139 2445 6.
1161 2418 1187 2444 Α
1211 2417 1239 2444 in
1260 2425 1363 2450 marg:
1386 2417 1464 2444 Tres
1485 2421 1585 2451 partes
1607 2416 1703 2444 divise
1724 2416 1822 2444 hostie

508 2470 685 2493 consecrate
698 2464 870 2499 significant
881 2469 940 2492 tres
954 2470 1056 2500 partes
1070 2464 1206 2492 ecclesie.
1230 2464 1250 2490 Β
1265 2463 1292 2491 in
1306 2472 1408 2498 marg:
1430 2463 1655 2497 Purgatorium.
1739 2461 1820 2489 813:

508 2512 708 2545 immensamg
728 2512 785 2539 ib.:
808 2511 913 2539 dicunt
934 2511 1070 2545 dignare.
1145 2519 1172 2545 ς).
1187 2509 1292 2537 Codd:
1315 2510 1460 2537 debriata.
1477 2509 1615 2537 Correxi.
1687 2517 1728 2536 10.
1751 2508 1771 2534 Β
1792 2509 1822 2536 in

509 2566 611 2592 marg:
633 2558 718 2585 Cant.
743 2557 800 2585 V0.
920 2558 956 2585 13.
977 2558 1014 2584 ll:
1037 2557 1273 2592 expungnande.
1388 2556 1424 2583 15.
1448 2556 1487 2583 ss:
1508 2561 1535 2583 et
1556 2559 1687 2590 quatuor
1708 2554 1821 2582 innixa.

510 2603 550 2630 18.
571 2604 598 2630 A
619 2603 648 2630 in
677 2611 779 2638 marg:
801 2604 889 2631 Nota.
920 2609 998 2631 nota.
1029 2603 1049 2630 Β
1071 2604 1100 2630 in
1123 2612 1224 2638 marg:
1253 2603 1393 2630 Christus
1420 2602 1555 2630 creditur
1577 2603 1670 2635 (recte
1697 2600 1821 2634 dicitur)

509 2658 605 2684 agnus
626 2649 795 2684 tripliciter.
918 2659 957 2686 ¹⁴]-
981 2650 1000 2677 Β
1024 2650 1051 2677 iu
1075 2657 1177 2684 marg:
1198 2650 1307 2684 Agnus
1328 2649 1450 2676 tercius.
1568 2655 1613 2681 24.
1637 2647 1675 2674 13:
1697 2647 1822 2674 umbili-

510 2704 579 2722 cum
602 2700 717 2723 nature.

572 2813 599 2833 2.
632 2802 770 2833 Aristot.
798 2801 872 2845 περὶ
898 2798 1044 2845 obfirma]
1072 2801 1094 2841 Ι,
1128 2813 1151 2833 1.
1180 2798 1234 2831 δι’).
1261 2799 1297 2832 τὸ
1325 2799 1367 2832 τὰ
1392 2796 1469 2845 τρία
1501 2797 1612 2832 πάντα
1646 2793 1731 2832 εἶναι
1767 2798 1824 2831 καὶ

512 2860 547 2892 τὸ
575 2858 643 2902 τρῖς
672 2857 794 2902 πάντῃ.
