2051 3343
223 212 274 252 36
930 220 1153 253 JOHANNIS
1178 219 1372 252 WYCLIF.
1667 204 1818 263 [CAPJI.

507 327 795 379 cuiuscunque
825 325 1037 365 christiani
1068 324 1277 378 pontificis
1301 324 1351 363 sit
1373 324 1487 363 aliud
1510 337 1639 377 quam
1661 336 1818 362 nomen
1838 333 1916 366 133a
1953 334 1972 367 I

506 396 631 437 huius
680 396 837 449 capitis,
884 395 1071 449 sequitur
1116 395 1232 449 quod
1274 394 1318 433 in
1363 393 1480 433 nullo
1523 392 1594 432 tali
1645 393 1818 433 nomine

507 474 674 519 oportet
707 465 924 505 ecclesiam
956 463 1115 504 salvari.
1149 463 1358 517 Loquitur
1378 472 1520 503 autem
1544 462 1744 516 scriptura
1769 463 1819 503 de

507 535 679 574 nomine
711 535 809 574 reali
842 534 908 574 cui
941 542 1110 587 oportet
1141 533 1348 573 credendo
1382 532 1525 572 subici.

217 615 492 643 st.1³au1tea011es
565 605 760 645 Secundo
794 603 1066 644 confirmatur
1098 617 1145 643 ex
1177 611 1292 643 textu
1323 602 1504 656 apostoli
1536 601 1565 642 Ι.
1599 601 1697 642 Cor.
1721 603 1756 642 10
1781 611 1858 644 etz

216 651 582 719 {liiitiidiifrztig‘iilllO
615 673 820 727 capitulis,
852 672 925 713 ubi
956 673 1176 725 apostolus
1207 671 1349 712 recitat
1384 671 1491 711 inter
1513 672 1696 712 carnales
1719 685 1819 712 con-

227 720 438 783 Whigiei7v⁵2¹<ii¹
460 728 485 746 ¹⁵
508 757 649 783 versos
682 743 807 783 fuisse
840 742 1136 782 contenciones
1182 751 1221 782 et
1258 741 1462 783 scismata.
1522 741 1641 782 Unus
1683 741 1820 796 inquit

508 814 628 853 dicit.-
661 813 757 867 Ego
780 813 951 866 quidem
978 826 1072 852 sum
1094 812 1232 861 Pauli,
1266 825 1347 866 ego
1370 819 1512 852 autem
1535 809 1705 865 Apollo,
1740 824 1819 866 ego

505 890 644 923 autem
683 882 834 935 Cephe.
869 883 922 922 Et
952 891 1049 936 post
1081 881 1266 922 ostendit
1297 882 1415 936 quod
1455 895 1543 922 non
1594 881 1718 922 refert
1748 895 1823 935 per

504 967 688 1007 quorum
734 952 1028 1006 apostolorum
1071 952 1313 991 ministrum
1364 961 1673 1003 convertantur,
1721 965 1879 992 cum10

504 1032 643 1063 tamen
690 1023 860 1062 credant
902 1021 946 1060 in
990 1021 1317 1061 fundamentum
1361 1021 1530 1062 ecclesie
1575 1022 1690 1075 quod
1734 1035 1821 1061 non

502 1101 644 1145 potest
676 1091 779 1145 poni
811 1091 923 1131 aliud
954 1101 1089 1144 preter
1114 1091 1157 1130 id
1181 1091 1297 1145 quod
1318 1091 1510 1145 positum
1531 1100 1605 1144 est,
1630 1091 1822 1132 Christus

501 1164 633 1202 Jesus.
682 1162 799 1202 Sicut
843 1170 986 1202 autem
1030 1176 1117 1202 non
1161 1161 1285 1202 refert
1330 1176 1404 1215 per
1442 1176 1571 1215 quam
1607 1161 1820 1201 lucernam

501 1232 762 1272 illuminetur
793 1233 948 1272 domus
980 1233 1032 1271 ad
1063 1232 1144 1271 hoc
1176 1233 1293 1286 quod
1325 1232 1538 1285 operarius
1567 1230 1689 1271 faciat
1711 1244 1821 1284 opus

502 1316 629 1342 suum
666 1316 740 1355 per
783 1303 899 1356 quod
943 1302 1129 1355 acquirat
1167 1301 1439 1355 stipendium,
1483 1301 1540 1341 sic
1577 1314 1663 1340 non
1696 1299 1875 1341 refert15

501 1386 574 1425 per
611 1386 739 1426 quem
772 1371 927 1411 Christi
958 1371 1214 1423 ministrum,
1253 1372 1514 1412 sacerdotem
1549 1371 1615 1411 vel
1650 1370 1819 1422 laicum,

502 1441 751 1482 christianus
783 1441 960 1494 accipiat
991 1442 1137 1481 lumen
1168 1440 1279 1494 fidei,
1324 1450 1371 1481 ut
1402 1450 1610 1481 mereatur
1641 1441 1820 1481 salutem

500 1521 761 1565 perpetuam.
807 1513 893 1551 Nec
933 1511 1081 1551 dubito
1120 1511 1222 1565 quin
1269 1511 1410 1551 nullus
1450 1510 1605 1551 Christi
1642 1509 1820 1549 vicarius

500 1591 760 1634 presumeret
798 1594 978 1621 asserere
1010 1582 1127 1635 quod
1163 1594 1331 1621 necesse
1364 1589 1438 1632 est,
1471 1590 1517 1620 ut
1546 1580 1691 1619 lumen
1719 1578 1816 1619 fidei

501 1652 669 1692 cuilibet
702 1639 926 1692 christiano
959 1665 1033 1704 per
1062 1651 1205 1704 ipsum
1225 1650 1365 1691 veniat
1396 1659 1436 1691 et
1469 1650 1525 1691 sic
1556 1650 1687 1701 salus3
1720 1649 1817 1703 quia
1836 1667 1876 1689 20

499 1722 580 1762 hoc
613 1731 721 1762 esset
752 1722 912 1761 nedum
932 1734 1112 1761 asserere
1133 1721 1276 1774 ipsum
1299 1720 1598 1760 confirmatum
1619 1719 1662 1759 in
1683 1719 1820 1773 gracia

501 1800 540 1831 et
557 1791 758 1843 doctrina,
778 1792 849 1831 sed
871 1790 1083 1844 parificare
1105 1790 1247 1843 ipsum
1271 1804 1368 1831 cum
1387 1789 1571 1842 Christo,
1596 1803 1693 1829 cum
1710 1802 1817 1828 non-

500 1860 579 1901 nisi
610 1875 684 1914 per
714 1861 858 1914 ipsum
879 1861 992 1901 Deus
1015 1869 1160 1913 posset
1183 1860 1496 1900 communicare
1518 1859 1719 1899 virtutem
1745 1871 1817 1898 sue

500 1931 683 1973 ecclesie.

209 2007 488 2071 ξῐὲξεὶῐένῑὲιξθῶἓὲε
562 2000 714 2040 Tercio
731 2000 1004 2041 confirmatur
1018 2015 1065 2041 ex
1087 2000 1316 2053 prophecia
1331 1998 1486 2040 Christi
1502 1997 1817 2038 Matth.XXlV0
1832 2005 1857 2038 3

209 2078 382 2140 above-thel
399 2086 488 2140 ³312}ss
507 2071 544 2122 5,
579 2083 707 2124 quarn
740 2084 907 2111 necesse
940 2079 1002 2110 est
1032 2070 1210 2123 impleri.
1242 2070 1373 2110 Multi
1402 2069 1540 2122 inquit
1574 2068 1744 2109 venient
1776 2068 1817 2107 in

209 2122 282 2184 theg}
303 2121 484 2175 firrnepClffist·
502 2141 672 2181 nomine
704 2154 812 2194 meo,
846 2141 1056 2181 dicentes:
1095 2139 1192 2193 Ego
1224 2152 1318 2179 sum
1356 2138 1564 2190 Christus,
1597 2145 1637 2178 et
1667 2138 1819 2178 multos

498 2211 719 2251 seducent.
775 2210 887 2250 Cum
931 2224 1028 2263 ergo
1073 2209 1315 2263 quicunque
1354 2210 1404 2248 de
1443 2222 1485 2248 se
1523 2208 1580 2248 sic
1620 2207 1818 2261 opinatus

499 2278 621 2320 fuerit
653 2294 779 2333 supra
811 2289 978 2320 sanctos
1010 2279 1228 2332 apostolos
1261 2278 1360 2318 dicit
1388 2277 1591 2330 implicite
1613 2278 1731 2331 quod
1757 2285 1818 2316 est

499 2349 705 2402 Christus,
737 2349 902 2390 videtur
934 2350 1051 2403 quod
1083 2349 1134 2387 de
1167 2361 1424 2402 quocunque
1455 2347 1527 2387 tali
1560 2344 1624 2402 (ut
1646 2346 1817 2399 exponit
1831 2353 1873 2385 30

496 2417 780 2472 Augustinus)
818 2418 1053 2459 verificatur
1097 2417 1255 2458 Christi
1300 2416 1532 2457 necessaria
1574 2415 1814 2470 prophecia,

497 2498 536 2529 et
588 2504 661 2542 per
706 2502 983 2543 consequens,
1036 2488 1369 2542 supponendum
1418 2495 1479 2528 est
1529 2486 1814 2540 quodcunque

552 2613 577 2641 5.
602 2613 623 2640 Β
644 2614 674 2641 in
696 2622 798 2649 marg:
820 2613 841 2641 I.
865 2613 937 2642 Cor.
958 2613 981 2641 Ι.
1089 2613 1189 2640 10.16.
1210 2613 1287 2640 AB:
1310 2610 1531 2645 ministerium3
1551 2611 1608 2645 Al:
1630 2609 1813 2638 misterium.

496 2667 538 2695 19.
559 2660 603 2686 A:
634 2665 701 2688 uter
728 2660 844 2688 lumen.
969 2658 1011 2687 25.
1032 2659 1054 2686 Β
1081 2659 1111 2686 in
1138 2666 1240 2694 margt
1268 2657 1361 2687 Matli.
1382 2665 1429 2692 24.
1554 2654 1592 2684 31.
1615 2656 1636 2683 Β
1658 2656 1687 2684 in
1708 2663 1812 2691 margx

495 2706 700 2740 Augustinus.

555 2790 607 2821 31.
635 2790 700 2821 See
726 2791 816 2831 Aug.
843 2791 954 2821 Serm.
974 2789 1121 2822 CCXCII
1149 2789 1182 2820 in
1211 2788 1314 2821 natali
1340 2787 1418 2820 Joh.
1439 2788 1536 2830 Bapt.
1557 2787 1649 2830 Opp.
1667 2793 1752 2818 tom.
1771 2785 1810 2826 V,

495 2858 528 2888 p.
558 2857 586 2887 2,
613 2858 690 2890 pag.
722 2858 805 2891 1172
833 2855 866 2879 et
891 2858 990 2891 seqq.
