<?xml version="1.0" encoding="UTF-8"?>
<!DOCTYPE html PUBLIC "-//W3C//DTD XHTML 1.0 Transitional//EN"
    "http://www.w3.org/TR/xhtml1/DTD/xhtml1-transitional.dtd">
<html xmlns="http://www.w3.org/1999/xhtml" xml:lang="en" lang="en">
 <head>
  <title>
</title>
<meta http-equiv="Content-Type" content="text/html;charset=utf-8" />
  <meta name='ocr-system' content='tesseract 3.04.00' />
  <meta name='ocr-capabilities' content='ocr_page ocr_carea ocr_par ocr_line ocrx_word'/>
</head>
<body>
  <div class='ocr_page' id='page_1' title='image "./tractatusdeeccle00wycl_0127.png"; bbox 0 0 2051 3343; ppageno 0'>
   <div class='ocr_carea' id='block_1_1' title="bbox 259 238 1859 298">
    <p class='ocr_par' dir='ltr' id='par_1_1' title="bbox 259 238 1859 298">
     <span class='ocr_line' id='line_1_1' title="bbox 259 238 1859 298; baseline 0.007 -20"><span class='ocrx_word' id='word_1_1' title='bbox 259 250 348 279; x_wconf 64' lang='lat' dir='ltr'>eff.</span> <span class='ocrx_word' id='word_1_2' title='bbox 370 240 423 298; x_wconf 72' lang='grc' dir='ltr'>ν]</span> <span class='ocrx_word' id='word_1_3' title='bbox 766 253 826 285; x_wconf 84' lang='lat' dir='ltr'>DE</span> <span class='ocrx_word' id='word_1_4' title='bbox 852 252 1087 285; x_wconf 83' lang='lat' dir='ltr'>ECCLESIA.</span> <span class='ocrx_word' id='word_1_5' title='bbox 1809 238 1859 289; x_wconf 81' lang='lat'>93</span> 
     </span>
    </p>
   </div>
   <div class='ocr_carea' id='block_1_2' title="bbox 111 353 1865 1673">
    <p class='ocr_par' dir='ltr' id='par_1_2' title="bbox 111 353 1865 972">
     <span class='ocr_line' id='line_1_2' title="bbox 111 353 1865 421; baseline -0.005 -22"><span class='ocrx_word' id='word_1_6' title='bbox 111 360 370 412; x_wconf 68' lang='lat' dir='ltr'>A141⁰dunt</span> <span class='ocrx_word' id='word_1_7' title='bbox 414 358 702 412; x_wconf 89' lang='lat' dir='ltr'>particularius</span> <span class='ocrx_word' id='word_1_8' title='bbox 748 358 800 396; x_wconf 91' lang='lat' dir='ltr'>ad</span> <span class='ocrx_word' id='word_1_9' title='bbox 843 357 996 409; x_wconf 84' lang='lat' dir='ltr'>gradus</span> <span class='ocrx_word' id='word_1_10' title='bbox 1034 355 1404 406; x_wconf 84' lang='lat' dir='ltr'>universalitatum,</span> <span class='ocrx_word' id='word_1_11' title='bbox 1444 363 1484 394; x_wconf 90' lang='lat' dir='ltr'>et</span> <span class='ocrx_word' id='word_1_12' title='bbox 1515 353 1865 421; x_wconf 47' lang='lat' dir='ltr'>hiiafffftggsffssffiffy</span> 
     </span>
     <span class='ocr_line' id='line_1_3' title="bbox 262 424 1764 475; baseline -0.005 -6"><span class='ocrx_word' id='word_1_13' title='bbox 262 438 415 469; x_wconf 88' lang='lat' dir='ltr'>vocant</span> <span class='ocrx_word' id='word_1_14' title='bbox 459 429 675 469; x_wconf 91' lang='lat' dir='ltr'>ecclesiam</span> <span class='ocrx_word' id='word_1_15' title='bbox 718 429 966 468; x_wconf 89' lang='lat' dir='ltr'>Latinorum</span> <span class='ocrx_word' id='word_1_16' title='bbox 1014 427 1293 467; x_wconf 88' lang='lat' dir='ltr'>universalem</span> <span class='ocrx_word' id='word_1_17' title='bbox 1340 424 1571 475; x_wconf 86' lang='lat' dir='ltr'>ecclesiam,</span> <span class='ocrx_word' id='word_1_18' title='bbox 1674 437 1764 456; x_wconf 79' lang='lat' dir='ltr'>sense</span> 
     </span>
     <span class='ocr_line' id='line_1_4' title="bbox 261 494 1573 548; baseline -0.005 -10"><span class='ocrx_word' id='word_1_19' title='bbox 261 498 319 538; x_wconf 91' lang='lat' dir='ltr'>hii</span> <span class='ocrx_word' id='word_1_20' title='bbox 366 498 583 539; x_wconf 88' lang='lat' dir='ltr'>ecclesiam</span> <span class='ocrx_word' id='word_1_21' title='bbox 628 499 861 539; x_wconf 88' lang='lat' dir='ltr'>Grecorum</span> <span class='ocrx_word' id='word_1_22' title='bbox 902 498 969 537; x_wconf 87' lang='lat' dir='ltr'>vel</span> <span class='ocrx_word' id='word_1_23' title='bbox 1013 497 1292 548; x_wconf 82' lang='lat' dir='ltr'>Hebreorum‚</span> <span class='ocrx_word' id='word_1_24' title='bbox 1338 503 1376 534; x_wconf 89' lang='lat' dir='ltr'>et</span> <span class='ocrx_word' id='word_1_25' title='bbox 1423 494 1478 534; x_wconf 91' lang='lat' dir='ltr'>sic</span> <span class='ocrx_word' id='word_1_26' title='bbox 1523 494 1573 532; x_wconf 92' lang='lat' dir='ltr'>de</span> 
     </span>
     <span class='ocr_line' id='line_1_5' title="bbox 261 564 1574 623; baseline -0.004 -15"><span class='ocrx_word' id='word_1_27' title='bbox 261 569 350 608; x_wconf 86' lang='lat' dir='ltr'>aliis</span> <span class='ocrx_word' id='word_1_28' title='bbox 381 568 535 623; x_wconf 85' lang='lat' dir='ltr'>linguis</span> <span class='ocrx_word' id='word_1_29' title='bbox 567 577 639 609; x_wconf 87' lang='lat' dir='ltr'>aut</span> <span class='ocrx_word' id='word_1_30' title='bbox 661 568 854 622; x_wconf 87' lang='lat' dir='ltr'>gentibus</span> <span class='ocrx_word' id='word_1_31' title='bbox 877 569 928 607; x_wconf 90' lang='lat' dir='ltr'>de</span> <span class='ocrx_word' id='word_1_32' title='bbox 951 581 1132 621; x_wconf 89' lang='lat' dir='ltr'>quarum</span> <span class='ocrx_word' id='word_1_33' title='bbox 1149 565 1418 606; x_wconf 81' lang='lat' dir='ltr'>universitate</span> <span class='ocrx_word' id='word_1_34' title='bbox 1434 564 1574 605; x_wconf 87' lang='lat' dir='ltr'>solum</span> 
     </span>
     <span class='ocr_line' id='line_1_6' title="bbox 228 633 1573 690; baseline -0.007 -9"><span class='ocrx_word' id='word_1_35' title='bbox 228 638 537 681; x_wconf 89' lang='lat' dir='ltr'>5considerant.</span> <span class='ocrx_word' id='word_1_36' title='bbox 586 639 638 679; x_wconf 92' lang='lat' dir='ltr'>Et</span> <span class='ocrx_word' id='word_1_37' title='bbox 678 638 759 678; x_wconf 92' lang='lat' dir='ltr'>hoc</span> <span class='ocrx_word' id='word_1_38' title='bbox 793 637 998 690; x_wconf 87' lang='lat' dir='ltr'>contingit</span> <span class='ocrx_word' id='word_1_39' title='bbox 1028 637 1094 676; x_wconf 84' lang='lat' dir='ltr'>vel</span> <span class='ocrx_word' id='word_1_40' title='bbox 1125 650 1173 676; x_wconf 84' lang='lat' dir='ltr'>ex</span> <span class='ocrx_word' id='word_1_41' title='bbox 1202 635 1338 675; x_wconf 82' lang='lat' dir='ltr'>radice</span> <span class='ocrx_word' id='word_1_42' title='bbox 1381 633 1573 687; x_wconf 88' lang='lat' dir='ltr'>superbie</span> 
     </span>
     <span class='ocr_line' id='line_1_7' title="bbox 259 704 1573 762; baseline -0.004 -14"><span class='ocrx_word' id='word_1_43' title='bbox 259 709 324 748; x_wconf 89' lang='lat' dir='ltr'>vel</span> <span class='ocrx_word' id='word_1_44' title='bbox 354 708 606 761; x_wconf 86' lang='lat' dir='ltr'>ignorancie.</span> <span class='ocrx_word' id='word_1_45' title='bbox 653 710 762 749; x_wconf 89' lang='lat' dir='ltr'>Nam</span> <span class='ocrx_word' id='word_1_46' title='bbox 795 708 966 762; x_wconf 90' lang='lat' dir='ltr'>quidam</span> <span class='ocrx_word' id='word_1_47' title='bbox 1011 721 1059 746; x_wconf 82' lang='lat' dir='ltr'>ex</span> <span class='ocrx_word' id='word_1_48' title='bbox 1091 706 1199 746; x_wconf 89' lang='lat' dir='ltr'>fastu</span> <span class='ocrx_word' id='word_1_49' title='bbox 1231 705 1414 759; x_wconf 90' lang='lat' dir='ltr'>aspirant</span> <span class='ocrx_word' id='word_1_50' title='bbox 1457 704 1573 757; x_wconf 90' lang='lat' dir='ltr'>quod</span> 
     </span>
     <span class='ocr_line' id='line_1_8' title="bbox 259 774 1572 831; baseline -0.002 -15"><span class='ocrx_word' id='word_1_51' title='bbox 259 777 340 818; x_wconf 90' lang='lat' dir='ltr'>sint</span> <span class='ocrx_word' id='word_1_52' title='bbox 371 792 620 831; x_wconf 86' lang='lat' dir='ltr'>magnarum</span> <span class='ocrx_word' id='word_1_53' title='bbox 635 777 954 817; x_wconf 80' lang='lat' dir='ltr'>universitatum</span> <span class='ocrx_word' id='word_1_54' title='bbox 979 776 1125 830; x_wconf 80' lang='lat' dir='ltr'>capita,</span> <span class='ocrx_word' id='word_1_55' title='bbox 1160 775 1290 824; x_wconf 85' lang='lat' dir='ltr'>Quod</span> <span class='ocrx_word' id='word_1_56' title='bbox 1322 788 1407 814; x_wconf 89' lang='lat' dir='ltr'>non</span> <span class='ocrx_word' id='word_1_57' title='bbox 1431 774 1572 824; x_wconf 82' lang='lat' dir='ltr'>laudo,</span> 
     </span>
     <span class='ocr_line' id='line_1_9' title="bbox 259 843 1574 901; baseline -0.004 -14"><span class='ocrx_word' id='word_1_58' title='bbox 259 856 299 887; x_wconf 94' lang='lat' dir='ltr'>et</span> <span class='ocrx_word' id='word_1_59' title='bbox 328 847 424 887; x_wconf 87' lang='lat' dir='ltr'>hinc</span> <span class='ocrx_word' id='word_1_60' title='bbox 457 848 579 888; x_wconf 90' lang='lat' dir='ltr'>credo</span> <span class='ocrx_word' id='word_1_61' title='bbox 613 848 729 901; x_wconf 92' lang='lat' dir='ltr'>quod</span> <span class='ocrx_word' id='word_1_62' title='bbox 761 848 872 887; x_wconf 89' lang='lat' dir='ltr'>scole</span> <span class='ocrx_word' id='word_1_63' title='bbox 901 861 982 901; x_wconf 90' lang='lat' dir='ltr'>que</span> <span class='ocrx_word' id='word_1_64' title='bbox 1006 846 1109 886; x_wconf 87' lang='lat' dir='ltr'>olim</span> <span class='ocrx_word' id='word_1_65' title='bbox 1137 854 1280 885; x_wconf 87' lang='lat' dir='ltr'>vocate</span> <span class='ocrx_word' id='word_1_66' title='bbox 1303 852 1402 884; x_wconf 90' lang='lat' dir='ltr'>sunt</span> <span class='ocrx_word' id='word_1_67' title='bbox 1436 843 1574 884; x_wconf 89' lang='lat' dir='ltr'>studia</span> 
     </span>
     <span class='ocr_line' id='line_1_10' title="bbox 257 914 1572 972; baseline -0.004 -15"><span class='ocrx_word' id='word_1_68' title='bbox 257 918 464 971; x_wconf 88' lang='lat' dir='ltr'>generalia</span> <span class='ocrx_word' id='word_1_69' title='bbox 513 927 686 972; x_wconf 90' lang='lat' dir='ltr'>propter</span> <span class='ocrx_word' id='word_1_70' title='bbox 736 917 969 958; x_wconf 86' lang='lat' dir='ltr'>doctrinam</span> <span class='ocrx_word' id='word_1_71' title='bbox 1021 925 1183 970; x_wconf 89' lang='lat' dir='ltr'>septem</span> <span class='ocrx_word' id='word_1_72' title='bbox 1235 914 1406 965; x_wconf 87' lang='lat' dir='ltr'>arcium,</span> <span class='ocrx_word' id='word_1_73' title='bbox 1460 926 1572 953; x_wconf 91' lang='lat' dir='ltr'>nunc</span> 
     </span>
    </p>

    <p class='ocr_par' dir='ltr' id='par_1_3' title="bbox 165 983 1860 1673">
     <span class='ocr_line' id='line_1_11' title="bbox 205 983 1844 1047; baseline -0.004 -19"><span class='ocrx_word' id='word_1_74' title='bbox 205 1007 244 1028; x_wconf 93' lang='lat'>10</span> <span class='ocrx_word' id='word_1_75' title='bbox 260 988 455 1028; x_wconf 88' lang='lat' dir='ltr'>dicuntur</span> <span class='ocrx_word' id='word_1_76' title='bbox 505 988 808 1040; x_wconf 82' lang='lat' dir='ltr'>universitates,</span> <span class='ocrx_word' id='word_1_77' title='bbox 861 1001 960 1027; x_wconf 91' lang='lat' dir='ltr'>cum</span> <span class='ocrx_word' id='word_1_78' title='bbox 1011 986 1092 1026; x_wconf 87' lang='lat' dir='ltr'>sint</span> <span class='ocrx_word' id='word_1_79' title='bbox 1135 985 1255 1039; x_wconf 83' lang='lat' dir='ltr'>quasi</span> <span class='ocrx_word' id='word_1_80' title='bbox 1299 992 1482 1038; x_wconf 88' lang='lat' dir='ltr'>punctus</span> <span class='ocrx_word' id='word_1_81' title='bbox 1530 983 1572 1021; x_wconf 89' lang='lat' dir='ltr'>in</span> <span class='ocrx_word' id='word_1_82' title='bbox 1605 993 1637 1013; x_wconf 71' lang='lat'>²1³</span> <span class='ocrx_word' id='word_1_83' title='bbox 1659 984 1844 1047; x_wconf 45' lang='lat' dir='ltr'>Osfitlisstgiver-</span> 
     </span>
     <span class='ocr_line' id='line_1_12' title="bbox 260 1055 1571 1112; baseline -0.004 -14"><span class='ocrx_word' id='word_1_84' title='bbox 260 1058 581 1112; x_wconf 88' lang='lat' dir='ltr'>comparacione</span> <span class='ocrx_word' id='word_1_85' title='bbox 604 1060 655 1098; x_wconf 92' lang='lat' dir='ltr'>ad</span> <span class='ocrx_word' id='word_1_86' title='bbox 677 1058 859 1112; x_wconf 86' lang='lat' dir='ltr'>primam</span> <span class='ocrx_word' id='word_1_87' title='bbox 875 1057 1189 1097; x_wconf 90' lang='lat' dir='ltr'>universitatem</span> <span class='ocrx_word' id='word_1_88' title='bbox 1207 1063 1399 1097; x_wconf 83' lang='lat' dir='ltr'>creatam.</span> <span class='ocrx_word' id='word_1_89' title='bbox 1424 1055 1571 1103; x_wconf 87' lang='lat' dir='ltr'>Quan-</span> 
     </span>
     <span class='ocr_line' id='line_1_13' title="bbox 261 1125 1573 1182; baseline -0.003 -15"><span class='ocrx_word' id='word_1_90' title='bbox 261 1129 401 1182; x_wconf 88' lang='lat' dir='ltr'>doque</span> <span class='ocrx_word' id='word_1_91' title='bbox 445 1137 589 1169; x_wconf 89' lang='lat' dir='ltr'>autem</span> <span class='ocrx_word' id='word_1_92' title='bbox 636 1143 684 1169; x_wconf 80' lang='lat' dir='ltr'>ex</span> <span class='ocrx_word' id='word_1_93' title='bbox 727 1127 972 1181; x_wconf 84' lang='lat' dir='ltr'>ignorancia</span> <span class='ocrx_word' id='word_1_94' title='bbox 1014 1127 1188 1180; x_wconf 91' lang='lat' dir='ltr'>quidam</span> <span class='ocrx_word' id='word_1_95' title='bbox 1230 1133 1383 1165; x_wconf 89' lang='lat' dir='ltr'>vocant</span> <span class='ocrx_word' id='word_1_96' title='bbox 1431 1125 1573 1164; x_wconf 88' lang='lat' dir='ltr'>datam</span> 
     </span>
     <span class='ocr_line' id='line_1_14' title="bbox 165 1194 1569 1253; baseline -0.006 -11"><span class='ocrx_word' id='word_1_97' title='bbox 165 1198 549 1252; x_wconf 77' lang='lat' dir='ltr'>141¹‘particularem</span> <span class='ocrx_word' id='word_1_98' title='bbox 569 1199 594 1222; x_wconf 37' lang='grc' dir='ltr'>ᾖ</span> <span class='ocrx_word' id='word_1_99' title='bbox 616 1197 993 1253; x_wconf 81' lang='lat' dir='ltr'>congregacionem</span> <span class='ocrx_word' id='word_1_100' title='bbox 1026 1195 1303 1236; x_wconf 80' lang='lat' dir='ltr'>universalem</span> <span class='ocrx_word' id='word_1_101' title='bbox 1339 1194 1569 1246; x_wconf 86' lang='lat' dir='ltr'>ecclesiam,</span> 
     </span>
     <span class='ocr_line' id='line_1_15' title="bbox 258 1263 1860 1331; baseline -0.004 -23"><span class='ocrx_word' id='word_1_102' title='bbox 258 1283 345 1309; x_wconf 93' lang='lat' dir='ltr'>non</span> <span class='ocrx_word' id='word_1_103' title='bbox 376 1279 573 1323; x_wconf 89' lang='lat' dir='ltr'>putantes</span> <span class='ocrx_word' id='word_1_104' title='bbox 605 1283 694 1309; x_wconf 91' lang='lat' dir='ltr'>esse</span> <span class='ocrx_word' id='word_1_105' title='bbox 728 1268 945 1308; x_wconf 91' lang='lat' dir='ltr'>ecclesiam</span> <span class='ocrx_word' id='word_1_106' title='bbox 978 1266 1241 1320; x_wconf 86' lang='lat' dir='ltr'>ampliorem,</span> <span class='ocrx_word' id='word_1_107' title='bbox 1282 1273 1329 1305; x_wconf 90' lang='lat' dir='ltr'>ut</span> <span class='ocrx_word' id='word_1_108' title='bbox 1370 1264 1420 1304; x_wconf 92' lang='lat' dir='ltr'>III</span> <span class='ocrx_word' id='word_1_109' title='bbox 1464 1263 1860 1331; x_wconf 41' lang='grc' dir='ltr'>Βεθιέέξῧγὴέᾃέΐζέῖ</span> 
     </span>
     <span class='ocr_line' id='line_1_16' title="bbox 204 1333 1849 1393; baseline -0.005 -13"><span class='ocrx_word' id='word_1_110' title='bbox 204 1339 364 1391; x_wconf 82' lang='lat' dir='ltr'>15X1X‚</span> <span class='ocrx_word' id='word_1_111' title='bbox 423 1340 484 1388; x_wconf 83' lang='lat'>18,</span> <span class='ocrx_word' id='word_1_112' title='bbox 532 1339 761 1393; x_wconf 84' lang='lat' dir='ltr'>alloquitur</span> <span class='ocrx_word' id='word_1_113' title='bbox 811 1338 966 1392; x_wconf 88' lang='lat' dir='ltr'>Helyas</span> <span class='ocrx_word' id='word_1_114' title='bbox 1019 1338 1171 1388; x_wconf 83' lang='lat' dir='ltr'>Deum,</span> <span class='ocrx_word' id='word_1_115' title='bbox 1223 1334 1427 1389; x_wconf 86' lang='lat' dir='ltr'>quoniam</span> <span class='ocrx_word' id='word_1_116' title='bbox 1481 1335 1571 1386; x_wconf 78' lang='lat' dir='ltr'>ipse</span> <span class='ocrx_word' id='word_1_117' title='bbox 1594 1334 1643 1361; x_wconf 66' lang='lat'>1¹¹0</span> <span class='ocrx_word' id='word_1_118' title='bbox 1665 1333 1788 1361; x_wconf 82' lang='lat' dir='ltr'>Church</span> <span class='ocrx_word' id='word_1_119' title='bbox 1813 1334 1849 1360; x_wconf 69' lang='lat'>³5·</span> 
     </span>
     <span class='ocr_line' id='line_1_17' title="bbox 254 1403 1571 1460; baseline -0.005 -11"><span class='ocrx_word' id='word_1_120' title='bbox 254 1409 371 1449; x_wconf 83' lang='lat' dir='ltr'>solus</span> <span class='ocrx_word' id='word_1_121' title='bbox 403 1409 578 1450; x_wconf 82' lang='lat' dir='ltr'>relictus</span> <span class='ocrx_word' id='word_1_122' title='bbox 611 1415 674 1449; x_wconf 81' lang='lat' dir='ltr'>est</span> <span class='ocrx_word' id='word_1_123' title='bbox 705 1407 838 1448; x_wconf 90' lang='lat' dir='ltr'>fidelis</span> <span class='ocrx_word' id='word_1_124' title='bbox 876 1407 917 1446; x_wconf 92' lang='lat' dir='ltr'>in</span> <span class='ocrx_word' id='word_1_125' title='bbox 940 1406 1119 1460; x_wconf 85' lang='lat' dir='ltr'>populo,</span> <span class='ocrx_word' id='word_1_126' title='bbox 1161 1413 1201 1444; x_wconf 88' lang='lat' dir='ltr'>et</span> <span class='ocrx_word' id='word_1_127' title='bbox 1232 1413 1374 1444; x_wconf 90' lang='lat' dir='ltr'>tamen</span> <span class='ocrx_word' id='word_1_128' title='bbox 1412 1403 1571 1443; x_wconf 84' lang='lat' dir='ltr'>audivit</span> 
     </span>
     <span class='ocr_line' id='line_1_18' title="bbox 255 1473 1568 1533; baseline -0.005 -14"><span class='ocrx_word' id='word_1_129' title='bbox 255 1480 447 1520; x_wconf 80' lang='lat' dir='ltr'>divinum</span> <span class='ocrx_word' id='word_1_130' title='bbox 480 1492 737 1533; x_wconf 75' lang='lat' dir='ltr'>responsum</span> <span class='ocrx_word' id='word_1_131' title='bbox 772 1478 888 1532; x_wconf 91' lang='lat' dir='ltr'>quod</span> <span class='ocrx_word' id='word_1_132' title='bbox 919 1477 1040 1516; x_wconf 80' lang='lat' dir='ltr'>Deus</span> <span class='ocrx_word' id='word_1_133' title='bbox 1078 1475 1251 1528; x_wconf 82' lang='lat' dir='ltr'>reliquit</span> <span class='ocrx_word' id='word_1_134' title='bbox 1287 1473 1369 1514; x_wconf 82' lang='lat' dir='ltr'>sibi</span> <span class='ocrx_word' id='word_1_135' title='bbox 1408 1479 1568 1525; x_wconf 80' lang='lat' dir='ltr'>septem</span> 
     </span>
     <span class='ocr_line' id='line_1_19' title="bbox 253 1540 1573 1603; baseline -0.005 -15"><span class='ocrx_word' id='word_1_136' title='bbox 253 1550 388 1590; x_wconf 77' lang='lat' dir='ltr'>millia</span> <span class='ocrx_word' id='word_1_137' title='bbox 429 1550 503 1603; x_wconf 81' lang='lat' dir='ltr'>qui</span> <span class='ocrx_word' id='word_1_138' title='bbox 548 1562 632 1590; x_wconf 88' lang='lat' dir='ltr'>non</span> <span class='ocrx_word' id='word_1_139' title='bbox 685 1554 975 1590; x_wconf 78' lang='lat' dir='ltr'>curvaverunt</span> <span class='ocrx_word' id='word_1_140' title='bbox 1019 1551 1165 1601; x_wconf 77' lang='lat' dir='ltr'>genua</span> <span class='ocrx_word' id='word_1_141' title='bbox 1203 1550 1301 1584; x_wconf 76' lang='lat' dir='ltr'>ante</span> <span class='ocrx_word' id='word_1_142' title='bbox 1344 1543 1460 1583; x_wconf 81' lang='grc' dir='ltr'><em>Βααῖ</em></span> <span class='ocrx_word' id='word_1_143' title='bbox 1507 1540 1573 1597; x_wconf 84' lang='lat' dir='ltr'>(ut</span> 
     </span>
     <span class='ocr_line' id='line_1_20' title="bbox 253 1617 735 1673; baseline 0.002 -14"><span class='ocrx_word' id='word_1_144' title='bbox 253 1619 451 1660; x_wconf 89' lang='lat' dir='ltr'>meminit</span> <span class='ocrx_word' id='word_1_145' title='bbox 483 1617 735 1673; x_wconf 83' lang='lat' dir='ltr'>apostolus).</span> 
     </span>
    </p>
   </div>
   <div class='ocr_carea' id='block_1_3' title="bbox 204 1681 1863 1746">
    <p class='ocr_par' dir='ltr' id='par_1_4' title="bbox 204 1681 1863 1746">
     <span class='ocr_line' id='line_1_21' title="bbox 204 1681 1863 1746; baseline -0.007 -16"><span class='ocrx_word' id='word_1_146' title='bbox 204 1702 238 1736; x_wconf 88' lang='grc' dir='ltr'>Β</span> <span class='ocrx_word' id='word_1_147' title='bbox 311 1689 376 1729; x_wconf 86' lang='lat' dir='ltr'>Sic</span> <span class='ocrx_word' id='word_1_148' title='bbox 391 1689 564 1743; x_wconf 89' lang='lat' dir='ltr'>quidam</span> <span class='ocrx_word' id='word_1_149' title='bbox 587 1688 763 1729; x_wconf 87' lang='lat' dir='ltr'>maniaci</span> <span class='ocrx_word' id='word_1_150' title='bbox 780 1696 931 1742; x_wconf 90' lang='lat' dir='ltr'>putant</span> <span class='ocrx_word' id='word_1_151' title='bbox 946 1687 1062 1741; x_wconf 90' lang='lat' dir='ltr'>quod</span> <span class='ocrx_word' id='word_1_152' title='bbox 1078 1699 1164 1725; x_wconf 91' lang='lat' dir='ltr'>non</span> <span class='ocrx_word' id='word_1_153' title='bbox 1179 1685 1230 1726; x_wconf 93' lang='lat' dir='ltr'>sit</span> <span class='ocrx_word' id='word_1_154' title='bbox 1245 1684 1377 1725; x_wconf 90' lang='lat' dir='ltr'>fidelis</span> <span class='ocrx_word' id='word_1_155' title='bbox 1393 1683 1435 1722; x_wconf 90' lang='lat' dir='ltr'>in</span> <span class='ocrx_word' id='word_1_156' title='bbox 1453 1681 1570 1723; x_wconf 89' lang='lat' dir='ltr'>terris</span> <span class='ocrx_word' id='word_1_157' title='bbox 1586 1684 1657 1746; x_wconf 42' lang='lat'>223</span> <span class='ocrx_word' id='word_1_158' title='bbox 1674 1683 1863 1746; x_wconf 43' lang='lat' dir='ltr'>Stffirsslekmtffi}</span> 
     </span>
    </p>
   </div>
   <div class='ocr_carea' id='block_1_4' title="bbox 196 1752 1863 2515">
    <p class='ocr_par' dir='ltr' id='par_1_5' title="bbox 196 1752 1863 2515">
     <span class='ocr_line' id='line_1_22' title="bbox 253 1752 1863 1824; baseline -0.006 -26"><span class='ocrx_word' id='word_1_159' title='bbox 253 1759 330 1799; x_wconf 90' lang='lat' dir='ltr'>nisi</span> <span class='ocrx_word' id='word_1_160' title='bbox 363 1760 414 1800; x_wconf 83' lang='lat' dir='ltr'>sit</span> <span class='ocrx_word' id='word_1_161' title='bbox 446 1761 501 1800; x_wconf 86' lang='lat' dir='ltr'>eis</span> <span class='ocrx_word' id='word_1_162' title='bbox 526 1759 763 1800; x_wconf 87' lang='lat' dir='ltr'>seculariter</span> <span class='ocrx_word' id='word_1_163' title='bbox 795 1758 1017 1810; x_wconf 81' lang='lat' dir='ltr'>subiectus,</span> <span class='ocrx_word' id='word_1_164' title='bbox 1051 1770 1150 1797; x_wconf 88' lang='lat' dir='ltr'>cum</span> <span class='ocrx_word' id='word_1_165' title='bbox 1181 1764 1322 1795; x_wconf 84' lang='lat' dir='ltr'>tamen</span> <span class='ocrx_word' id='word_1_166' title='bbox 1355 1762 1434 1793; x_wconf 88' lang='lat' dir='ltr'>stat</span> <span class='ocrx_word' id='word_1_167' title='bbox 1456 1752 1572 1806; x_wconf 90' lang='lat' dir='ltr'>quod</span> <span class='ocrx_word' id='word_1_168' title='bbox 1586 1754 1863 1824; x_wconf 46' lang='lat' dir='ltr'>50e¹¹c¹tystg¹r&lt;³eisinstt¹rkl&gt;g</span> 
     </span>
     <span class='ocr_line' id='line_1_23' title="bbox 253 1822 1766 1884; baseline -0.005 -16"><span class='ocrx_word' id='word_1_169' title='bbox 253 1829 335 1870; x_wconf 88' lang='lat' dir='ltr'>sint</span> <span class='ocrx_word' id='word_1_170' title='bbox 368 1830 501 1870; x_wconf 91' lang='lat' dir='ltr'>multe</span> <span class='ocrx_word' id='word_1_171' title='bbox 522 1838 665 1884; x_wconf 85' lang='lat' dir='ltr'>gentes</span> <span class='ocrx_word' id='word_1_172' title='bbox 687 1829 831 1882; x_wconf 86' lang='lat' dir='ltr'>ignote</span> <span class='ocrx_word' id='word_1_173' title='bbox 862 1827 1016 1881; x_wconf 83' lang='lat' dir='ltr'>linguis</span> <span class='ocrx_word' id='word_1_174' title='bbox 1043 1826 1202 1880; x_wconf 90' lang='lat' dir='ltr'>priores</span> <span class='ocrx_word' id='word_1_175' title='bbox 1234 1824 1313 1864; x_wconf 91' lang='lat' dir='ltr'>illis</span> <span class='ocrx_word' id='word_1_176' title='bbox 1337 1824 1379 1863; x_wconf 89' lang='lat' dir='ltr'>in</span> <span class='ocrx_word' id='word_1_177' title='bbox 1402 1822 1573 1863; x_wconf 88' lang='lat' dir='ltr'>ecclesia</span> <span class='ocrx_word' id='word_1_178' title='bbox 1682 1823 1766 1851; x_wconf 68' lang='lat' dir='ltr'>faith-</span> 
     </span>
     <span class='ocr_line' id='line_1_24' title="bbox 253 1893 1571 1952; baseline -0.006 -12"><span class='ocrx_word' id='word_1_179' title='bbox 253 1908 391 1940; x_wconf 89' lang='lat' dir='ltr'>sancta</span> <span class='ocrx_word' id='word_1_180' title='bbox 400 1899 489 1941; x_wconf 90' lang='lat' dir='ltr'>Dei.</span> <span class='ocrx_word' id='word_1_181' title='bbox 500 1900 683 1950; x_wconf 88' lang='lat' dir='ltr'>Quando</span> <span class='ocrx_word' id='word_1_182' title='bbox 696 1913 794 1952; x_wconf 82' lang='lat' dir='ltr'>ergo</span> <span class='ocrx_word' id='word_1_183' title='bbox 810 1899 1001 1938; x_wconf 90' lang='lat' dir='ltr'>doctores</span> <span class='ocrx_word' id='word_1_184' title='bbox 1015 1897 1072 1936; x_wconf 89' lang='lat' dir='ltr'>sic</span> <span class='ocrx_word' id='word_1_185' title='bbox 1086 1896 1319 1950; x_wconf 91' lang='lat' dir='ltr'>loquuntur</span> <span class='ocrx_word' id='word_1_186' title='bbox 1333 1908 1380 1934; x_wconf 83' lang='lat' dir='ltr'>ex</span> <span class='ocrx_word' id='word_1_187' title='bbox 1395 1893 1571 1933; x_wconf 89' lang='lat' dir='ltr'>circum-</span> 
     </span>
     <span class='ocr_line' id='line_1_25' title="bbox 253 1963 1572 2023; baseline -0.005 -14"><span class='ocrx_word' id='word_1_188' title='bbox 253 1970 433 2022; x_wconf 81' lang='lat' dir='ltr'>stanciis,</span> <span class='ocrx_word' id='word_1_189' title='bbox 453 1979 593 2023; x_wconf 86' lang='lat' dir='ltr'>potest</span> <span class='ocrx_word' id='word_1_190' title='bbox 616 1968 819 2023; x_wconf 90' lang='lat' dir='ltr'>perpendi</span> <span class='ocrx_word' id='word_1_191' title='bbox 852 1966 1189 2022; x_wconf 87' lang='lat' dir='ltr'>equivocacionis</span> <span class='ocrx_word' id='word_1_192' title='bbox 1209 1979 1281 2005; x_wconf 90' lang='lat' dir='ltr'>sue</span> <span class='ocrx_word' id='word_1_193' title='bbox 1309 1963 1507 2014; x_wconf 84' lang='lat' dir='ltr'>deteccio,</span> <span class='ocrx_word' id='word_1_194' title='bbox 1525 1971 1572 2003; x_wconf 92' lang='lat' dir='ltr'>ut</span> 
     </span>
     <span class='ocr_line' id='line_1_26' title="bbox 197 2033 1572 2094; baseline -0.007 -13"><span class='ocrx_word' id='word_1_195' title='bbox 197 2051 237 2083; x_wconf 85' lang='lat'>25</span> <span class='ocrx_word' id='word_1_196' title='bbox 252 2041 443 2080; x_wconf 83' lang='lat' dir='ltr'>vocando</span> <span class='ocrx_word' id='word_1_197' title='bbox 459 2041 709 2094; x_wconf 88' lang='lat' dir='ltr'>episcopum</span> <span class='ocrx_word' id='word_1_198' title='bbox 726 2040 970 2079; x_wconf 87' lang='lat' dir='ltr'>Romanum</span> <span class='ocrx_word' id='word_1_199' title='bbox 993 2045 1118 2090; x_wconf 88' lang='lat' dir='ltr'>caput</span> <span class='ocrx_word' id='word_1_200' title='bbox 1138 2034 1382 2076; x_wconf 82' lang='lat' dir='ltr'>universalis</span> <span class='ocrx_word' id='word_1_201' title='bbox 1403 2033 1572 2074; x_wconf 89' lang='lat' dir='ltr'>ecclesie</span> 
     </span>
     <span class='ocr_line' id='line_1_27' title="bbox 253 2105 1572 2164; baseline -0.005 -16"><span class='ocrx_word' id='word_1_202' title='bbox 253 2109 497 2163; x_wconf 85' lang='lat' dir='ltr'>intelligitur</span> <span class='ocrx_word' id='word_1_203' title='bbox 528 2111 644 2164; x_wconf 90' lang='lat' dir='ltr'>quod</span> <span class='ocrx_word' id='word_1_204' title='bbox 657 2110 708 2150; x_wconf 91' lang='lat' dir='ltr'>sit</span> <span class='ocrx_word' id='word_1_205' title='bbox 729 2117 854 2162; x_wconf 89' lang='lat' dir='ltr'>caput</span> <span class='ocrx_word' id='word_1_206' title='bbox 883 2116 994 2148; x_wconf 86' lang='lat' dir='ltr'>tante</span> <span class='ocrx_word' id='word_1_207' title='bbox 1014 2106 1161 2146; x_wconf 88' lang='lat' dir='ltr'>Latine</span> <span class='ocrx_word' id='word_1_208' title='bbox 1182 2105 1350 2145; x_wconf 88' lang='lat' dir='ltr'>ecclesie</span> <span class='ocrx_word' id='word_1_209' title='bbox 1370 2112 1572 2158; x_wconf 89' lang='lat' dir='ltr'>quantam</span> 
     </span>
     <span class='ocr_line' id='line_1_28' title="bbox 253 2173 1571 2233; baseline -0.006 -14"><span class='ocrx_word' id='word_1_210' title='bbox 253 2179 366 2232; x_wconf 77' lang='lat' dir='ltr'>regit.</span> <span class='ocrx_word' id='word_1_211' title='bbox 415 2180 546 2228; x_wconf 86' lang='lat' dir='ltr'>Quod</span> <span class='ocrx_word' id='word_1_212' title='bbox 576 2179 808 2233; x_wconf 87' lang='lat' dir='ltr'>reputative</span> <span class='ocrx_word' id='word_1_213' title='bbox 838 2177 902 2217; x_wconf 85' lang='lat' dir='ltr'>vel</span> <span class='ocrx_word' id='word_1_214' title='bbox 938 2175 1199 2230; x_wconf 86' lang='lat' dir='ltr'>suppositive</span> <span class='ocrx_word' id='word_1_215' title='bbox 1231 2183 1370 2228; x_wconf 89' lang='lat' dir='ltr'>potest</span> <span class='ocrx_word' id='word_1_216' title='bbox 1409 2173 1490 2213; x_wconf 92' lang='lat' dir='ltr'>dici</span> <span class='ocrx_word' id='word_1_217' title='bbox 1521 2173 1571 2211; x_wconf 91' lang='lat' dir='ltr'>de</span> 
     </span>
     <span class='ocr_line' id='line_1_29' title="bbox 253 2243 1572 2303; baseline -0.006 -14"><span class='ocrx_word' id='word_1_218' title='bbox 253 2263 509 2303; x_wconf 89' lang='lat' dir='ltr'>quocunque</span> <span class='ocrx_word' id='word_1_219' title='bbox 524 2251 722 2289; x_wconf 86' lang='lat' dir='ltr'>Romano</span> <span class='ocrx_word' id='word_1_220' title='bbox 738 2247 937 2302; x_wconf 85' lang='lat' dir='ltr'>pontifice</span> <span class='ocrx_word' id='word_1_221' title='bbox 957 2246 1073 2287; x_wconf 85' lang='lat' dir='ltr'>cuius</span> <span class='ocrx_word' id='word_1_222' title='bbox 1090 2259 1217 2299; x_wconf 88' lang='lat' dir='ltr'>opera</span> <span class='ocrx_word' id='word_1_223' title='bbox 1239 2243 1403 2298; x_wconf 85' lang='lat' dir='ltr'>papalia</span> <span class='ocrx_word' id='word_1_224' title='bbox 1425 2243 1476 2283; x_wconf 92' lang='lat' dir='ltr'>ad</span> <span class='ocrx_word' id='word_1_225' title='bbox 1491 2243 1572 2282; x_wconf 87' lang='lat' dir='ltr'>hoc</span> 
     </span>
     <span class='ocr_line' id='line_1_30' title="bbox 254 2308 1842 2383; baseline -0.005 -25"><span class='ocrx_word' id='word_1_226' title='bbox 254 2328 438 2359; x_wconf 90' lang='lat' dir='ltr'>movent.</span> <span class='ocrx_word' id='word_1_227' title='bbox 463 2320 543 2359; x_wconf 89' lang='lat' dir='ltr'>Sed</span> <span class='ocrx_word' id='word_1_228' title='bbox 557 2333 609 2360; x_wconf 90' lang='lat' dir='ltr'>ne</span> <span class='ocrx_word' id='word_1_229' title='bbox 631 2317 962 2360; x_wconf 86' lang='lat' dir='ltr'>laboraverimin</span> <span class='ocrx_word' id='word_1_230' title='bbox 977 2317 1063 2357; x_wconf 91' lang='lat' dir='ltr'>istis</span> <span class='ocrx_word' id='word_1_231' title='bbox 1087 2313 1415 2370; x_wconf 65' lang='lat' dir='ltr'>eq11ivoci871imi</span> <span class='ocrx_word' id='word_1_232' title='bbox 1441 2313 1502 2353; x_wconf 64' lang='lat' dir='ltr'>avi</span> <span class='ocrx_word' id='word_1_233' title='bbox 1521 2313 1573 2352; x_wconf 89' lang='lat' dir='ltr'>ad</span> <span class='ocrx_word' id='word_1_234' title='bbox 1602 2308 1842 2383; x_wconf 46' lang='grc' dir='ltr'>ἵὲξῌξὲᾗᾶῗΐὲῂὶξ</span> 
     </span>
     <span class='ocr_line' id='line_1_31' title="bbox 196 2381 1791 2442; baseline -0.008 -9"><span class='ocrx_word' id='word_1_235' title='bbox 196 2399 239 2433; x_wconf 87' lang='lat'>30</span> <span class='ocrx_word' id='word_1_236' title='bbox 254 2390 531 2432; x_wconf 89' lang='lat' dir='ltr'>universalem</span> <span class='ocrx_word' id='word_1_237' title='bbox 554 2390 783 2442; x_wconf 87' lang='lat' dir='ltr'>ecclesiam,</span> <span class='ocrx_word' id='word_1_238' title='bbox 817 2388 1056 2428; x_wconf 86' lang='lat' dir='ltr'>distinctam</span> <span class='ocrx_word' id='word_1_239' title='bbox 1087 2394 1232 2426; x_wconf 88' lang='lat' dir='ltr'>contra</span> <span class='ocrx_word' id='word_1_240' title='bbox 1263 2384 1570 2438; x_wconf 83' lang='lat' dir='ltr'>particularem,</span> <span class='ocrx_word' id='word_1_241' title='bbox 1637 2381 1791 2409; x_wconf 71' lang='lat' dir='ltr'>universa}</span> 
     </span>
     <span class='ocr_line' id='line_1_32' title="bbox 254 2453 1571 2515; baseline -0.008 -13"><span class='ocrx_word' id='word_1_242' title='bbox 254 2475 336 2514; x_wconf 91' lang='lat' dir='ltr'>que</span> <span class='ocrx_word' id='word_1_243' title='bbox 352 2461 524 2515; x_wconf 90' lang='lat' dir='ltr'>quidem</span> <span class='ocrx_word' id='word_1_244' title='bbox 540 2460 783 2501; x_wconf 84' lang='lat' dir='ltr'>universalis</span> <span class='ocrx_word' id='word_1_245' title='bbox 804 2467 864 2499; x_wconf 92' lang='lat' dir='ltr'>est</span> <span class='ocrx_word' id='word_1_246' title='bbox 882 2458 1018 2509; x_wconf 84' lang='lat' dir='ltr'>unica,</span> <span class='ocrx_word' id='word_1_247' title='bbox 1034 2457 1191 2496; x_wconf 85' lang='lat' dir='ltr'>habens</span> <span class='ocrx_word' id='word_1_248' title='bbox 1207 2469 1354 2495; x_wconf 89' lang='lat' dir='ltr'>omnes</span> <span class='ocrx_word' id='word_1_249' title='bbox 1369 2453 1468 2493; x_wconf 89' lang='lat' dir='ltr'>alias</span> <span class='ocrx_word' id='word_1_250' title='bbox 1484 2453 1571 2492; x_wconf 91' lang='lat' dir='ltr'>eius</span> 
     </span>
    </p>
   </div>
   <div class='ocr_carea' id='block_1_5' title="bbox 253 2524 1570 2585">
    <p class='ocr_par' dir='ltr' id='par_1_6' title="bbox 253 2524 1570 2585">
     <span class='ocr_line' id='line_1_33' title="bbox 253 2524 1570 2585; baseline -0.006 -16"><span class='ocrx_word' id='word_1_251' title='bbox 253 2539 402 2583; x_wconf 82' lang='lat' dir='ltr'>parteS.</span> <span class='ocrx_word' id='word_1_252' title='bbox 435 2531 546 2571; x_wconf 87' lang='lat' dir='ltr'>Nam</span> <span class='ocrx_word' id='word_1_253' title='bbox 578 2528 644 2585; x_wconf 83' lang='lat' dir='ltr'>(ut</span> <span class='ocrx_word' id='word_1_254' title='bbox 675 2529 838 2570; x_wconf 88' lang='lat' dir='ltr'>ostendi</span> <span class='ocrx_word' id='word_1_255' title='bbox 872 2526 1076 2581; x_wconf 80' lang='lat' dir='ltr'>superius,</span> <span class='ocrx_word' id='word_1_256' title='bbox 1110 2539 1199 2578; x_wconf 88' lang='lat' dir='ltr'>cap.</span> <span class='ocrx_word' id='word_1_257' title='bbox 1233 2524 1285 2580; x_wconf 92' lang='lat' dir='ltr'>II)</span> <span class='ocrx_word' id='word_1_258' title='bbox 1320 2532 1417 2564; x_wconf 91' lang='lat' dir='ltr'>sunt</span> <span class='ocrx_word' id='word_1_259' title='bbox 1439 2524 1570 2562; x_wconf 91' lang='lat' dir='ltr'>multe</span> 
     </span>
    </p>
   </div>
   <div class='ocr_carea' id='block_1_6' title="bbox 253 2659 1570 2797">
    <p class='ocr_par' dir='ltr' id='par_1_7' title="bbox 253 2659 1570 2797">
     <span class='ocr_line' id='line_1_34' title="bbox 309 2659 1570 2700; baseline -0.006 -6"><span class='ocrx_word' id='word_1_260' title='bbox 309 2674 335 2696; x_wconf 85' lang='lat'>2.</span> <span class='ocrx_word' id='word_1_261' title='bbox 350 2666 390 2694; x_wconf 79' lang='lat' dir='ltr'>B:</span> <span class='ocrx_word' id='word_1_262' title='bbox 412 2671 443 2694; x_wconf 87' lang='lat' dir='ltr'>ut</span> <span class='ocrx_word' id='word_1_263' title='bbox 458 2667 535 2695; x_wconf 85' lang='lat' dir='ltr'>bene</span> <span class='ocrx_word' id='word_1_264' title='bbox 548 2670 670 2694; x_wconf 84' lang='lat' dir='ltr'>vocant.</span> <span class='ocrx_word' id='word_1_265' title='bbox 779 2674 809 2700; x_wconf 90' lang='lat'>4.</span> <span class='ocrx_word' id='word_1_266' title='bbox 843 2665 880 2692; x_wconf 85' lang='lat' dir='ltr'>de</span> <span class='ocrx_word' id='word_1_267' title='bbox 900 2670 1048 2700; x_wconf 89' lang='lat' dir='ltr'>quorum:</span> <span class='ocrx_word' id='word_1_268' title='bbox 1070 2662 1101 2690; x_wconf 88' lang='lat' dir='ltr'>in</span> <span class='ocrx_word' id='word_1_269' title='bbox 1123 2661 1215 2689; x_wconf 82' lang='lat' dir='ltr'>codd.</span> <span class='ocrx_word' id='word_1_270' title='bbox 1325 2661 1352 2688; x_wconf 89' lang='lat'>6.</span> <span class='ocrx_word' id='word_1_271' title='bbox 1375 2668 1401 2696; x_wconf 92' lang='lat'>7.</span> <span class='ocrx_word' id='word_1_272' title='bbox 1424 2659 1464 2687; x_wconf 88' lang='lat' dir='ltr'>B:</span> <span class='ocrx_word' id='word_1_273' title='bbox 1486 2659 1570 2695; x_wconf 90' lang='lat' dir='ltr'>quod</span> 
     </span>
     <span class='ocr_line' id='line_1_35' title="bbox 253 2708 1569 2750; baseline -0.007 -9"><span class='ocrx_word' id='word_1_274' title='bbox 253 2714 340 2741; x_wconf 80' lang='lat' dir='ltr'>sicut.</span> <span class='ocrx_word' id='word_1_275' title='bbox 440 2721 478 2740; x_wconf 86' lang='lat'>21.</span> <span class='ocrx_word' id='word_1_276' title='bbox 499 2721 545 2741; x_wconf 88' lang='lat'>22.</span> <span class='ocrx_word' id='word_1_277' title='bbox 561 2713 600 2740; x_wconf 82' lang='lat' dir='ltr'>ss:</span> <span class='ocrx_word' id='word_1_278' title='bbox 622 2714 707 2750; x_wconf 87' lang='lat' dir='ltr'>quod</span> <span class='ocrx_word' id='word_1_279' title='bbox 728 2714 824 2748; x_wconf 89' lang='lat' dir='ltr'>sicut;</span> <span class='ocrx_word' id='word_1_280' title='bbox 845 2712 885 2740; x_wconf 89' lang='lat' dir='ltr'>ib.</span> <span class='ocrx_word' id='word_1_281' title='bbox 908 2712 946 2739; x_wconf 89' lang='lat' dir='ltr'>B:</span> <span class='ocrx_word' id='word_1_282' title='bbox 968 2711 1073 2746; x_wconf 82' lang='lat' dir='ltr'>ignote</span> <span class='ocrx_word' id='word_1_283' title='bbox 1086 2709 1201 2745; x_wconf 85' lang='lat' dir='ltr'>lingue.</span> <span class='ocrx_word' id='word_1_284' title='bbox 1292 2708 1333 2735; x_wconf 76' lang='lat'>23.</span> <span class='ocrx_word' id='word_1_285' title='bbox 1354 2708 1383 2734; x_wconf 90' lang='lat' dir='ltr'>A</span> <span class='ocrx_word' id='word_1_286' title='bbox 1403 2708 1434 2735; x_wconf 82' lang='lat' dir='ltr'>in</span> <span class='ocrx_word' id='word_1_287' title='bbox 1456 2714 1569 2741; x_wconf 60' lang='lat' dir='ltr'>marg:</span> 
     </span>
     <span class='ocr_line' id='line_1_36' title="bbox 254 2760 875 2797; baseline 0 -10"><span class='ocrx_word' id='word_1_288' title='bbox 254 2760 334 2796; x_wconf 78' lang='lat' dir='ltr'>Papa</span> <span class='ocrx_word' id='word_1_289' title='bbox 356 2762 517 2796; x_wconf 88' lang='lat' dir='ltr'>quomodo</span> <span class='ocrx_word' id='word_1_290' title='bbox 543 2765 590 2789; x_wconf 83' lang='lat' dir='ltr'>est</span> <span class='ocrx_word' id='word_1_291' title='bbox 613 2766 707 2797; x_wconf 87' lang='lat' dir='ltr'>caput</span> <span class='ocrx_word' id='word_1_292' title='bbox 734 2760 875 2789; x_wconf 85' lang='lat' dir='ltr'>ecclesie.</span> 
     </span>
    </p>
   </div>
   <div class='ocr_carea' id='block_1_7' title="bbox 319 2872 1570 2921">
    <p class='ocr_par' dir='ltr' id='par_1_8' title="bbox 319 2872 1570 2921">
     <span class='ocr_line' id='line_1_37' title="bbox 319 2872 1570 2921; baseline -0.008 -8"><span class='ocrx_word' id='word_1_293' title='bbox 319 2881 371 2913; x_wconf 70' lang='lat'>18.</span> <span class='ocrx_word' id='word_1_294' title='bbox 398 2881 505 2912; x_wconf 84' lang='lat' dir='ltr'>Millia</span> <span class='ocrx_word' id='word_1_295' title='bbox 530 2880 696 2921; x_wconf 84' lang='lat' dir='ltr'>virorum,</span> <span class='ocrx_word' id='word_1_296' title='bbox 723 2879 764 2912; x_wconf 87' lang='lat' dir='ltr'>cf.</span> <span class='ocrx_word' id='word_1_297' title='bbox 783 2880 822 2911; x_wconf 87' lang='lat' dir='ltr'>Ill</span> <span class='ocrx_word' id='word_1_298' title='bbox 843 2879 927 2920; x_wconf 82' lang='lat' dir='ltr'>Reg.</span> <span class='ocrx_word' id='word_1_299' title='bbox 944 2878 1032 2918; x_wconf 85' lang='lat' dir='ltr'>XIX,</span> <span class='ocrx_word' id='word_1_300' title='bbox 1055 2875 1111 2909; x_wconf 80' lang='lat'>18:</span> <span class='ocrx_word' id='word_1_301' title='bbox 1132 2875 1173 2907; x_wconf 88' lang='lat' dir='ltr'>cf.</span> <span class='ocrx_word' id='word_1_302' title='bbox 1194 2875 1247 2907; x_wconf 90' lang='lat' dir='ltr'>Ad</span> <span class='ocrx_word' id='word_1_303' title='bbox 1267 2875 1369 2906; x_wconf 88' lang='lat' dir='ltr'>Rom.</span> <span class='ocrx_word' id='word_1_304' title='bbox 1394 2873 1449 2913; x_wconf 81' lang='lat' dir='ltr'>XI,</span> <span class='ocrx_word' id='word_1_305' title='bbox 1489 2872 1516 2904; x_wconf 80' lang='lat'>3.</span> <span class='ocrx_word' id='word_1_306' title='bbox 1537 2882 1570 2912; x_wconf 90' lang='lat'>4.</span> 
     </span>
    </p>
   </div>
  </div>
 </body>
</html>
