2051 3273
191 203 270 243 558
917 211 1140 244 JOHANNIS
1167 210 1360 244 WYCLIF.
1560 198 1665 256 [CAP.
1680 208 1788 237 xxm.

189 318 596 388 Τιέἑξῑζΐὲςὲιῐηίεὲεῃ.οἱςυοά
620 318 699 356 hoc
716 317 890 370 intelligi
906 325 1047 369 potest
1071 316 1305 368 tripliciter,
1332 316 1470 368 primo
1500 316 1792 368 participative
1810 325 1892 369 2041>
1909 327 1941 360 Ε

190 404 211 423 ¹-
232 396 466 464 3ξὲξῖῇὸἶὲἒᾶ
481 387 778 427 satisfaciendo
813 400 888 439 pro
921 400 998 426 suo
1023 394 1236 433 contento,
1264 385 1450 425 secundo
1486 385 1670 425 iuvative
1694 398 1791 424 con-

190 465 448 527 Q'Wgesstgarghe
481 457 695 496 causando
736 465 870 496 totam
913 455 1252 496 satisfaccionem
1293 455 1333 494 in
1368 455 1543 494 omnino
1584 455 1715 494 altero
1754 463 1794 493 et

238 534 466 596 {¹3¹p550‘ff522‘
481 526 610 566 tercio
644 540 719 580 per
752 540 794 566 se
823 527 912 566 sine
937 539 1146 565 concursu
1181 524 1351 564 alterius
1386 524 1683 564 satisfaciendo
1717 537 1793 576 pro

191 637 205 666 3
238 608 353 667 &7512oe
391 646 450 665 one
481 605 573 636 toto
618 596 778 636 debito.
835 595 1087 648 Exemplum
1137 595 1260 648 primi
1311 603 1371 634 est
1414 595 1456 633 in
1497 593 1826 647 assumpcione5

239 673 629 744 emsissgigfiessornature
677 666 865 705 humane
911 678 985 718 per
1031 664 1251 704 Christum
1299 664 1340 703 in
1388 672 1552 703 attomo
1598 673 1637 703 et
1683 677 1793 703 com-

239 743 376 770 another-
482 736 673 789 plecione
721 735 1010 786 primiciarum
1053 734 1190 773 tocius
1237 734 1367 773 debiti
1416 734 1592 773 humani
1632 733 1795 786 generis

483 820 558 858 pro
592 815 781 859 peccato,
816 805 1071 857 Exemplum
1098 804 1271 843 secundi
1306 812 1366 843 est
1392 804 1612 857 quomodo
1637 804 1792 844 nedum

483 876 679 915 Christus
725 875 798 914 sed
839 875 918 914 alia
958 875 1149 914 membra
1190 874 1337 912 iuvant
1377 874 1426 912 ad
1467 874 1635 926 plenam
1676 873 1796 913 satis-

482 946 716 986 faccionem
751 943 1034 996 confratrum3
1061 953 1100 983 et
1123 944 1254 983 tercio
1288 944 1418 982 modo
1452 956 1562 982 unus
1597 942 1798 982 satisfacit
1819 965 1855 986 10

484 1030 560 1068 pro
602 1015 747 1055 debito
789 1014 1033 1067 particulari
1079 1013 1250 1054 alterius
1296 1013 1538 1066 particulari
1583 1012 1797 1052 creditori.

484 1086 527 1125 ln
548 1096 726 1139 utraque
746 1086 981 1139 primarum
998 1083 1343 1124 satisfaccionum
1368 1091 1537 1136 oportet
1563 1082 1799 1122 debitorem

485 1169 748 1208 concurrere,
794 1164 842 1195 ut
886 1155 1082 1209 quamvis
1129 1154 1327 1194 Christus
1374 1153 1471 1192 fecit
1515 1167 1557 1192 se
1603 1161 1798 1191 naturam

485 1227 713 1266 humanam
749 1239 831 1279 que
865 1225 1012 1264 debuit
1035 1226 1125 1264 Deo
1156 1223 1494 1263 satisfaccionem
1527 1236 1603 1275 pro
1627 1231 1799 1275 peccato

484 1296 609 1349 primi
633 1296 831 1347 hominis,
865 1305 1005 1335 tamen
1031 1295 1098 1334 illa
1123 1293 1360 1333 satisfaccio
1386 1306 1469 1332 non
1504 1292 1645 1345 potuit
1669 1305 1797 1331 mem-
1821 1302 1856 1334 15

487 1367 569 1405 bris
604 1365 822 1419 proficere,
864 1365 942 1404 nisi
977 1378 1024 1404 ex
1058 1363 1272 1403 adiutorio
1313 1363 1461 1415 capitis
1496 1376 1537 1401 se
1572 1362 1798 1415 disponen-

486 1437 598 1475 tibus
632 1436 767 1475 active
812 1435 863 1474 ad
909 1434 1230 1487 suscipiendum
1265 1432 1520 1472 medicinam
1558 1431 1619 1470 vel
1653 1431 1799 1470 saltem

489 1507 538 1545 ad
575 1505 912 1545 consolvendum
937 1504 1299 1543 ministracionem
1324 1502 1526 1553 debitam,
1560 1501 1602 1540 in
1635 1509 1800 1540 tantum

492 1576 606 1629 quod
655 1575 792 1615 infans
839 1575 964 1614 unius
1011 1574 1093 1613 diei
1139 1573 1344 1612 decedens
1389 1572 1430 1611 in
1476 1571 1616 1624 gracia
1661 1570 1801 1624 primo

492 1647 733 1699 baptizatur
765 1645 949 1696 flamine,
991 1644 1181 1683 secundo
1221 1643 1349 1682 servit
1384 1643 1473 1681 Deo
1513 1641 1728 1681 meritorie
1762 1648 1800 1679 et
1819 1661 1861 1683 20

491 1716 549 1756 sic
583 1715 712 1756 tercio
746 1715 971 1769 participat
1011 1714 1197 1753 fructum
1233 1712 1396 1752 celestis
1430 1711 1650 1750 medicine.

227 1799 446 1840 Christ-made
552 1787 604 1826 Et
627 1795 744 1840 patet
768 1786 818 1824 ad
842 1785 1031 1837 primum
1054 1784 1168 1837 quod
1193 1782 1464 1822 concedenda
1489 1790 1549 1821 est
1573 1779 1801 1830 conclusio,

197 1836 562 1905 {3¹1¹1{{³{‡225¹{²02¹1¹3}32d
596 1869 681 1896 non
705 1856 927 1895 credamus
952 1854 1067 1908 quod
1093 1853 1290 1894 Christus
1322 1851 1524 1892 satisfecit
1547 1864 1625 1904 pro
1658 1849 1802 1888 debito

197 1904 471 1974 Joiiiii‘iissxivvg'rciz
488 1926 597 1967 illius
636 1927 687 1966 ad
729 1926 908 1966 salutem
949 1924 1022 1977 qui
1056 1937 1141 1962 non
1174 1923 1266 1962 vult
1310 1923 1454 1961 iuvare
1489 1920 1710 1960 Christum
1751 1918 1801 1956 ad

490 2010 609 2036 suam
645 1995 997 2042 satisfaccionem,
1040 1994 1137 2046 quia
1173 1993 1341 2032 Psalmo
1375 1990 1507 2041 LX10‚
1547 1991 1591 2028 13
1629 1988 1860 2032 dicitur225

495 2069 555 2106 Tu
590 2066 743 2106 reddes
777 2065 1003 2118 unicuique
1036 2064 1158 2102 iuxta
1191 2074 1321 2115 opera
1353 2074 1447 2101 sua.
1484 2060 1551 2099 Sic
1585 2072 1684 2112 ergo
1717 2066 1803 2098 tam

490 2137 675 2177 militans
708 2149 836 2189 quam
872 2133 1139 2186 triumphans
1180 2131 1382 2170 satisfacit
1426 2143 1505 2182 pro
1545 2129 1706 2168 viatore
1740 2128 1803 2166 in-

491 2207 688 2247 debitato·
704 2205 846 2259 quoad
872 2205 1025 2255 Deum,
1061 2203 1132 2242 sed
1157 2209 1324 2254 oportet
1353 2201 1493 2252 ipsum
1518 2198 1802 2238 indebitatum

491 2277 737 2316 omnimode
783 2289 825 2314 se
870 2275 1011 2327 ipsum
1059 2273 1217 2319 iuvare,
1270 2269 1368 2323 quia
1414 2269 1533 2309 aliter
1584 2268 1672 2321 ipse
1718 2280 1802 2306 non

491 2347 672 2386 solveret
705 2345 820 2398 quod
855 2344 1049 2394 debebat,
1095 2351 1134 2381 et
1176 2355 1249 2394 per
1283 2353 1546 2393 consequens
1592 2351 1677 2377 non
1724 2336 1805 2375 fuit
1821 2346 1863 2379 30

545 2526 570 2545 2.
592 2521 754 2552 contento;
775 2515 917 2544 in‘codd.
948 2515 993 2542 A:
1015 2515 1076 2542 00⁸⁰
1097 2512 1254 2547 (cotitato?
1274 2511 1312 2539 cf.
1335 2514 1453 2546 partem
1474 2514 1576 2537 cotam
1593 2516 1621 2543 p.
1644 2507 1702 2542 519,
1723 2506 1741 2534 1.
1758 2506 1805 2541 6);

493 2564 530 2592 B:
552 2566 619 2592 toto.
727 2561 752 2590 3.
772 2562 810 2589 ss:
832 2563 958 2589 totalem
980 2560 1238 2588 satisfaccionem.
1346 2566 1375 2591 4.
1397 2556 1418 2583 B
1441 2556 1471 2583 in
1487 2562 1602 2588 marg.:
1624 2552 1805 2582 Satisfaccio

495 2619 550 2647 pro
571 2611 630 2638 alio
653 2609 813 2645 tripliciter
832 2609 873 2636 fit.
1018 2608 1045 2635 6.
1067 2607 1088 2633 B
1104 2607 1134 2633 in
1155 2614 1272 2641 marga
1303 2604 1445 2632 Christus
1466 2602 1636 2638 assumpsit
1663 2605 1804 2629 naturam

495 2663 632 2685 nostram
647 2657 676 2683 in
693 2657 830 2683 athomo.
939 2662 979 2682 10.
1001 2653 1210 2687 confratrum
1233 2651 1270 2678 B:
1294 2650 1467 2678 consivium
1489 2649 1567 2684 (sic).
1677 2647 1717 2675 18.
1739 2647 1761 2674 B
1776 2648 1806 2674 in

496 2712 611 2738 marg.:
630 2705 770 2738 Apparet
791 2702 874 2738 quod
896 2702 921 2729 si
943 2701 1044 2728 infans
1059 2699 1220 2727 discedens
1236 2698 1352 2733 absque
1365 2696 1519 2732 baptismo
1537 2693 1670 2722 flaminis
1686 2693 1806 2721 adiudi-

496 2751 614 2777 cabitur
635 2754 737 2777 eterne
758 2755 836 2784 pene
857 2752 982 2783 propter
1003 2747 1126 2780 culpam
1150 2745 1323 2779 primorum
1351 2746 1514 2779 parentum
1535 2741 1604 2776 ipso
1623 2742 1654 2768 in
1675 2747 1808 2776 persona

497 2796 622 2832 propria
643 2804 703 2823 non
725 2796 917 2822 demerentez
945 2802 998 2829 per
1018 2793 1099 2820 idem
1128 2796 1231 2826 posset
1259 2791 1366 2818 beatus
1388 2798 1444 2825 pro
1466 2793 1610 2824 peccante
1631 2785 1808 2814 satisfacere

498 2848 665 2878 peccatore,
682 2850 737 2878 pro
752 2841 923 2869 commisso
939 2841 1114 2867 nullatenus
1130 2837 1348 2865 satisfaciente.
1457 2835 1498 2863 25.
1519 2835 1551 2862 In
1565 2834 1654 2862 codd.
1672 2832 1807 2860 LXXXl.
