2051 3273
205 182 283 220 506
918 190 1143 223 JOHANle
1168 190 1362 222 WYCLIF.
1598 176 1705 234 [CAP.
1723 187 1805 216 xxi.

200 306 474 367 ¹·¹¹‘³3¹¹1¹⁶³{⁰²¹⁵‘³¹¹0
490 297 672 336 doctoris
710 297 750 335 in
792 297 938 335 eadem
971 295 1174 348 opinione
1206 304 1245 334 et
1277 296 1427 334 eodem
1458 296 1566 334 libro
1600 309 1729 348 quem
1760 295 1804 334 in
1825 305 1958 350 198⁴=M

209 342 462 412 ¹{1iaafliiii25riqiis
491 367 637 406 eadem
674 366 875 419 opinione
906 365 1078 419 implico
1111 365 1270 404 cencies
1304 378 1390 404 esse
1422 362 1692 404 mendacem?
1733 378 1806 417 per

490 436 586 475 inde
640 436 813 490 quidem
866 435 971 475 foret
1021 435 1265 487 allegandus
1322 434 1527 488 dyabolus
1571 433 1614 473 in
1657 442 1805 474 testem

491 506 713 557 sentencie,
746 519 845 545 cum
876 513 1028 545 notum
1059 504 1111 544 sit
1143 505 1260 558 quod
1292 518 1340 543 ex
1381 505 1542 544 cautela
1573 512 1613 543 et
1643 504 1805 544 subtili-

491 584 573 614 tate
616 575 772 629 ingenii
817 573 1000 627 plurima
1043 588 1139 613 vera
1183 574 1294 613 dicit.
1340 575 1393 613 Et
1423 574 1499 613 hec
1532 573 1641 613 racio
1680 584 1840 627 quare5

492 645 655 698 quietor
705 645 747 684 in
799 644 1052 696 allegacione
1111 643 1311 696 scripture
1363 657 1445 696 que
1503 643 1670 683 mentiri
1721 657 1808 682 non

492 715 645 768 poterit
688 724 727 754 et
770 722 1015 753 sanctorum
1057 714 1282 753 doctorum
1325 725 1509 767 quorum
1554 712 1807 753 sentenciam

490 786 591 825 volo
625 799 673 825 ex
704 785 866 838 integro
900 783 1115 823 sustinere.
1156 782 1275 822 Alios
1308 792 1450 823 autem
1482 784 1675 822 doctores
1707 782 1808 822 nolo

491 855 547 894 sic
591 855 766 908 allegare
810 854 888 893 nisi
932 854 1146 907 arguendo
1199 854 1251 892 ad
1301 853 1534 904 hominem,
1588 853 1653 892 cui
1702 852 1808 892 foret

493 925 584 964 talis
619 924 801 964 doctoris
834 923 1076 963 testificacio
1108 932 1422 976 argumentum,
1446 931 1485 962 et
1507 922 1563 962 sie
1586 922 1810 975 allegarem
1829 942 1868 964 10

494 1003 639 1033 contra
682 994 929 1034 mendacem
974 1002 1185 1032 oratorem
1237 993 1405 1047 dyaboli
1455 992 1596 1045 ipsum
1647 1000 1810 1045 patrem

495 1063 713 1115 mendacii,
746 1064 818 1103 sed
850 1077 936 1102 non
969 1072 1015 1103 ut
1047 1063 1097 1102 sit
1126 1062 1229 1102 mihi
1262 1062 1375 1102 testis
1408 1063 1612 1116 ydoneus

553 1134 597 1173 In
637 1134 717 1173 isto
749 1142 892 1173 autem
924 1133 1110 1172 secundo
1144 1141 1387 1172 commento
1420 1132 1575 1185 absque
1614 1132 1860 1185 tergiver-N

493 1203 659 1243 sacione
678 1211 791 1256 patet
805 1203 942 1256 primo
958 1202 1228 1242 mendacium
1246 1203 1483 1255 allegantis;
1499 1210 1612 1255 patet
1626 1202 1811 1241 secundo

495 1274 610 1328 quod
645 1287 732 1312 non
761 1273 936 1312 solvitur
964 1281 1257 1326 argumentum
1293 1273 1409 1325 quod
1432 1271 1507 1311 feci
1530 1272 1811 1324 supponendo
1832 1281 1868 1313 15

495 1342 825 1396 descripcionem
842 1342 990 1394 clerici,
1006 1356 1080 1395 per
1094 1342 1175 1381 hoc
1194 1342 1310 1395 quod
1333 1341 1590 1381 mendaciter
1612 1341 1813 1393 allegatur

495 1417 610 1469 quod
633 1414 775 1454 solum
798 1413 840 1452 in
874 1412 1112 1452 sacerdocio
1137 1420 1315 1451 caracter
1338 1411 1495 1450 ordinis
1524 1410 1812 1464 imprimatur;

495 1494 534 1525 et
577 1484 705 1524 tercio
748 1483 865 1536 quod
909 1483 986 1522 ista
1030 1481 1240 1521 sentencia
1285 1480 1568 1520 conviccionis
1607 1481 1812 1520 mendacii

497 1555 604 1594 foret
635 1553 825 1593 medium
857 1551 1019 1592 doctori
1051 1551 1118 1591 isti
1150 1551 1253 1590 mihi
1277 1559 1315 1590 et
1337 1551 1426 1590 aliis
1449 1551 1621 1590 cavendi
1646 1551 1813 1591 caucius

497 1627 546 1664 de
580 1624 794 1664 mendosis
827 1622 1153 1676 allegacionibus
1186 1621 1227 1660 in
1262 1620 1463 1661 futurum.
1830 1640 1871 1661 20

553 1695 674 1735 Scola
721 1693 892 1747 quidem
932 1691 1137 1731 mendacii
1177 1700 1237 1730 est
1274 1704 1348 1744 per
1392 1704 1433 1729 se
1465 1705 1488 1730 a
1520 1691 1609 1729 Deo
1654 1700 1693 1729 et
1724 1699 1812 1730 tota

497 1764 667 1804 ecclesia
689 1762 932 1802 detestanda
955 1761 1118 1800 dicente
1140 1760 1365 1799 venerabili
1391 1760 1623 1799 Anshelmo
1654 1759 1811 1812 primo:

497 1835 582 1875 Cur
614 1835 726 1873 Deus
757 1833 890 1873 homo
925 1846 1012 1885 cap.
1046 1832 1162 1871 X110:
1210 1832 1321 1881 Non,
1353 1830 1502 1884 inquit,
1541 1830 1736 1882 sequitur
1778 1831 1814 1869 si

496 1906 616 1944 Deus
651 1905 741 1943 vult
763 1903 947 1950 mentiri,
984 1903 1142 1941 iustum
1167 1908 1228 1941 est
1259 1901 1431 1940 mentiri
1461 1898 1629 1955 (supple
1662 1899 1694 1938 si
1727 1912 1814 1938 non

497 1989 544 2014 ex
576 1971 798 2028 possibili),
822 1973 895 2012 sed
908 1972 1062 2025 pocius
1094 1971 1289 2024 sequitur
1320 1970 1539 2009 dominum
1573 1969 1695 2009 illum
1730 1982 1812 2008 non
1831 1978 1871 2010 25

497 2057 600 2085 esse.
639 2044 751 2082 Nam
786 2054 1058 2095 nequaquam
1085 2047 1224 2095 potest
1257 2042 1363 2081 velle
1397 2040 1569 2080 mentiri
1603 2040 1814 2088 voluntas,

498 2115 578 2154 nisi
609 2115 650 2153 in
675 2126 759 2167 qua
783 2119 987 2165 corrupta
1012 2118 1074 2151 est
1094 2113 1267 2161 veritas,
1289 2123 1449 2164 ymmo
1473 2123 1551 2164 que
1576 2108 1814 2150 deserendo

497 2185 718 2224 veritatem
763 2189 972 2234 corrupta
1016 2189 1090 2221 est.
1140 2181 1255 2230 Quid
1299 2194 1396 2234 ergo
1443 2180 1629 2233 sequitur
1661 2178 1817 2218 exista

497 2253 772 2306 responsione
818 2248 1050 2291 mendacii?
1095 2252 1252 2290 Revera
1284 2249 1554 2289 mendacium
1597 2247 1815 2287 mendacio

497 2323 775 2364 cumulatum.
1832 2327 1874 2360 30

557 2392 756 2432 Tercium
801 2400 1096 2431 commentum
1129 2399 1189 2430 est
1222 2389 1340 2430 ficcio
1363 2392 1387 2415 ᾗ
1410 2388 1640 2429 testimonii
1686 2387 1914 2442 sancti198b

499 2464 669 2503 Thorne
702 2462 817 2515 quod
849 2462 892 2501 in
925 2462 1016 2501 solo
1051 2461 1197 2500 ordine
1242 2458 1469 2500 sacerdocii
1501 2458 1567 2498 vel
1599 2471 1677 2496 suo
1717 2457 1815 2497 sub-

550 2607 594 2626 22.
617 2601 643 2626 A
665 2599 694 2626 in
716 2606 830 2633 marga
861 2598 1046 2631 Anselmus;
1080 2597 1108 2624 in
1140 2596 1232 2624 codd.
1260 2604 1327 2630 cap.
1350 2594 1388 2622 X.
1525 2601 1571 2627 24.
1592 2593 1635 2620 25.
1657 2592 1762 2620 Recte:
1784 2591 1808 2618 si

499 2655 535 2673 cx
556 2653 616 2672 non
640 2644 791 2680 possibili.
935 2643 977 2671 32.
1004 2645 1032 2671 A
1052 2644 1081 2670 in
1103 2651 1218 2677 marg:
1240 2642 1272 2670 S.
1293 2641 1445 2669 Thomas.

560 2762 612 2784 22.
640 2751 793 2783 Anselmi
821 2750 912 2793 Opp.
939 2757 1024 2782 tom.
1051 2750 1074 2791 1,
1101 2760 1178 2792 pag.
1205 2747 1260 2780 80.
1407 2748 1458 2779 32.
1484 2746 1646 2779 Thomae
1678 2744 1735 2777 lib.
1761 2744 1817 2776 IV.

500 2812 593 2842 Sent.
613 2810 705 2852 Opp.
731 2816 813 2841 tom.
841 2809 884 2849 X,
911 2819 987 2851 pag.
1007 2819 1085 2849 442.
