2051 3273
229 223 460 281 CAP.XV111.]
757 235 818 268 DE
844 235 1078 269 ECCLESIA.
1750 231 1831 281 425

89 341 394 398 Hi87·mundi.
435 341 679 380 Differencia
711 350 852 380 autem
896 350 957 381 est
1001 341 1108 381 inter
1151 342 1252 382 istos
1293 343 1546 396 capitaneos,

236 411 332 464 quia
383 410 482 450 boni
535 410 686 450 siciunt
735 410 933 463 precipue
976 411 1148 451 virtutes
1193 413 1458 452 subditorum
1508 423 1547 453 et

233 481 346 520 lucra
379 480 617 520 animarum
640 493 825 531 suarum,
848 480 947 519 mali
970 490 1112 520 autem
1148 491 1315 521 econtra
1348 483 1547 536 precipue

235 550 386 590 siciunt
411 549 657 602 temporalia
681 549 960 589 subditorum.
986 550 1106 590 Unde
1129 551 1317 591 Scarioth
1338 552 1547 592 maximus

201 619 504 674 5symoniacus
537 628 576 658 et
606 618 902 672 proprietarius
930 619 1064 660 ferens
1096 621 1259 661 loculos
1282 621 1396 674 dixit,
1430 622 1547 675 quasi

235 690 521 729 continuando
560 689 780 729 avariciam
817 689 1070 742 pontificum
1101 691 1248 730 veteris
1289 692 1546 732 testamenti:

240 759 351 806 Quid
371 760 497 799 vultis
521 759 624 799 mihi
646 759 750 798 dare
772 766 811 798 et
832 773 910 813 ego
934 773 1028 799 euni
1044 761 1156 800 vohis
1172 761 1356 811 tradant,
1371 761 1547 801 Matthei

233 829 404 880 XXVIO,
441 829 500 870 15.
525 830 610 868 Nec
639 828 816 868 dubium
838 829 939 882 quin
961 829 1136 869 avaricia
1167 844 1295 884 quam
1326 830 1548 884 pontifices

234 899 441 937 habebant
464 898 568 938 circa
595 898 762 938 lucrum
791 899 937 952 templi
971 899 1065 939 fecit
1087 914 1158 939 eos
1190 900 1403 941 intendere
1434 915 1546 941 mor-

183 991 220 1013 10
235 977 321 1008 tem
349 967 522 1020 Christi3
554 968 755 1008 Johannis
788 969 882 1020 XIO,
912 982 980 1023 47,
1003 970 1072 1021 48,
1097 970 1152 1009 sic
1175 971 1384 1011 scribitur:
1412 971 1546 1011 Colle-

235 1045 393 1091 gerunt
415 1039 635 1092 pontffices
659 1045 698 1078 et
710 1039 908 1092 pharisei
930 1040 1152 1079 consilium
1176 1040 1382 1081 adversus
1403 1041 1547 1081 Jesztm

236 1115 274 1147 et
295 1108 506 1148 dicebant:
532 1108 884 1162 Quidfaciemus,
909 1111 1007 1162 quia
1030 1111 1096 1149 hic
1118 1111 1241 1150 homo
1264 1112 1399 1150 inulta
1421 1112 1549 1165 signa

233 1178 370 1227 facit?
402 1179 440 1218 si
461 1178 707 1218 dimittimus
731 1192 825 1218 eum
848 1180 921 1227 sic,
945 1193 1089 1219 omnes
1122 1180 1293 1219 credent
1315 1181 1355 1219 in
1388 1194 1482 1220 eum
1513 1187 1551 1220 et

235 1249 400 1287 venient
430 1249 614 1288 Romani
645 1255 683 1288 et
715 1250 861 1288 tollent
894 1250 1030 1288 locum
1072 1257 1264 1289 nostrum
1298 1258 1336 1290 et
1366 1257 1548 1304 gentem.

161 1331 180 1364 1
205 1332 221 1363 1
294 1318 428 1370 Super
464 1332 549 1371 quo
589 1318 853 1371 Augustinus
895 1318 1059 1358 Omelia
1102 1319 1256 1358 XLIXa
1306 1329 1423 1360 notat
1467 1320 1548 1373 pri·
1566 1330 1794 1393 renAaq-{igsttiffaet
1820 1366 1841 1393 it

236 1401 308 1426 mo
354 1389 571 1441 quomodo
614 1388 892 1428 invalescente
938 1389 1113 1429 avaricia
1145 1391 1411 1430 sacerdotum
1444 1399 1550 1430 tem·
1596 1408 1659 1428 was
1681 1401 1804 1428 avarice

236 1471 338 1510 pore
390 1457 542 1497 Christi
596 1458 672 1497 fuit
722 1458 910 1498 officium
961 1460 1105 1498 venale
1153 1461 1310 1500 nedum
1361 1435 1840 1513 pluribusHigiitiiiilegiIJm

290 1527 297 1532 .
417 1527 424 1533 .
743 1528 749 1534 .
890 1529 897 1534 .
1159 1529 1166 1536 .
1197 1529 1204 1536 .
1502 1530 1508 1535 .
1566 1506 1842 1540 conspireagainst

236 1528 507 1567 existentibus
551 1529 833 1568 sacerdotibus
867 1530 1005 1581 simul,
1038 1540 1085 1569 ut
1118 1530 1227 1569 elicit
1258 1530 1309 1569 de
1340 1530 1549 1582 Zacharia,
1643 1540 1763 1575 Chris13

237 1598 349 1636 Luce
403 1598 431 1648 I,
488 1599 560 1637 sed
616 1599 763 1638 eodem
826 1613 937 1638 anno
1000 1613 1074 1652 per
1141 1600 1548 1640 circumvencionem

181 1680 401 1712 20avaram
457 1668 605 1707 versati
665 1668 834 1708 fuerunt
885 1669 1041 1709 summi
1092 1669 1326 1722 pontifices,
1386 1680 1423 1710 et
1474 1670 1550 1709 ista

237 1737 411 1776 avaricia
468 1738 673 1778 excecavit
732 1747 771 1778 et
821 1739 1013 1779 excitavit
1069 1754 1139 1779 eos
1198 1741 1249 1780 ad
1307 1740 1550 1793 blaspheme

238 1807 567 1860 conspirandum
600 1808 640 1846 iii
673 1816 856 1848 mortem
895 1809 1069 1849 domini.
1104 1810 1218 1857 Plus,
1244 1810 1381 1863 inquit
1402 1814 1548 1863 Augu-

237 1876 383 1928 stinus,
408 1878 568 1930 perditi
598 1878 785 1918 homines
812 1879 1067 1932 cogitabant
1103 1880 1309 1932 quomodo
1355 1888 1552 1920 nocerent

239 1953 285 1985 ut
325 1947 572 1999 perderent,
628 1961 755 2001 quani
812 1949 1018 2001 quomodo
1062 1949 1142 1988 sibi
1187 1950 1457 1989 consulerent
1502 1964 1553 1990 ne

182 2017 448 2070 25perirent;
491 2017 585 2055 ideo
625 2018 882 2071 collegerunt
914 2018 1138 2058 consilium
1183 2028 1327 2058 contra
1373 2020 1551 2060 salutern

238 2086 377 2125 anime
410 2100 496 2138 sue,
530 2086 629 2139 quia
661 2097 804 2127 contra
837 2088 954 2140 signa
985 2087 1167 2127 veritatis
1200 2089 1388 2129 salutaris
1421 2090 1550 2129 sevie-

199 2156 349 2201 2bant.
414 2156 608 2195 Secundo
663 2166 782 2196 notat
834 2158 1098 2210 Augustinus
1151 2150 1372 2212 quomodo
1425 2159 1553 2199 timor

239 2225 489 2278 perdicionis
522 2236 693 2279 questus
728 2227 875 2280 templi
907 2227 985 2267 fuit
1018 2242 1141 2268 causa
1172 2228 1372 2281 precipua
1403 2230 1551 2269 mortis

240 2295 412 2335 Christi:
442 2297 725 2349 Temporalia,
741 2297 890 2350 inquit,
906 2298 1090 2350 perdere
1112 2299 1345 2338 timuerunt
1367 2306 1405 2338 et
1423 2300 1551 2339 vitani

184 2377 224 2408 30
239 2373 428 2405 eternam
465 2379 546 2405 non
576 2367 871 2420 cogitaverunt
903 2375 941 2407 et
958 2369 1018 2407 sic
1042 2375 1269 2421 utrumque
1302 2370 1550 2409 amiserunt.

292 2510 316 2528 2.
338 2503 385 2529 A:
417 2503 557 2530 seiciunt.
699 2512 727 2536 4.
759 2504 806 2530 A:
828 2503 979 2538 seiciunt;
1013 2509 1187 2531 correctum
1219 2505 1249 2532 in
1274 2513 1393 2540 marg.:
1428 2506 1551 2533 siciunt.

241 2549 268 2576 8.
290 2550 318 2576 A
338 2549 368 2576 in
390 2557 508 2584 marga
530 2549 673 2577 Avaricia
693 2550 890 2577 sacerdotum
908 2551 979 2577 fecit
995 2555 1125 2578 mortem
1150 2550 1254 2579 Cristi.
1347 2560 1374 2587 9.
1397 2552 1437 2579 B:
1455 2553 1549 2580 lucra.

241 2594 276 2622 15.
306 2597 335 2622 Α
355 2595 385 2622 in
408 2604 526 2630 marg.:
555 2597 762 2631 Augustinus
906 2596 946 2624 18.
977 2597 999 2624 B
1029 2598 1060 2624 in
1092 2605 1212 2632 marg:
1243 2598 1322 2626 Nota
1353 2599 1429 2626 bene
1458 2608 1553 2634 quare

240 2641 401 2676 pontifices
430 2647 457 2669 et
486 2643 622 2677 pharisei
649 2641 810 2670 Christum
837 2643 962 2671 fuerant
988 2644 1149 2678 persecuti.
1295 2652 1341 2672 20.
1374 2644 1416 2672 B:
1446 2646 1551 2673 variati

240 2687 376 2715 fuerunt.
519 2689 566 2717 30.
588 2689 627 2716 B:
649 2694 787 2725 utraque.

303 2794 352 2827 15.
381 2795 433 2827 23.
461 2797 549 2839 Aug.
576 2797 608 2828 in
642 2796 716 2828 Joh.
745 2798 874 2838 Evang.
908 2805 1002 2829 tract.
1035 2798 1154 2839 XLIX,
1189 2808 1240 2841 27.
1274 2798 1366 2841 Opp.
1394 2798 1445 2839 III,
1473 2809 1550 2841 pars

240 2853 278 2894 11,
304 2863 380 2896 pag.
406 2852 483 2897 629.
