2051 3273
225 238 313 265 CAP.
330 226 455 284 xxm]
748 242 806 273 DE
832 240 1066 272 ECCLEsm.
1753 229 1829 269 555

69 357 103 398 0
129 359 211 397 204⁵
226 353 417 386 mutatur
448 347 491 386 in
531 346 807 399 temporalem
849 346 889 384 in
919 346 1168 385 remissione
1192 359 1304 398 pene
1339 352 1376 385 et
1408 345 1542 398 culpe.
1564 354 1633 394 The
1653 358 1831 394 commnta-

228 416 422 456 Secuna'o
447 430 563 469 pena
597 416 844 468 temporalis
878 429 1038 468 magna
1073 422 1111 455 et
1141 428 1277 467 supra
1310 416 1420 455 vires
1453 429 1544 455 mu-
1564 389 1830 464 iiioetinoispciiissfiss

224 494 343 526 tatur
386 488 427 526 in
465 499 625 539 penam
675 485 833 524 viribus
884 491 1184 537 competentem
1229 485 1270 524 in
1309 485 1544 525 sacerdotis
1560 459 1834 530 ssidgffisiiiiii‘s'i'.

230 557 512 597 absolucione.
561 556 704 595 Tercio
735 568 834 594 vero
868 561 1157 594 commutatur
1182 568 1297 608 pena
1330 555 1386 595 ad
1417 569 1544 609 quam

195 635 210 666 5
220 627 409 680 pertinet
439 626 590 665 iudicio
623 626 796 664 ecclesie
836 625 876 663 in
912 624 1119 664 minorem
1153 625 1472 664 relaxacionem
1503 626 1544 664 in

226 698 381 737 virtute
428 695 590 735 residui
634 695 884 734 meritorum
931 695 1118 735 ecclesie.
1179 696 1233 735 Et
1277 696 1421 735 omnia
1466 697 1545 736 ista

227 767 493 820 originantur
552 778 600 804 ex
659 765 811 804 merito
877 765 1086 817 passionis
1146 774 1185 804 et
1237 766 1545 806 satisfaccionis

228 836 402 887 Christi,
454 835 603 875 nullibi
649 834 956 887 preiudicando
1012 835 1189 875 iusticie.
1244 836 1297 874 Et
1342 836 1398 875 ita
1445 837 1545 876 dicit

228 907 344 959 quod
390 905 664 958 indulgencie
689 905 810 959 fiunt
854 905 905 945 de
939 905 1101 945 meritis
1138 907 1838 975 supererogacionis{gdgggggczsnggg

175 976 519 1016 1omembrorum
566 975 755 1025 ecclesie,
803 988 924 1028 quem
971 975 1222 1015 thesaurum
1259 977 1451 1028 pertinet
1493 955 1837 1019 adonlybybipshops-

227 1047 338 1087 solos
377 1047 596 1098 episcopos
640 1045 791 1084 saltem
829 1045 1003 1098 publice
1052 1045 1318 1098 dispensare,
1355 1047 1454 1099 quia
1488 1047 1551 1085 illi

227 1123 328 1157 sunt
349 1116 501 1156 vicarii
523 1115 796 1155 succedentes
822 1115 863 1154 in
889 1116 978 1154 loco
1006 1115 1161 1155 Christi
1177 1115 1346 1169 fratris
1367 1117 1548 1156 senioris

229 1187 398 1235 mortui,
433 1193 476 1225 ut
503 1186 707 1226 suscitent
727 1198 869 1225 semen
893 1198 1019 1225 suum
1052 1186 1306 1239 generando
1337 1183 1550 1239 sibifilios

227 1256 485 1310 spirituales.
534 1256 585 1294 Et
621 1264 800 1308 uterque
834 1255 1016 1294 istorum
1058 1255 1285 1295 doctorum
1320 1257 1547 1309 respondet

175 1331 212 1363 15
229 1327 279 1365 ad
314 1326 508 1365 obiectus
540 1324 581 1364 in
619 1325 893 1364 contrarium.

289 1396 342 1435 Et
365 1395 479 1436 illam
503 1395 761 1435 sentenciam
787 1408 886 1447 sepe
902 1395 1116 1434 inculcant
1139 1395 1334 1435 doctores
1357 1395 1545 1436 decreto-

229 1479 323 1505 rum
341 1474 546 1518 ponentes
566 1465 680 1519 quod
706 1465 973 1518 indulgencia
1000 1474 1062 1505 est
1085 1465 1268 1504 liberalis
1294 1474 1333 1505 et
1357 1466 1547 1517 graciosa

233 1535 414 1575 donacio
438 1535 489 1574 de
505 1535 706 1574 thesauro
727 1535 915 1586 ecclesie,
941 1535 1049 1574 facta
1072 1549 1148 1588 per
1163 1535 1369 1574 vicarium
1388 1535 1547 1576 Christi
1564 1530 1839 1592 Ogffiffffisfflf?

230 1605 524 1658 peccatoribus
558 1617 634 1657 pro
668 1604 754 1643 suis
789 1605 906 1657 penis
941 1604 993 1643 ad
1027 1618 1131 1658 quas
1166 1605 1217 1644 de
1250 1605 1415 1644 iusticia
1445 1606 1547 1644 obli·
1591 1600 1720 1635 opinion
1742 1601 1810 1627 ⁰5³

1575 1639 1713 1662 treasure
1734 1635 1825 1662 doled

173 1691 214 1712 20
230 1684 397 1728 gantur.
456 1675 701 1714 Thesaurus
742 1674 834 1723 iste,
880 1674 1094 1727 inquiunt,
1141 1681 1202 1715 est
1244 1675 1615 1715 habundanciaout
1642 1669 1838 1732 '’Jicffslfsssffl

230 1745 480 1785 meritorum
504 1757 583 1797 que
607 1744 730 1783 multi
741 1745 879 1784 sancti
903 1745 1016 1783 ultra
1041 1757 1290 1784 mensuram
1310 1745 1546 1784 debitorum

229 1821 518 1868 erogaverunt
540 1820 578 1853 et
597 1814 902 1854 tribulaciones
924 1827 1030 1867 quas
1053 1815 1206 1854 iniuste
1229 1815 1550 1864 sustinuerunt,·

229 1897 411 1938 quorum
426 1884 676 1923 meritorum
701 1889 818 1922 tanta
842 1890 904 1923 est
927 1884 1050 1936 copia
1073 1884 1187 1937 quod
1201 1884 1367 1923 excedit
1381 1898 1546 1924 omnem

222 1967 382 2008 penam
406 1955 589 1994 debitam
610 1955 856 2003 viventibus,
891 1961 926 1994 et
951 1955 1161 2008 precipue
1185 1956 1333 2008 passio
1356 1963 1394 1995 et
1422 1956 1547 1995 meri-

175 2027 214 2059 25
231 2032 318 2065 tum
347 2025 517 2074 Christi,
550 2025 671 2064 cuius
694 2022 868 2064 minima
891 2031 1013 2079 gutta
1046 2026 1272 2079 sanguinis
1294 2026 1359 2065 vel
1379 2025 1548 2065 sudoris

227 2095 446 2149 sufficeret
489 2094 544 2134 ad
575 2094 868 2146 expiacionem
910 2095 1097 2134 omnium
1137 2101 1428 2147 peccatorum,
1477 2095 1549 2134 hec

230 2172 266 2204 et
303 2171 442 2204 cetera
477 2165 586 2203 bona
618 2170 922 2217 supererogat,
963 2177 1045 2216 que
1077 2166 1220 2205 omnia
1247 2171 1475 2217 ponuntur
1506 2166 1547 2204 in

229 2235 384 2275 scrinio
415 2234 602 2287 pectoris
641 2233 798 2273 Christi
835 2240 1050 2287 tamquam
1091 2234 1321 2274 thesaurus
1358 2235 1545 2274 ecclesie.

233 2305 315 2344 Ista
347 2304 561 2343 sentencia
596 2311 711 2357 patet
744 2317 817 2356 per
849 2303 1134 2343 Willielmum
1168 2305 1209 2343 in
1247 2304 1305 2343 De
1340 2304 1547 2358 Reliquiis

175 2376 271 2414 30et
315 2373 605 2414 Veneracione
654 2374 926 2425 Sanctorum,
974 2373 1161 2426 capitulo
1202 2374 1274 2415 VO.
1332 2375 1387 2414 Et
1430 2383 1547 2427 patet

283 2542 313 2568 4.
335 2538 565 2567 commutatum
592 2533 622 2560 in
644 2533 752 2560 codd.:
774 2534 1001 2568 commutaci03
1032 2533 1177 2562 Fortasse
1203 2535 1386 2568 legendum:
1409 2541 1547 2562 commu-

231 2581 313 2609 tacio
334 2588 422 2616 pene.
566 2580 608 2607 16.
639 2579 661 2606 B
686 2580 717 2607 in
739 2587 854 2615 marg:
884 2580 1086 2615 Indulgencia
1112 2580 1185 2616 quid
1214 2581 1263 2608 sit.
1407 2588 1453 2608 20.
1474 2581 1496 2608 B
1517 2582 1546 2609 in

233 2635 348 2662 marg:
369 2625 553 2654 Thesaurus
574 2626 712 2654 ecclesie.
857 2634 899 2662 27.
923 2631 1143 2662 supererogata
1164 2628 1193 2654 in
1215 2627 1306 2655 codd.

291 2744 322 2777 8.
351 2745 436 2777 Dist.
452 2746 525 2786 XX,
540 2756 618 2789 pars
633 2747 671 2787 II,
687 2752 820 2788 quaest.
838 2746 881 2778 111
899 2745 990 2788 (pag.
1009 2744 1099 2788 558).
1199 2756 1250 2789 29.
1267 2747 1319 2777 An
1337 2745 1549 2778 Wilhelrnus

235 2803 540 2844 Autissidorensis,
567 2805 623 2835 W.
651 2804 693 2835 de
712 2804 830 2835 Monte
856 2804 1036 2844 Laudano,
1066 2804 1237 2845 Durantis,
1265 2804 1307 2836 de
1333 2804 1380 2836 St.
1408 2806 1549 2844 Amore,

237 2862 376 2902 alterve,
404 2872 476 2893 non
500 2861 616 2894 video.
