2051 3273
199 215 277 253 562
924 222 1147 256 JOHANNIS
1173 224 1368 256 WYCLIF.
1571 213 1676 271 [CAP.
1694 222 1802 250 xxm.

482 326 701 366 humiliter
740 341 813 379 per
847 328 1004 367 ostium
1030 327 1252 368 Christum
1286 330 1337 367 ad
1372 330 1453 368 tale
1487 328 1692 381 officium,
1728 329 1799 368 sed
1819 340 1901 382 204(l
1923 342 1955 374 F

483 396 671 435 ascendit
694 397 864 435 aliunde
897 398 1081 437 violente
1115 411 1189 450 per
1222 406 1406 437 tractum
1441 399 1549 451 regis
1584 399 1797 451 superbie,

485 475 525 504 et
547 479 620 517 per
646 479 911 519 consequens
937 476 1013 517 est,
1039 468 1071 506 si
1095 467 1257 507 factum
1282 481 1406 507 suum
1442 469 1500 508 sic
1525 482 1567 508 se
1591 469 1802 520 habuerit,

486 536 552 574 fur
587 545 626 574 et
659 536 780 576 latro.

193 612 470 686 {gwigzrxvtssggge}
544 605 609 643 Ad
635 607 872 645 secundum
899 615 1203 659 argumentum
1236 616 1407 659 captum
1433 621 1481 646 ex
1505 608 1619 647 dicto
1645 606 1857 653 ChristiGr

225 685 435 747 mffltmfroiiigw
488 675 666 714 Matthei
706 675 826 715 XVIO
860 685 976 728 patet
1021 689 1069 715 ex
1110 689 1209 729 sepe
1243 677 1365 715 dictis
1400 677 1516 729 quod
1557 678 1804 730 quicunque

221 756 366 795 numimy
386 755 443 781 and
487 745 544 783 sic
591 746 820 795 extollitur,
869 747 933 785 vel
980 746 1031 784 ad
1078 759 1175 784 eum
1209 746 1259 784 de
1292 755 1505 798 potestate
1545 747 1642 786 data
1677 747 1803 786 Petro

269 799 394 818 servme.
486 823 525 854 et
552 815 641 854 eius
666 816 848 866 vicariis,
881 816 977 854 ideo
1002 829 1172 855 necesse
1204 825 1265 855 est
1298 830 1430 869 papas
1465 816 1685 855 addiscere
1718 829 1806 855 sco-

486 884 570 923 lam
625 885 737 923 Petri
791 886 1030 937 specialiter
1083 886 1123 924 in
1178 886 1419 925 humilitate
1474 895 1513 925 et
1566 885 1804 925 ministerio

485 954 711 1006 spirituali,
743 955 845 1007 quia
866 955 986 994 aliter
1017 967 1102 994 non
1136 965 1198 994 est
1230 956 1297 994 ille
1331 955 1404 1009 qui
1433 956 1489 995 sic
1520 955 1803 1008 pretenditur,
1827 978 1864 999 10

486 1034 532 1062 ut
555 1033 671 1075 patet
693 1024 1017 1077 quadragesima
1043 1025 1335 1065 distinccione.
1372 1024 1558 1078 Oportet
1598 1038 1698 1077 ergo
1726 1025 1801 1063 do-

487 1093 652 1132 minum
679 1107 834 1146 papam
864 1095 1189 1147 circumspicere
1216 1104 1263 1134 ut
1292 1104 1433 1134 teneat
1460 1108 1502 1134 se
1527 1095 1567 1133 in
1591 1095 1798 1134 limitibus

487 1164 618 1202 sancti
655 1164 782 1216 Petri,
817 1173 857 1203 et
890 1164 1128 1216 specialiter
1152 1165 1267 1217 quod
1294 1173 1414 1203 notet
1436 1166 1565 1203 verba
1598 1164 1806 1217 scripture

487 1246 618 1284 sacre,
667 1247 750 1272 non
798 1234 1047 1286 usurpando
1094 1234 1209 1287 quod
1254 1235 1356 1286 ligat
1390 1244 1430 1273 et
1463 1235 1589 1274 solvit
1624 1235 1663 1273 in
1704 1247 1804 1286 pur-

488 1303 652 1355 gatorio
686 1304 833 1343 subter
866 1313 1023 1343 terram
1065 1317 1139 1342 nec
1173 1304 1363 1343 ascendit
1396 1305 1436 1343 in
1472 1304 1609 1343 celum
1650 1304 1804 1356 imper·
1828 1313 1862 1345 15

488 1374 638 1412 ciendo
697 1373 860 1425 premia
922 1374 1162 1425 beatorum,
1224 1387 1320 1412 cum
1378 1374 1462 1413 sint
1520 1373 1806 1413 insolubiliter

486 1443 683 1494 limitata,
738 1443 810 1482 sed
860 1452 1031 1495 oportet
1079 1443 1193 1496 quod
1247 1452 1389 1483 teneat
1436 1457 1478 1482 se
1524 1443 1715 1483 virtuose
1764 1445 1804 1483 in

489 1513 631 1551 medio
665 1526 793 1565 super
826 1521 997 1552 terram,
1035 1514 1086 1551 Et
1119 1521 1236 1564 patet
1260 1514 1376 1566 quod
1402 1514 1542 1552 minor
1565 1512 1806 1566 argumenti

489 1592 550 1622 est
595 1582 713 1635 falsa,
761 1596 859 1621 nam
909 1596 1018 1621 unus
1065 1592 1261 1634 apostata
1309 1591 1448 1635 potest
1479 1583 1731 1636 pretendere
1765 1596 1807 1621 se

490 1652 547 1691 sic
582 1653 746 1691 solvere
780 1653 845 1692 vel
878 1653 1023 1703 ligare,
1058 1653 1129 1691 sed
1164 1666 1249 1691 non
1282 1653 1431 1691 exhinc
1468 1653 1662 1706 sequitur
1692 1653 1807 1706 quod
1825 1672 1867 1693 20

490 1722 547 1760 sic
573 1721 683 1761 facit.
720 1722 818 1760 ideo
844 1719 911 1775 (ut
934 1735 1031 1774 sepe
1058 1719 1162 1776 dixi)
1197 1731 1368 1774 oportet
1397 1722 1621 1762 dominum
1655 1736 1809 1775 papam

490 1805 636 1832 cavere
671 1793 722 1831 de
757 1792 896 1831 modis
931 1793 1187 1845 sophisticis.

227 1872 293 1899 The
315 1872 391 1899 head
414 1871 448 1899 of
547 1862 613 1901 Ad
654 1862 833 1901 tercium
876 1872 1181 1915 argumentum
1222 1862 1378 1901 dicitur
1418 1862 1535 1915 quod
1570 1863 1710 1901 minor
1750 1869 1810 1900 est

218 1908 267 1934 the
289 1906 414 1934 Church
436 1907 461 1933 is

264 1941 403 2004 dC-h-sissff'?
491 1931 608 1983 falsa,
649 1945 746 1971 cum
787 1933 920 1972 deitas
961 1932 1136 1982 Christi,
1179 1933 1389 1984 scriptura
1433 1944 1548 1970 sacra
1583 1940 1623 1970 et
1663 1932 1811 1970 beatus

287 1985 403 2012 ¹V¹n¹y⁷
492 2001 640 2041 Petrus
689 2003 822 2041 relicti
867 2011 966 2041 sunt
1013 2003 1053 2041 in
1101 2002 1274 2041 ecclesia
1321 2002 1529 2040 militante
1576 2001 1627 2039 ad
1674 2001 1809 2053 ipsam
1828 2009 1868 2042 25

492 2071 773 2124 regulandum
828 2080 869 2111 et
922 2072 1011 2111 eius
1066 2072 1194 2110 dubia
1243 2071 1542 2121 decidendum,
1598 2083 1680 2123 que
1733 2070 1811 2109 tria

492 2142 727 2181 secundum
775 2142 993 2193 singulum
1040 2155 1123 2180 non
1171 2151 1270 2180 sunt
1315 2140 1459 2179 vicarii
1506 2141 1640 2179 sancti
1683 2140 1810 2180 Petri.

493 2210 691 2250 Christus
725 2212 838 2250 enim
863 2212 902 2250 in
929 2212 1182 2250 ascensione
1208 2224 1283 2249 sua
1308 2210 1535 2263 dereliquit
1564 2210 1812 2249 humanitus

493 2281 694 2320 deitatem
729 2294 851 2321 suam
884 2282 925 2320 in
961 2281 1099 2330 terris,
1137 2281 1208 2319 sed
1244 2293 1328 2319 non
1364 2280 1519 2331 divisit,
1554 2293 1652 2319 cum
1686 2292 1813 2331 copu-

548 2412 568 2431 1.
590 2404 646 2432 Per
666 2404 782 2432 ostium
800 2403 976 2438 Christum;
998 2405 1140 2432 conferas
1161 2404 1310 2432 Johannis
1325 2403 1362 2439 X,
1384 2412 1410 2439 7.
1449 2403 1471 2430 B
1492 2404 1521 2431 in
1544 2411 1661 2439 marg:
1682 2402 1727 2430 Ex
1752 2402 1812 2430 hiis

492 2451 595 2478 verbis
621 2452 756 2479 innoscit
784 2451 852 2486 (sic)
881 2452 949 2487 quis
981 2452 1132 2479 dicendus
1162 2452 1199 2478 sit
1221 2450 1337 2478 Christi
1365 2451 1497 2478 vicarius
1525 2450 1701 2477 secundum
1725 2456 1810 2476 eum.

495 2497 522 2524 S.
537 2502 564 2524 et
579 2498 645 2524 eius
660 2498 793 2526 vicariis.
808 2497 875 2525 Hoc
889 2499 959 2525 loco
976 2498 1093 2534 aliquot
1107 2498 1199 2526 verba
1209 2498 1360 2525 excidisse
1369 2498 1523 2525 videntur.
1597 2495 1624 2523 8.
1638 2496 1812 2528 addiscere3

495 2544 515 2571 Β
538 2544 692 2572 addicere.
857 2551 895 2571 21.
918 2546 946 2572 A
967 2546 1022 2579 Al:
1047 2545 1117 2572 Ideo
1153 2560 1182 2565 —
1216 2544 1397 2579 sophisticis
1419 2544 1513 2571 deest.
1668 2542 1711 2570 23.
1731 2541 1761 2569 A
1783 2541 1813 2568 in

495 2598 610 2625 marg:
643 2591 726 2618 Nota
758 2592 826 2626 quis
850 2591 938 2618 debet
970 2592 1064 2619 dubia
1095 2591 1223 2619 ecclesie
1255 2590 1417 2618 decidere?
1559 2596 1603 2625 27.
1635 2588 1813 2623 singulum;

494 2637 523 2664 A
538 2637 576 2663 B:
599 2638 724 2672 singlm.
870 2637 916 2666 28.
939 2639 959 2665 Β
978 2639 1007 2665 in
1024 2646 1137 2673 marg:
1161 2637 1304 2666 Christus
1326 2637 1356 2664 in
1378 2645 1435 2664 sua
1450 2636 1631 2664 ascensione
1652 2633 1815 2670 dereliquit

496 2683 677 2711 humanitus
699 2685 845 2712 deitatem
866 2692 954 2711 suam
977 2685 1005 2711 in
1023 2684 1111 2712 terris
1133 2684 1184 2711 sed
1208 2692 1269 2711 non
1292 2683 1405 2711 divisit.

557 2779 584 2811 5.
612 2779 664 2811 Cf.
690 2790 768 2822 pag.
815 2779 890 2819 556,
934 2790 986 2811 22.
1134 2789 1183 2811 11.
1211 2778 1348 2810 Decreti
1375 2778 1489 2821 prima
1516 2788 1606 2821 pars,
1634 2778 1712 2810 dist.
1739 2779 1811 2819 XL,

498 2847 595 2879 capp.
625 2838 667 2869 VI
696 2845 728 2869 et
755 2838 825 2869 VII.
971 2838 1021 2870 23.
1051 2837 1225 2880 Compare
1252 2847 1330 2880 pag.
1361 2836 1436 2878 556,
1465 2838 1519 2869 30.
