2051 3343
206 247 295 276 CAP.
315 235 354 293 r]
707 250 767 281 DE
793 249 1027 281 ECCLESIA.
1754 252 1800 291 Ι9

47 364 78 398 O
105 362 182 396 130b
198 355 239 393 in
273 366 320 393 eo
353 353 466 404 quod
505 354 617 392 male
637 353 756 406 facit
796 353 885 393 noli
917 367 1011 393 eum
1038 359 1200 404 putare
1233 360 1363 405 caput
1393 360 1511 392 tuum

195 423 271 462 sed
309 436 373 461 me
406 422 548 461 Deum
587 429 720 462 tuum.
766 423 819 461 Et
850 423 1001 474 probat
1031 422 1112 462 hoc
1145 422 1292 462 debere
1324 422 1422 461 fieri.
1468 422 1514 461 Si

194 491 331 544 inquit
361 492 406 530 in
437 492 515 530 hoc
547 491 660 542 quod
693 492 804 531 male
824 491 944 545 facit
975 499 1105 544 caput
1135 498 1209 540 est,
1243 498 1283 532 et
1312 505 1512 532 consecu-

193 567 339 599 turum
373 568 433 600 est
464 574 622 613 corpus
650 567 778 613 caput
799 574 940 613 suum,
975 568 1077 601 eunt
1099 562 1221 601 ambo
1245 562 1288 601 in
1304 562 1512 614 precipu-

160 631 320 672 5cium.
380 630 432 670 Ut
475 637 616 669 autem
661 631 923 669 christianus
968 643 1053 670 non
1098 637 1304 683 sequatur
1349 631 1510 669 malum

192 707 322 752 caput
363 712 504 751 suum,
549 706 692 739 teneat
728 712 772 739 se
812 699 868 738 ad
900 707 1028 752 caput
1067 701 1241 739 ecclesie
1279 699 1510 748 Christum,

191 770 288 808 lzuic
321 769 477 809 debens
509 770 745 809 castitatem
778 781 916 820 suam,
950 770 1048 809 huic
1080 769 1283 822 deferens
1305 770 1509 809 honorem

190 851 329 886 suum,
375 839 530 879 absens
560 839 614 878 sit
645 839 712 877 vir
735 840 954 890 privatus,
981 852 1165 891 presens
1196 840 1252 878 sit
1282 840 1349 879 vir
1381 839 1513 878 matri

191 909 366 948 ecclesie
397 909 668 962 coniugatus.

102 985 178 1018 130c
247 978 365 1017 Patet
389 991 487 1030 ergo
510 978 639 1031 quod,
669 977 776 1016 sicut
799 976 1013 1016 infinitum
1035 977 1239 1017 maiorem
1260 978 1469 1017 honorem
1486 977 1511 1005 Ψ

192 1046 394 1086 debemus
426 1047 533 1099 patri
556 1046 760 1100 spirituali
783 1047 960 1086 domino
983 1047 1079 1086 Jesu
1103 1046 1270 1086 Christo
1295 1055 1334 1087 et
1355 1060 1510 1100 sponse

190 1130 262 1156 sue
285 1117 452 1156 ecclesie
476 1130 557 1169 que
581 1126 641 1156 est
661 1117 833 1170 regina,
856 1118 1060 1156 assistens
1082 1128 1108 1155 α
1126 1117 1316 1157 dexteris
1339 1118 1431 1156 eius
1446 1113 1510 1171 (ut

190 1186 622 1237 diciturPsal.XLIV0‚
634 1200 645 1225 1
657 1184 701 1240 o)
718 1200 848 1239 quam
865 1186 987 1226 alicui
1006 1186 1167 1238 parenti
1183 1195 1327 1225 nostro
1343 1185 1507 1237 carnali,

189 1255 245 1294 sic
277 1269 404 1294 nemo
438 1264 497 1295 est
529 1269 676 1309 parens
708 1255 773 1294 vel
806 1256 942 1308 proles
974 1255 1100 1295 huius
1126 1255 1285 1295 celestis
1308 1255 1506 1307 coniugii⁷

137 1325 264 1363 15nisi
297 1324 419 1365 faciat
449 1325 638 1365 debitum
669 1325 786 1378 quod
817 1324 859 1363 in
888 1324 1248 1377 predestinacione
1277 1324 1417 1364 divina
1445 1333 1507 1363 est

189 1394 440 1447 deputatum
470 1394 537 1434 isti
570 1394 724 1434 officio.
758 1396 868 1434 Nam
901 1408 989 1434 esse
1020 1403 1146 1446 caput
1172 1395 1237 1433 vel
1265 1394 1507 1433 membrum

188 1472 327 1503 sancte
359 1463 501 1503 matris
533 1464 702 1504 ecclesie
734 1473 795 1503 est
826 1463 1153 1516 inseparabiliter
1184 1477 1341 1503 nomen
1365 1462 1504 1503 officii.

140 1536 174 1570 P
246 1533 307 1572 Ex
346 1533 432 1572 istis
477 1533 657 1586 septimo
696 1533 884 1586 sequitur
921 1533 1037 1585 quod
1071 1532 1270 1572 dominus
1303 1546 1426 1585 papa,
1473 1533 1505 1571 si
1521 1539 1794 1569 Seventnconclu-

1521 1575 1600 1602 sion.
1620 1576 1687 1603 The
1702 1577 1795 1616 Pope,

188 1602 491 1655 predestinatus
515 1612 575 1642 est
593 1612 633 1643 et
655 1612 814 1643 exercet
836 1603 1043 1656 pastorale
1066 1601 1269 1653 officium,
1297 1610 1358 1641 est
1381 1610 1795 1674 caputissgsseisaffieffisgss-

132 1685 172 1707 20
188 1680 300 1711 tante
332 1672 550 1712 militantis
583 1672 752 1711 ecclesie
784 1681 987 1725 quantam
1018 1673 1135 1725 regit,
1170 1681 1217 1712 ut
1249 1672 1280 1711 si
1313 1671 1370 1711 sic
1401 1672 1505 1724 regit
1518 1679 1573 1741 ἓὲεὲ
1586 1681 1799 1743 r>zitsst‹¹2]rea31dog-f

188 1741 418 1794 capitaliter
455 1742 688 1781 secundum
726 1741 862 1795 legem
903 1741 1056 1781 Christi
1094 1751 1231 1781 totam
1268 1741 1354 1780 iam
1393 1741 1502 1780 mili·
1519 1751 1668 1812 sochmuiccff
1695 1750 1795 1812 ‹ggtilge

185 1819 345 1850 tantem
378 1810 609 1861 ecclesiam,
641 1820 742 1850 tunc
775 1819 835 1850 est
867 1810 953 1850 eius
978 1811 1237 1863 particularis
1262 1810 1504 1863 capitaneus
1536 1807 1779 1882 unvdeerrmlliignffo-

186 1880 262 1918 sub
295 1879 543 1932 archicapite
566 1880 742 1919 domino
765 1880 859 1919 Jesu
884 1879 1066 1921 Christo.
1101 1881 1195 1920 Hoc
1219 1888 1362 1919 autem
1385 1880 1506 1919 debet
1738 1874 1744 1881 ’

186 1949 370 2002 supponi
413 1949 456 1988 in
501 1949 677 1989 domino
722 1950 919 1988 Romano
964 1948 1178 2002 pontifice,
1223 1949 1302 1988 nisi
1346 1949 1505 1988 factum

130 2021 169 2054 25
185 2018 333 2058 doceat
377 2019 588 2058 evidenter
631 2018 894 2071 oppositum,
940 2032 1039 2058 cum
1084 2019 1216 2059 clerus
1259 2019 1344 2058 iam
1387 2034 1503 2072 pere-

183 2088 352 2141 grinans
385 2088 594 2128 consensit
631 2088 673 2127 in
712 2102 811 2128 eum
849 2097 895 2128 ut
927 2089 1206 2142 capitaneum.
1251 2089 1502 2142 Verumpta—

184 2171 281 2197 men
313 2171 401 2197 non
434 2166 493 2197 est
523 2158 565 2198 in
598 2166 803 2211 potestate
847 2157 1022 2197 alicuius
1055 2158 1266 2198 christiani
1298 2158 1501 2198 constitu-

185 2226 316 2281 cione7
341 2227 549 2266 eleccione
564 2228 629 2266 vel
651 2227 942 2280 acceptacione
965 2236 1146 2267 statuere
1169 2228 1285 2280 quod
1304 2227 1502 2267 dominus

184 2310 293 2349 papa
314 2297 366 2336 sit
388 2305 513 2349 caput
526 2297 592 2336 vel
609 2298 850 2336 membrum
866 2306 1005 2336 sancte
1022 2297 1165 2336 matris
1185 2297 1367 2337 ecclesie.
1391 2298 1501 2336 Nam

126 2366 167 2398 30
182 2365 262 2406 hoc
296 2366 484 2406 consistit
514 2366 555 2405 in
588 2367 946 2420 predestinacione
979 2375 1018 2406 et
1049 2367 1187 2419 gracia
1208 2365 1284 2405 Dei
1307 2365 1450 2406 nostri.

240 2435 286 2474 In
317 2435 393 2475 ista
424 2449 522 2475 vero
554 2436 727 2476 materia
759 2445 856 2475 sunt
888 2435 1096 2489 quotlibet
1138 2435 1410 2490 subterfugia]
1454 2444 1606 2482 utgome
1627 2455 1788 2492 denythat

144 2514 291 2544 aunus
324 2505 423 2545 dicit
453 2506 569 2559 quod
601 2505 716 2546 nulla
747 2515 879 2546 mater
911 2505 1082 2545 ecclesia
1113 2514 1251 2558 potest
1283 2516 1389 2558 esse;
1426 2505 1497 2545 sed
1564 2491 1730 2560 tffiffisscsjss

240 2639 322 2674 4.B=
343 2645 408 2668 tum
422 2642 528 2668 ambo.
549 2641 571 2668 B
592 2641 622 2668 in
644 2649 748 2676 marg:
767 2641 838 2668 Non
859 2645 904 2668 est
924 2640 1093 2668 imitandus
1115 2640 1213 2667 malus
1229 2641 1364 2676 prelatus
1379 2647 1436 2667 nec
1453 2645 1497 2667 est

181 2686 392 2714 obediendum
413 2687 440 2714 ei
460 2687 490 2715 in
511 2687 568 2714 hoc
589 2691 671 2723 quod
692 2687 771 2715 male
791 2687 871 2714 facit.
984 2696 1011 2723 7.
1033 2686 1071 2713 B:
1093 2686 1165 2713 hinc
1186 2686 1312 2714 debens.
1415 2687 1452 2715 13.
1474 2686 1496 2713 B

181 2733 212 2760 in
232 2740 334 2768 marg:
355 2733 403 2760 Ps.
424 2742 476 2768 44.
601 2732 642 2760 18.
663 2733 723 2760 AB
745 2733 774 2760 in
796 2741 898 2769 marg:
925 2731 1065 2768 Septima
1086 2733 1263 2767 conclusio;
1292 2733 1321 2760 A
1341 2732 1371 2760 in
1392 2741 1494 2768 marg:

182 2778 264 2813 Papa
290 2779 315 2806 si
342 2784 387 2807 est
415 2779 642 2814 predestinatus
670 2784 698 2806 et
723 2785 845 2807 exercet
871 2780 1026 2815 pastorale
1052 2779 1201 2815 officium,
1228 2784 1273 2807 est
1303 2784 1395 2814 caput
1414 2784 1496 2806 tante

182 2826 312 2853 ecclesie
333 2830 477 2861 quantam
499 2826 575 2861 regit
595 2827 706 2861 (above
728 2826 787 2854 130ο
801 2827 931 2854 without
952 2826 1038 2853 mark
1059 2825 1094 2852 of
1111 2825 1292 2859 reference).
1414 2824 1452 2852 31.
1468 2826 1493 2852 A

184 2872 213 2898 in
236 2880 337 2907 marg:
360 2871 476 2899 Conlra
498 2872 567 2899 illos
588 2872 638 2906 qui
660 2877 771 2906 negant
794 2873 956 2900 ecclesiam
978 2881 1057 2899 esse.

1362 2920 1403 2952 2*
