2051 3273
218 213 299 264 354
936 221 1160 254 JOHANNIS
1190 221 1388 253 WYCLIF.
1628 206 1732 264 [CAP.
1755 217 1824 246 xv.

506 326 716 379 acquirere
748 339 927 378 regnum
960 336 1167 366 nostrum.
1202 325 1255 364 Et
1286 325 1398 364 idem
1431 335 1491 364 est
1531 324 1735 363 iudicium
1777 325 1826 363 de
1846 334 1924 378 178²
1947 336 1976 368 Τ

215 405 293 433 This
320 405 346 432 is
372 396 707 436 evidentomnibus
751 397 839 436 aliis
872 396 1006 450 regnis
1050 395 1211 435 mundi.
1257 396 1310 434 Et
1353 393 1604 447 possibilitas
1652 393 1827 433 minoris

226 475 307 503 [his
328 439 621 519 &sedeces-patet
653 466 889 518 tripliciter:
923 466 1065 505 Primo
1112 479 1159 504 ex
1191 465 1271 504 hoc
1294 462 1319 490 ’³‘
1342 465 1457 517 quod
1502 463 1636 503 taliter
1677 463 1827 516 ligatus
1850 470 1925 514 178¹³
1949 473 1966 504 1

254 510 451 606 Ξξὲῐξὲᾗῆῗὲξ
508 545 568 575 est
599 549 667 574 rex
700 535 911 574 Johannes
945 549 1042 575 cum
1072 548 1202 588 regno
1235 534 1301 589 (ut
1340 531 1506 588 dicitur)
1540 534 1681 586 quoad
1714 533 1828 572 mille

445 601 451 613 ²
508 617 680 655 marcaS,
727 613 766 643 et
805 604 917 643 idem
949 605 1152 645 iudicium
1188 614 1249 644 est
1281 605 1331 643 de
1363 613 1467 643 toto.
1517 603 1712 643 Secundo
1756 611 1867 655 per2

508 674 588 712 hoc
640 674 757 726 quod
810 674 932 713 multi
989 675 1163 714 credunt
1214 687 1369 727 papam
1421 674 1569 712 debere
1621 672 1827 711 dominari

215 760 239 779 2.
262 752 310 778 the
332 759 477 786 supreme
509 742 746 782 seculariter
785 752 824 782 et
856 744 1084 796 capitaliter
1115 744 1192 784 toti
1226 744 1404 793 mundo,
1450 755 1525 781 nec
1572 742 1674 781 verti
1709 743 1829 781 debet

214 785 492 848 ivogr‘iiiilspclcz'ifniiiez
508 811 549 850 in
572 812 750 851 dubium
773 812 873 865 quin
898 826 965 851 rex
1005 822 1045 852 et
1074 827 1251 866 regnum
1284 820 1457 865 possent
1486 811 1670 864 obligare
1703 825 1746 850 se
1778 811 1830 850 ad

279 855 328 882 for
348 856 427 889 1nm;
506 890 666 920 tantam
700 882 975 921 elemosinam
1009 892 1271 936 perpetuam.
1319 882 1400 922 Sed
1433 881 1498 921 cui
1538 881 1567 920 si
1603 894 1689 920 non
1722 894 1830 933 pape

507 950 580 1004 qui
612 960 749 1003 potest
778 951 1097 991 absolucionem
1131 961 1169 991 et
1198 951 1563 1004 dispensacionem
1595 963 1719 1003 super
1749 951 1829 990 isto
1851 969 1888 990 10

507 1020 584 1059 soli
601 1021 797 1059 Romano
820 1020 1010 1073 pontifici
1033 1017 1264 1061 reservare?
1289 1021 1354 1060 Sic
1378 1020 1489 1059 enim
1513 1019 1612 1059 dicit
1644 1033 1685 1058 se
1708 1033 1831 1072 posse

507 1090 750 1143 restringere
773 1099 1001 1142 potestates
1026 1090 1209 1130 clavium
1242 1091 1291 1129 de
1314 1089 1575 1143 plenitudine
1599 1089 1828 1142 potestatis.

216 1169 239 1196 3.
257 1176 314 1207 any
330 1168 493 1215 limitanea
509 1159 660 1199 Tercio
685 1159 956 1199 confirmatur
983 1174 1056 1212 per
1078 1160 1157 1199 hoc
1181 1160 1297 1213 quod
1323 1160 1411 1212 ipse
1432 1159 1559 1198 habet
1580 1167 1831 1211 potestatem
1847 1169 1872 1201 3

228 1203 331 1265 &23¹1ss
352 1211 481 1265 3353&
508 1229 990 1281 incomprehensibilem,
1031 1230 1097 1268 cui
1136 1243 1221 1268 non
1260 1229 1355 1269 licet
1397 1228 1500 1268 fines
1532 1242 1700 1281 ponere,
1734 1228 1832 1282 quia

228 1278 259 1300 ¹⁰
280 1273 482 1334 meelafflfgmal
509 1307 610 1337 tunc
634 1298 926 1337 formidandus
956 1308 1075 1349 esset,
1109 1299 1142 1337 si
1175 1299 1334 1338 excedit
1354 1298 1508 1338 limites
1530 1298 1763 1351 potestatis,
1794 1307 1832 1338 et
1853 1307 1888 1340 15

508 1367 705 1407 titubaret
755 1367 857 1407 fides
910 1369 960 1407 de
1012 1377 1218 1421 potestate
1271 1368 1466 1419 clavium,
1520 1378 1560 1407 et
1612 1368 1832 1408 manifeste

508 1446 751 1490 sequeretur
784 1438 1032 1490 oppositum
1073 1438 1233 1477 articuli
1273 1438 1438 1477 noviter
1470 1438 1722 1488 catholicati,
1755 1437 1831 1477 sci-

508 1507 602 1546 licet
633 1507 751 1560 quod
783 1521 870 1546 non
903 1521 952 1547 eo
984 1507 1076 1560 ipso
1109 1522 1196 1561 quo
1230 1507 1438 1560 pretendit
1470 1521 1512 1547 se
1544 1507 1832 1561 quovismodo

509 1576 669 1615 solvere
700 1576 765 1615 vel
796 1576 936 1629 ligare,
971 1591 1020 1616 eo
1053 1577 1146 1630 ipso
1179 1577 1236 1617 sic
1269 1577 1393 1617 solvit
1424 1577 1489 1616 vel
1521 1577 1632 1630 ligat.

569 1646 613 1685 In
669 1647 770 1685 tales
817 1646 998 1686 insanias
1054 1646 1311 1687 inducuntur
1362 1646 1494 1700 ignari
1550 1646 1736 1700 episcopi
1796 1655 1884 1688 etV

512 1716 707 1755 doctores
740 1715 936 1755 facientes
968 1716 1158 1770 ydiotam
1183 1717 1346 1756 credere
1369 1717 1485 1770 quod
1506 1725 1646 1769 potest
1667 1725 1833 1756 tanturn

513 1785 645 1824 facere
696 1785 739 1824 in
787 1785 957 1825 ecclesia
1002 1785 1109 1825 sicut
1149 1785 1353 1825 Christus.
1408 1786 1530 1826 Unde
1563 1786 1834 1839 episcopus

246 1865 410 1904 Assa-tion
440 1864 475 1892 of
511 1854 773 1895 Roffensis
819 1855 945 1895 dixit
999 1856 1121 1895 mihi
1175 1856 1222 1894 in
1268 1855 1474 1908 publico
1519 1856 1833 1908 parlamento

242 1899 479 1962 thfiobcilspsqpref
512 1924 800 1964 stomachante
824 1925 970 1977 spiritu
993 1926 1109 1979 quod
1133 1925 1428 1965 conclusiones
1451 1938 1542 1964 mee
1566 1934 1664 1964 sunt
1686 1926 1833 1978 damp-

511 2003 618 2045 nate,
664 1994 771 2034 sicut
802 1994 1070 2034 testificatum
1103 2004 1164 2034 est
1195 1994 1271 2034 sibi
1318 1995 1368 2033 de
1413 1993 1525 2034 curia
1569 2007 1641 2046 per
1683 1995 1834 2034 instru-
1852 2004 1891 2037 25

510 2072 705 2103 mentum
757 2064 922 2105 notarii.
981 2066 1034 2104 Et
1083 2064 1223 2104 visum
1275 2073 1335 2104 est
1393 2064 1537 2103 multis
1591 2065 1707 2117 quod
1759 2064 1836 2104 fuit

510 2133 686 2173 assercio
709 2133 941 2185 indiscreta,
958 2133 1096 2187 primo
1112 2134 1210 2187 quia
1224 2134 1419 2186 vergebat
1441 2134 1493 2172 ad
1517 2133 1628 2173 curie
1642 2134 1865 2177 Romanel

511 2202 858 2255 defamacionem,
903 2204 1090 2243 secundo
1132 2203 1230 2256 quia
1262 2203 1505 2256 implicabat
1548 2203 1655 2255 regis
1704 2203 1874 2247 nostri2

512 2281 551 2311 et
583 2272 697 2325 regni
735 2273 1150 2323 scandalizacionem‚
1196 2282 1236 2313 et
1276 2273 1402 2312 tercio
1446 2272 1545 2325 quia
1589 2273 1876 2316 ostendebat3

512 2341 576 2380 sui
610 2350 648 2381 et
671 2341 846 2381 fratrum
868 2356 1042 2381 suorum
1060 2352 1384 2381 consentaneam
1408 2341 1702 2394 suspicionem.
1738 2343 1834 2381 Non
1850 2353 1893 2385 30

514 2410 625 2449 enim
658 2420 745 2450 tam
777 2411 987 2464 signanter
1018 2411 1230 2451 mitterent
1264 2411 1406 2450 fratres
1450 2411 1537 2451 eius
1571 2411 1647 2449 sibi
1681 2411 1835 2450 dictam

513 2480 880 2532 dampnacionem,
932 2481 1010 2519 nisi
1063 2481 1360 2533 applaudendo
1426 2481 1477 2519 de
1543 2480 1651 2520 facto
1717 2480 1834 2519 cuius

513 2558 687 2602 utraque
736 2564 829 2602 pars
875 2549 980 2589 foret
1033 2559 1178 2590 auctor
1220 2551 1285 2589 vel
1338 2549 1486 2601 fautor,
1538 2563 1612 2588 nec
1657 2549 1835 2588 dubium

514 2618 615 2671 quin
668 2628 801 2658 stante
845 2619 1007 2659 iusticia
1058 2619 1165 2659 dicte
1211 2618 1528 2672 dampnacionis
1581 2632 1679 2658 cum
1725 2618 1835 2657 facto

567 2810 587 2827 1.
609 2801 648 2828 B:
670 2801 752 2828 idem
768 2801 927 2828 iudicium.
1037 2800 1075 2828 15.
1098 2800 1139 2827 16.
1162 2800 1199 2827 B:
1221 2799 1383 2827 Potestatis
1398 2800 1550 2827 titubaret.
1659 2806 1706 2833 24.
1728 2799 1757 2826 A
1776 2799 1833 2834 Al:

516 2848 751 2876 stomachando.
894 2845 937 2875 33.
958 2848 987 2874 A
1007 2846 1036 2874 in
1058 2855 1173 2882 marga
1197 2846 1377 2874 Conclusio.
