2051 3343
185 247 272 276 CAP.
283 239 342 292 ν]
689 251 748 282 DE
775 249 1007 282 ECCLESIA.
1729 254 1739 277 1
1757 253 1768 277 1
1787 254 1797 278 1

49 363 190 406 R143’s1
263 354 475 393 Dissensio
507 363 649 394 autem
681 363 741 394 est
763 363 864 407 aput
888 355 1079 394 doctores
1103 363 1284 405 nostros,
1318 367 1366 393 eo
1400 355 1515 407 quod
1555 361 1776 410 Diqffevrericqof

162 434 187 467 2
205 423 333 477 aliqui
348 423 587 476 intelligunt
608 423 737 463 fidem
760 424 1022 477 aggregative
1044 437 1120 476 pro
1138 423 1364 463 adhesione
1382 423 1515 476 prima
1541 404 1730 459 affiillnaiili
1750 403 1786 459 i?

207 506 304 532 cum
335 492 656 546 imperfeccione
689 502 901 547 sequente.
935 493 1079 546 Aliqui
1112 502 1252 532 autem
1275 493 1514 546 intelligunt

203 562 332 602 fidem
362 563 634 616 personaliter
679 577 754 616 pro
787 563 856 602 illa
902 563 1128 603 adhesione
1176 562 1242 602 cui
1288 562 1394 602 inest
1441 576 1515 615 per

167 640 183 673 5
203 632 392 671 accidens
424 632 598 672 intuicio
630 633 696 672 vel
725 633 901 686 enigma.
936 633 1008 672 Illa
1030 641 1172 672 autem
1194 632 1329 685 prima
1343 631 1511 671 adhesio

201 701 427 754 precedens
460 702 672 742 racionem
720 711 780 742 est
823 702 1010 741 eiusdem
1054 702 1231 742 racionis
1278 701 1344 740 hic
1388 710 1427 740 et
1469 700 1510 739 in

199 770 344 823 patria,
378 771 449 811 sed
481 771 536 810 ibi
567 771 742 811 validior
775 770 899 825 (sicut
931 771 1026 810 alibi
1050 770 1196 811 diffuse
1229 769 1433 826 exposui).
1459 771 1512 809 Et

201 841 258 880 sic
290 855 438 881 omnes
471 842 740 895 predestinati
780 842 934 882 habent
973 841 1171 881 continue
1210 841 1338 881 fidem
1376 840 1511 894 gracia

199 910 571 963 predestinacionis
604 911 842 963 formatam,
877 920 915 951 et
947 910 1002 951 sic
1034 924 1120 950 non
1166 909 1274 950 cadit
1321 924 1343 948 a
1375 923 1508 949 mem-

144 998 183 1019 10
198 979 279 1019 bris
313 980 480 1020 ecclesie
519 995 593 1034 per
639 982 827 1033 mortale,
861 990 907 1021 ut
953 990 1066 1034 patet
1097 980 1185 1032 1110,
1219 980 1280 1019 De
1312 979 1511 1020 Doctrina

200 1048 434 1090 Christiana
455 1050 644 1103 XXX110,
678 1060 716 1090 et
739 1050 916 1104 epistola
938 1051 1130 1091 XXXHla
1157 1051 1207 1089 ad
1230 1049 1508 1089 Bonifacium.

201 1119 391 1172 Explicat
437 1120 516 1161 hoc
561 1121 611 1160 de
662 1120 794 1160 David
818 1130 858 1161 et
889 1121 1031 1173 Petr03
1084 1121 1134 1159 de
1185 1119 1318 1159 David
1369 1129 1511 1159 autem

201 1189 394 1242 explanat
415 1190 495 1230 hoc
518 1190 559 1229 in
592 1190 699 1229 libro
722 1191 783 1229 De
806 1189 915 1230 Octo
951 1189 1255 1239 Questionibus
1288 1190 1339 1228 ad
1371 1190 1512 1229 Dulci-

206 1258 318 1298 cium
349 1259 535 1299 amicum
567 1270 712 1312 suum3
746 1273 930 1313 quorum
962 1259 1158 1299 omnium
1179 1259 1289 1299 racio
1323 1268 1383 1299 est
1414 1259 1513 1312 quia

149 1336 184 1367 15
204 1329 317 1368 Deus
346 1342 432 1368 non
455 1338 594 1382 potest
626 1343 888 1384 quemquam
919 1329 1080 1370 noviter
1103 1329 1272 1382 diligere
1295 1329 1360 1368 vel
1383 1329 1511 1381 odire,

203 1399 274 1437 sed
306 1400 382 1438 sub
397 1413 669 1453 quocumque
701 1400 831 1453 gradu
863 1408 975 1440 amat
1006 1400 1071 1439 vel
1093 1399 1182 1439 odit
1213 1399 1410 1452 aliquem,
1435 1399 1511 1437 sub

203 1469 353 1508 eodem
385 1470 515 1523 gradu
549 1469 781 1509 eternaliter
824 1469 880 1509 sic
920 1478 1032 1509 amat
1063 1469 1127 1508 vel
1173 1469 1272 1509 odit.
1320 1470 1405 1508 Nec
1454 1477 1513 1508 est

202 1538 441 1578 detestabile
485 1540 601 1593 quod
641 1540 754 1579 Deus
800 1553 964 1593 semper
1008 1539 1097 1579 odit
1138 1539 1281 1579 beatos
1325 1539 1367 1578 in
1410 1539 1511 1591 celo,

199 1620 297 1647 nam
330 1622 494 1662 semper
526 1609 614 1649 odit
653 1618 822 1663 peccata
870 1623 1018 1649 eorum
1061 1608 1268 1662 preterita,
1302 1622 1388 1648 non
1435 1622 1510 1662 pro

143 1692 184 1714 20
199 1691 373 1730 semper,
406 1678 501 1718 ideo
534 1693 698 1733 semper
731 1688 842 1719 amat
875 1693 945 1719 eos
978 1693 1054 1732 pro
1100 1678 1352 1731 sempiterna
1384 1678 1508 1731 glori-

197 1746 411 1788 ficacione.
430 1749 554 1789 Unde
587 1749 757 1789 ecclesia
790 1749 1129 1788 excommunicat
1153 1749 1250 1788 tales
1275 1762 1384 1800 cum,
1408 1748 1508 1801 ipsis
1524 1739 1797 1811 m}3¹,¹erigclll¹tfi¹§⁶{¹x,

199 1817 466 1858 existentibus
498 1818 540 1858 in
572 1819 754 1870 mortali,
788 1818 976 1859 notificat
1016 1833 1087 1859 eos
1126 1818 1275 1872 privari
1314 1832 1506 1858 commu·
1540 1815 1776 1880 tsslsgnssslmfgssffgssffi

197 1886 324 1926 nione
357 1897 599 1928 sanctorum
631 1889 866 1929 secundum
896 1897 1134 1942 presentem
1165 1888 1388 1940 iusticiam,
1413 1901 1509 1928 curn
1534 1880 1791 1941 ?1{¹gnfag¹f{³‘}}0⁶sst

197 1956 425 1997 humidum
468 1957 602 1998 fluens
646 1959 698 1998 ad
750 1968 918 2012 tempus
963 1959 1019 1998 eis
1068 1957 1244 2010 deficiat,
1289 1972 1508 2011 nunquam
1558 1948 1765 2011 thectffifsygff

142 2028 180 2061 25
197 2036 338 2067 autem
369 2028 692 2068 anathematizat
723 2029 824 2069 tales
855 2030 920 2068 vel
963 2028 1139 2069 omnino
1172 2028 1320 2068 dividit
1363 2042 1385 2067 a
1419 2042 1508 2067 cor-

195 2110 297 2149 pore
330 2096 484 2137 Christi
517 2111 591 2138 nec
623 2107 774 2151 potest.
809 2099 862 2138 Et
899 2099 978 2138 ista
1022 2106 1083 2138 est
1120 2098 1369 2151 plerumque
1415 2111 1507 2137 sen-

197 2166 331 2205 tencia
362 2168 602 2221 Augustini,
636 2168 668 2209 si
701 2169 803 2208 bene
836 2168 1066 2222 inspicitur,
1106 2182 1192 2208 non
1223 2168 1267 2207 in.
1299 2168 1411 2207 dolo.
1456 2168 1511 2207 Et

194 2245 308 2288 patet
340 2251 386 2276 ex
419 2237 635 2277 solucione
674 2237 856 2291 proximi
894 2238 1128 2292 argumenti
1161 2247 1200 2278 et
1230 2238 1370 2290 huius,
1403 2251 1509 2291 quo-

196 2307 325 2346 modo
348 2305 638 2361 intelliguntur
669 2308 798 2348 sancti
828 2308 1046 2361 Ysidorus,
1071 2309 1131 2348 De
1164 2307 1355 2348 Summo
1375 2308 1509 2347 Bono.

1528 836 1573 862 All
1595 834 1645 862 the
1667 835 1803 870 predest-

1526 870 1606 897 inate
1633 871 1707 897 have
1729 870 1801 898 saith

1525 905 1586 931 and
1609 909 1724 932 cannot
1738 907 1803 932 lose

1525 939 1545 966 it
1556 947 1631 967 even
1643 940 1682 978 ny
1693 941 1801 968 morta}

1639 982 1698 1002 sin.

246 2437 271 2456 2.
292 2430 316 2459 3.
330 2430 474 2466 B:prima
494 2431 748 2467 imperfeccione.
829 2441 858 2465 4.
872 2432 910 2460 A.
924 2433 954 2460 in
976 2440 1088 2467 marga
1102 2431 1273 2467 Dupliciter
1293 2432 1403 2460 dicitur
1422 2432 1508 2460 fides.

195 2475 398 2510 (Above143d
411 2476 541 2504 without
565 2478 651 2504 mark
666 2477 700 2504 of
720 2478 901 2512 reference.)
992 2486 1033 2505 10.
1054 2480 1083 2505 A
1113 2479 1142 2505 in
1165 2486 1281 2513 marga
1303 2478 1507 2513 Augustinus.

194 2528 229 2548 11.
251 2520 284 2548 In
304 2522 396 2550 codd.
418 2522 548 2558 epistola
568 2522 692 2551 XXXII.
716 2523 763 2552 Cf.
786 2524 868 2559 Opp.
889 2524 969 2559 Aug.
992 2529 1066 2552 tom.
1089 2524 1125 2557 11,
1149 2532 1216 2560 pag.
1239 2525 1302 2553 263.
1419 2523 1456 2552 13.
1478 2525 1507 2551 in

195 2567 285 2595 codd.
307 2569 334 2595 A
354 2569 410 2603 Al:
451 2569 488 2597 de
509 2570 616 2597 decem
637 2570 866 2605 questionibus.
904 2570 943 2597 13:
983 2570 1020 2597 de
1043 2571 1203 2598 conclusio
1226 2570 1323 2598 iubet.
1363 2570 1507 2605 Correxi;

194 2613 234 2640 cf.
256 2613 338 2649 Opp.
359 2616 439 2650 Aug.
462 2614 513 2651 VI,
535 2624 603 2651 pag.
632 2624 685 2644 121.
705 2617 734 2644 A
753 2616 784 2643 in
814 2624 926 2652 marg:
956 2616 1039 2643 Deus
1065 2616 1131 2643 odit
1150 2617 1186 2643 ab
1218 2621 1323 2645 eterno
1353 2623 1382 2645 et
1413 2617 1511 2652 diligit

194 2667 274 2695 quos
295 2661 395 2696 diligit
418 2667 446 2689 et
466 2662 543 2692 odit.
671 2663 712 2690 16.
734 2662 774 2690 B:
795 2663 840 2691 sic
861 2668 953 2691 amat.

256 2766 308 2799 29.
335 2756 413 2789 Isid.
430 2758 481 2789 De
508 2758 655 2790 Summo
672 2759 785 2797 Bono,
801 2758 858 2790 lib.
885 2758 909 2799 1,
924 2768 997 2801 cap.
1010 2758 1104 2791 XIX:
1124 2758 1248 2791 Sancta
1263 2760 1411 2793 ecclesia
1429 2759 1508 2792 ideo

197 2812 321 2845 dicitur
347 2814 517 2848 catholica
536 2826 600 2859 pro
622 2826 664 2848 eo
684 2817 779 2857 quod
794 2815 1036 2850 universaliter
1050 2828 1110 2860 per
1122 2828 1265 2849 omnem
1281 2819 1323 2850 sit
1339 2819 1509 2850 mundum

199 2871 334 2904 diffusa.
362 2873 451 2905 Nam
476 2873 711 2907 hereticorum
742 2873 888 2907 ecclesie
910 2875 943 2907 in
970 2875 1125 2917 partibus
1154 2877 1274 2908 mundi
1303 2884 1509 2909 coartantur.
