2051 3343
219 219 270 256 26
927 227 1150 259 JOHANNIS
1175 226 1370 258 WYCLIF.
1664 214 1768 271 [(ῑΑΡ7
1782 224 1819 251 11.

243 346 289 374 He
311 349 414 373 meant
433 349 463 371 10
508 346 655 373 omnes
701 331 909 385 principes
956 332 1082 370 seculi
1128 345 1271 372 secum
1320 341 1611 371 conversantes
1667 332 1973 375 debent131⁰A

216 380 648 456 Cigigiicihivfoaiii'parere
682 401 757 440 sibi
791 410 830 440 et
862 401 1100 454 cuicunque
1122 415 1229 454 pape
1263 401 1334 455 qui
1367 400 1490 440 fuerit
1521 414 1597 453 pro
1630 411 1820 453 tempore

234 455 408 520 prmffisptee
428 449 479 476 the
507 481 551 512 ut
575 471 698 524 capiti
722 480 860 510 sancte
881 470 1026 515 matris
1050 471 1231 510 ecclesie.
1262 472 1323 510 Ex
1346 484 1432 524 quo
1455 470 1620 510 videtur
1647 470 1820 510 innuere

506 543 622 596 quod
665 541 752 593 ipse
798 549 837 579 et
883 540 1126 593 quicunque
1157 554 1266 593 papa
1317 541 1368 580 sit
1410 548 1535 593 caput
1578 540 1820 580 universalis

506 610 688 651 ecclesie.
741 610 794 649 Et
853 610 1000 649 eodem
1058 610 1191 649 modo
1247 609 1411 650 videtur
1461 610 1578 663 quod
1628 610 1854 663 intelligit5

504 682 744 720 Romanam
789 679 1006 719 ecclesiam
1050 679 1311 733 singulariter
1353 680 1469 719 illam
1514 679 1557 718 in
1604 693 1688 733 qua
1732 680 1821 733 ipse

505 750 685 803 presidet
717 762 814 788 cum
839 748 1117 788 cardinalibus
1151 749 1216 788 cui
1246 749 1297 789 sit
1326 749 1608 789 necessarium
1638 749 1819 789 obedire.

281 845 428 872 Answer:
563 820 642 859 Hic
676 819 825 858 dicitur
862 818 979 871 quod
1011 818 1151 858 nullus
1174 832 1283 871 papa
1316 818 1414 857 citra
1438 817 1653 858 Christum
1684 827 1823 871 potest

216 880 489 942 “{ssissffiffgffffit'
505 888 706 928 catholice
738 888 843 927 illud
873 888 1106 927 intendere:
1152 888 1247 927 ideo
1290 901 1377 927 non
1410 888 1532 927 debet
1563 887 1747 941 supponi
1778 887 1822 927 in

231 950 415 984 blasphemy
442 954 472 976 to

269 985 321 1012 the
341 984 436 1019 Pope.
504 959 680 999 domino
725 973 834 1012 papa
876 968 992 998 tanta
1030 958 1258 998 blasfemia.
1304 959 1414 998 Nam
1446 958 1561 997 iuxta
1592 958 1879 998 secundam1o

503 1029 821 1069 conclusionem
855 1028 979 1068 unica
1011 1037 1071 1068 est
1101 1028 1193 1067 talis
1227 1028 1398 1067 ecclesia
1443 1027 1560 1067 cuius
1605 1036 1730 1080 caput
1761 1036 1821 1066 est

503 1099 710 1150 Christus,
745 1107 784 1138 et
816 1112 902 1137 non
934 1098 1059 1137 habet
1090 1098 1133 1136 in
1165 1097 1282 1137 terris
1320 1097 1454 1137 multa
1495 1097 1643 1150 capita,
1682 1110 1734 1136 ne
1773 1096 1824 1136 sit

501 1178 753 1209 monstrum.
771 1168 885 1208 Cum
908 1181 1005 1221 ergo
1028 1167 1171 1207 nullus
1186 1166 1339 1207 Christi
1353 1166 1530 1206 vicarius
1548 1166 1600 1206 sit
1615 1166 1820 1218 Christus,

503 1239 693 1293 sequitur
724 1239 842 1292 quod
873 1238 1014 1277 nullus
1061 1237 1215 1277 Christi
1247 1237 1424 1277 vicarius
1457 1237 1509 1276 sit
1553 1245 1680 1290 caput
1710 1236 1821 1277 illius

504 1308 687 1349 ecclesie.
735 1308 1001 1347 Antecedens
1050 1307 1168 1347 istius
1214 1307 1521 1360 consequencie
1565 1306 1741 1359 ponitur
1780 1306 1880 1346 in15

504 1380 614 1419 dicta
646 1378 839 1418 decretali
878 1378 1112 1417 secundum
1145 1377 1377 1430 quamlibet
1410 1376 1497 1415 eius
1529 1384 1703 1428 partem.
1737 1377 1824 1416 Nec

503 1449 668 1489 videtur
713 1448 969 1487 catholicum
1010 1448 1127 1500 quod
1170 1447 1279 1486 dicta
1323 1445 1537 1486 decretalis
1581 1446 1631 1485 sit
1662 1445 1705 1484 in
1743 1446 1824 1485 hoc

505 1518 778 1571 impossibilis
810 1518 876 1557 vel
908 1517 1145 1570 improvide
1178 1516 1315 1570 posita
1360 1517 1502 1570 quoad
1534 1515 1717 1570 logicam
1760 1516 1825 1554 vel

505 1587 851 1641 metaphysicam.

212 1679 273 1706 Itis
288 1679 491 1714 urged1.that
564 1658 645 1698 Sed
678 1657 744 1697 hic
783 1666 926 1710 posset
968 1656 1214 1710 responderi
1249 1655 1482 1709 tripliciter:
1528 1655 1666 1708 primo
1707 1656 1854 1708 quodl

226 1713 329 1741 Christ
349 1714 409 1741 and
430 1713 478 1740 his
600 1728 606 1733 -
1131 1727 1137 1733 .
1456 1725 1463 1732 .
1541 1725 1549 1732 .

266 1749 442 1775 successive
508 1728 700 1768 Chrlstus
744 1735 784 1766 et
826 1736 915 1767 [Ota
963 1740 1169 1767 Successlo
1208 1740 1385 1766 suorum
1427 1738 1680 1765 Vlcarlorum
1728 1733 1825 1764 SUH‘(

214 1784 314 1811 vicars
341 1784 430 1810 make
451 1791 490 1818 up
1065 1796 1072 1803 -

268 1826 327 1845 one
349 1818 445 1845 Head.
507 1812 643 1838 unum
693 1806 818 1850 caput
867 1806 1141 1851 aggregative,
1180 1797 1253 1835 sed
1296 1796 1435 1835 nullus
1480 1809 1628 1835 eorum
1666 1808 1738 1847 per
1769 1807 1864 1834 sea

217 1876 493 1946 Tliissagssssiss⁵0¹i¹e
508 1868 810 1907 Verumtamen
834 1880 919 1906 non
944 1868 1067 1906 credo
1090 1866 1276 1919 aliquem
1298 1865 1554 1905 catholicum
1577 1865 1665 1905 sani
1683 1864 1827 1917 capitis

296 1946 409 1981 Christ,
507 1937 587 1976 hoc
627 1937 791 1988 sentire,
831 1937 929 1990 quia
960 1945 1061 1976 tunc
1094 1945 1314 1989 negaretur
1337 1935 1552 1975 Christum
1586 1949 1675 1975 esse
1703 1942 1827 1987 caput

508 2007 751 2046 universalis
771 2006 954 2057 ecclesie,
971 2007 1043 2046 sed
1059 2019 1193 2045 unum
1213 2014 1484 2059 aggregatum
1499 2005 1615 2045 cuius
1632 2004 1823 2045 Christus
1841 2009 1880 2041 25

505 2076 611 2116 foret
644 2089 752 2129 pars,
786 2085 826 2116 et
858 2076 914 2115 sic
936 2076 1148 2128 integrum
1180 2089 1333 2128 corpus
1357 2074 1510 2114 Christi
1544 2088 1631 2114 non
1654 2074 1824 2113 haberet

507 2146 725 2186 Christum
757 2156 901 2199 caput;
950 2146 1067 2199 quod
1098 2154 1249 2197 reputo
1282 2158 1368 2184 non
1414 2145 1554 2184 minus
1593 2144 1825 2183 hereticum

506 2230 636 2269 quam
680 2215 946 2257 blasfemum.
993 2215 1202 2266 Similiter,
1243 2228 1341 2254 cum
1374 2214 1562 2254 Christus
1604 2214 1655 2253 sit
1699 2219 1865 2265 caputb

505 2286 642 2326 tocius
673 2285 956 2325 multitudinis
988 2285 1241 2324 vicariorum
1281 2298 1458 2324 suorum
1505 2293 1544 2323 et
1589 2282 1668 2335 ipsi
1702 2291 1826 2335 caput

507 2356 641 2395 tocius
700 2355 868 2406 residui,
926 2355 1091 2394 videtur
1154 2355 1271 2407 quod
1328 2354 1416 2407 ipse
1480 2353 1530 2393 sit
1586 2352 1826 2405 archicaput
1843 2357 1884 2389 30

506 2426 641 2466 tocius
675 2425 845 2465 ecclesie
878 2434 917 2464 et
949 2425 1090 2464 nullus
1122 2437 1283 2464 eorum.
1325 2425 1510 2464 Vocatur
1556 2422 1669 2462 enim
1702 2430 1861 2474 caputo

507 2495 649 2534 matris
682 2494 851 2534 ecclesie
884 2495 999 2548 quod
1034 2508 1120 2533 non
1154 2493 1441 2534 communicat
1485 2506 1582 2532 cum
1626 2491 1825 2531 membris

508 2564 695 2618 corporis
728 2565 770 2603 in
803 2573 951 2604 natura
983 2565 1061 2604 alia
1094 2564 1309 2617 singulari,
1354 2564 1451 2617 quia
1495 2563 1611 2602 aliter
1654 2562 1824 2600 haberet

567 2687 585 2705 1.
597 2678 642 2705 A:
657 2682 876 2705 conversantes
889 2686 1005 2713 parcre.
1020 2679 1076 2713 Al:
1096 2682 1235 2713 parerent
1248 2677 1379 2704 correxit
1392 2677 1420 2703 in
1434 2685 1532 2711 marg.
1605 2675 1630 2703 S.
1647 2675 1667 2702 Β
1680 2675 1709 2702 in
1723 2682 1825 2709 marg:

506 2725 693 2759 Responsio.
784 2732 830 2751 20.
848 2725 868 2751 B
890 2725 919 2752 in
943 2733 1046 2760 marg:
1071 2724 1182 2752 Tercia
1204 2723 1377 2759 responsio.
1468 2722 1507 2750 31.
1524 2722 1545 2749 13
1566 2723 1596 2750 in
1617 2730 1720 2756 marg:
1743 2721 1825 2756 Quid

509 2775 634 2798 vocatur
654 2775 746 2806 caput
766 2771 874 2798 matris
894 2770 1044 2798 ecclesie?
1120 2768 1159 2798 33.
1181 2770 1219 2797 B:
1241 2770 1269 2798 in
1292 2776 1399 2797 natura
1420 2774 1479 2797 aut.

574 2854 621 2886 Μ’),
646 2856 778 2886 Decret.
799 2855 910 2886 Unam
929 2862 1095 2886 sanctam.
1116 2855 1252 2886 Extrav.
1276 2864 1403 2885 comm.
1420 2852 1475 2885 lib.
1494 2854 1515 2894 1,
1540 2854 1588 2885 tit.
1606 2853 1692 2893 VI[I‚
1714 2862 1787 2894 cap.
1805 2854 1825 2885 I.
