2051 3273
178 256 258 296 270
939 250 1164 283 JOHANle
1189 249 1383 283 WYCLIF.
1593 235 1696 293 [CAP.
1716 247 1782 275 xa.

466 356 653 394 canonici
707 368 789 395 non
842 355 1070 395 dimittitur
1107 362 1333 406 peccatum
1385 355 1468 394 nisi
1525 356 1932 398 restituatur1ffl3<¹o

465 426 671 476 ablatum,
708 438 794 464 non
817 426 934 478 quod
961 433 1128 477 oportet
1158 423 1408 477 spoliantem
1432 424 1646 463 restituere
1669 424 1781 462 idem

466 494 508 532 in
541 508 719 534 numero
754 494 866 534 fratri
900 508 991 545 suo,
1026 496 1097 534 sed
1130 495 1245 548 quod
1278 493 1501 533 satisfaciat
1533 493 1782 533 omnimode

467 564 643 603 domino
678 564 855 617 capitali.
908 565 999 617 Ipse
1039 574 1181 604 autem
1238 566 1327 604 vult
1386 579 1433 603 ex
1485 563 1784 604 inflexibilitate

468 647 541 672 sue
572 633 732 673 iusticie
765 635 881 686 quod
904 634 1067 674 debitor
1090 633 1311 673 satisfaciat
1332 648 1449 673 servo
1486 648 1563 673 suo
1596 633 1818 673 debitumS

207 731 239 761 ‹1ss
260 723 308 761 me
330 722 420 748 saus·
469 704 697 756 corporale,
730 712 802 743 aut
834 704 911 742 sibi
944 704 1184 757 equivalens
1206 703 1478 755 restituendo,
1510 704 1575 743 vel
1606 703 1647 742 in
1678 717 1787 756 pena

179 760 453 831 haiiffig'ixenssssffde
471 772 619 811 inferni
653 782 858 825 perpetuo
882 774 1112 813 serviendo.
1147 774 1253 812 Illud
1286 782 1427 812 autem
1457 773 1677 812 servicium
1700 787 1784 811 non

254 835 283 854 ¹¹¹
304 826 374 853 ΜΛ
472 851 533 881 est
564 842 842 893 meritorium,
876 843 982 882 sicut
1013 843 1214 883 meritum
1245 857 1330 896 quo
1363 843 1574 895 impotens
1592 842 1788 881 satisfacit

475 911 667 950 creditori
699 912 740 950 in
763 912 841 963 via,
875 914 946 951 sed
980 922 1040 952 est
1072 913 1389 952 demeritorium
1422 913 1668 965 prodessens
1702 926 1786 951 cre-

472 981 593 1020 ditori
629 982 764 1032 beato,
799 991 838 1020 et
873 982 1060 1021 crucians
1084 992 1289 1035 perpetuo
1314 982 1562 1022 creditorem
1590 982 1787 1034 dampna·
1807 998 1845 1019 10

471 1061 587 1103 tum;
633 1053 727 1091 ideo
767 1066 852 1092 non
893 1053 1124 1092 satisfaccio
1157 1055 1227 1093 sed
1261 1053 1498 1106 satispassio
1532 1052 1787 1091 nominatur.

472 1123 655 1163 Ulterius
679 1136 765 1161 non
790 1132 959 1175 oportet
980 1123 1229 1175 theologum
1263 1137 1410 1162 omnes
1432 1123 1542 1176 leges
1564 1122 1789 1161 hominum

472 1194 522 1232 de
557 1193 753 1232 servitute
788 1202 827 1232 et
859 1193 1192 1246 manucapcione
1226 1193 1443 1244 discutere,
1488 1193 1558 1232 sed
1600 1192 1695 1231 satis
1729 1200 1790 1230 est

473 1263 605 1301 dicere
649 1263 764 1315 quod
809 1263 965 1315 precise
1011 1264 1061 1302 de
1106 1271 1222 1302 tanto
1270 1272 1367 1302 sunt
1418 1262 1689 1302 racionabiles
1740 1262 1789 1299 de

473 1341 632 1385 quanto
667 1341 902 1371 consonant
935 1346 1031 1372 cum
1066 1346 1177 1371 sacra
1209 1332 1425 1385 scriptura.
1809 1335 1845 1368 15

227 1417 250 1445 5.
272 1417 338 1444 The
360 1417 415 1443 last
534 1402 696 1451 Quinto
730 1411 769 1441 et
801 1402 951 1441 ultimo
985 1416 1229 1441 accusamur
1261 1416 1283 1440 a
1315 1403 1441 1454 vulgo
1475 1416 1547 1455 per
1578 1401 1838 1454 sompnia3P

197 1453 310 1485 charge
330 1452 449 1486 against
729 1472 737 1478 .
867 1472 887 1478 ..
1007 1472 1014 1478 .
1249 1472 1271 1478 ..

193 1496 228 1514 us
249 1491 326 1514 rests
348 1495 387 1513 on
410 1495 445 1513 an
476 1471 643 1524 fingunt
674 1486 787 1510 enim
818 1471 890 1510 filu
913 1481 1038 1524 patris
1068 1473 1274 1511 mendacn
1320 1473 1539 1525 quomodo
1563 1472 1791 1511 revelatum

199 1522 312 1549 absurd
336 1522 452 1558 dream,
477 1552 537 1581 est
583 1556 761 1594 regumn
794 1543 945 1595 Anglie
994 1544 1165 1582 transire
1198 1543 1390 1595 impune,
1446 1555 1668 1594 quousque
1713 1542 1789 1580 sub

477 1613 665 1664 quodam
717 1626 811 1664 rege
869 1613 1047 1651 Ricardo
1106 1613 1273 1652 basilica
1326 1611 1688 1651 Westmonasterii
1742 1611 1791 1650 sit

478 1682 651 1734 polluta.
698 1682 811 1720 Alias
850 1691 992 1721 autem
1025 1682 1277 1721 variaciones
1316 1696 1420 1735 quas
1460 1681 1558 1720 false
1592 1680 1791 1719 fabricant
1808 1695 1849 1716 20

477 1765 562 1790 non
610 1760 778 1804 oportet
821 1751 887 1790 hic
933 1752 1115 1803 recitare,
1163 1765 1260 1791 cum
1299 1752 1567 1791 mendacium
1606 1751 1791 1789 dissonat

476 1821 552 1860 sibi
585 1821 676 1873 ipsi.
710 1822 832 1861 Unde
866 1821 1067 1874 quicquid
1100 1821 1318 1861 infortunii
1351 1835 1480 1874 regno
1508 1831 1653 1860 nostro
1687 1820 1790 1859 acci—

477 1891 582 1930 derit
626 1891 839 1943 applicant
879 1892 930 1930 ad
974 1891 1202 1930 vindictam
1245 1891 1321 1930 Dei
1366 1892 1415 1930 de
1459 1891 1530 1929 illo
1563 1890 1792 1930 homicidio

478 1960 519 1999 in
537 1961 772 2000 sanctuario
787 1969 1038 2013 perpetrato⁷
1064 1962 1134 2000 sed
1150 1961 1341 2000 nesciunt
1356 1960 1564 2013 applicare
1580 1960 1793 2012 sequelam

480 2030 557 2069 nisi
591 2044 664 2082 per
695 2030 912 2069 mendacia
945 2031 1254 2083 sompniorum.
1812 2030 1850 2063 25

189 2111 289 2138 which
305 2119 373 2146 may
391 2111 465 2138 have
539 2100 618 2139 Hic
659 2113 744 2139 non
793 2101 1003 2139 contendo
1053 2100 1083 2138 si
1123 2100 1244 2140 suerit
1282 2100 1361 2139 tale
1394 2099 1653 2152 sompnium,
1698 2099 1794 2152 quia

215 2146 445 2208 Oiicaliaeresessjegiid
481 2169 636 2209 scimus
676 2183 723 2208 ex
762 2169 842 2209 fide
877 2171 1077 2223 scripture
1126 2172 1240 2224 quod
1279 2178 1394 2223 pater
1432 2169 1637 2209 mendacii
1670 2169 1796 2222 agitat

216 2216 442 2277 mirilegacigiiiliy
484 2239 677 2278 fantasias
709 2238 898 2278 fidelium
937 2240 977 2278 in
1024 2241 1226 2292 sompnis,
1273 2249 1318 2279 ut
1363 2254 1432 2279 eos
1477 2241 1688 2279 subvertat
1732 2240 1797 2278 vel

480 2308 721 2361 impediatss
736 2308 974 2362 profectum
996 2310 1176 2350 ecclesie.
1201 2311 1310 2349 Nam
1328 2310 1503 2349 Matthei
1525 2310 1714 2361 xxvito,
1731 2311 1797 2361 69,
1819 2307 1896 2350 1⁶?

482 2378 632 2431 legitur
694 2392 869 2417 uxorem
912 2379 1032 2417 Pilati
1078 2379 1202 2418 fuisse
1253 2379 1420 2418 illusam
1463 2393 1485 2418 a
1531 2379 1701 2418 sathana
1747 2380 1797 2417 ad
1814 2377 1855 2408 30

484 2447 803 2500 impediendum
856 2448 1092 2501 profectum
1146 2449 1316 2488 ecclesie
1369 2464 1416 2488 ex
1459 2448 1607 2488 merito
1652 2449 1796 2487 mortis

485 2517 652 2557 Christi.
688 2518 844 2568 Niclzil,
879 2518 1028 2570 inquit,
1061 2519 1135 2557 tibi
1173 2525 1212 2558 et
1250 2519 1357 2557 iusto
1392 2519 1476 2558 illi.-
1520 2519 1651 2556 multa
1685 2519 1796 2557 enim

479 2600 619 2638 passa
651 2600 745 2626 sum
785 2588 911 2626 hodie
942 2601 1027 2639 per
1057 2589 1196 2627 visum
1230 2596 1416 2640 propter
1453 2601 1563 2639 aum.
1618 2588 1798 2626 Ulterius

540 2743 570 2768 4.
600 2736 657 2769 Al:
692 2735 761 2769 Ipse
792 2735 884 2762 enim.
1028 2744 1063 2762 11.
1094 2735 1114 2761 B
1147 2734 1175 2762 in
1208 2743 1304 2769 marg.
1336 2742 1417 2762 man.
1449 2734 1557 2761 altera:
1600 2732 1797 2768 Satispassio.

490 2780 526 2807 13.
549 2783 587 2813 Α,
609 2789 684 2807 corr.
708 2780 736 2808 in
758 2790 872 2815 marg:
896 2782 1142 2816 mancipacione.
1262 2782 1302 2808 16.
1324 2782 1352 2808 A
1372 2781 1401 2807 in
1427 2787 1539 2813 marg:
1562 2778 1677 2813 Quinta
1698 2780 1799 2806 obiec-

485 2827 543 2853 cio.
577 2827 703 2853 Contra.
854 2829 901 2854 26.
934 2830 958 2854 A
992 2828 1019 2854 in
1051 2837 1166 2863 marg:
1200 2828 1384 2863 Responsio.
1531 2824 1572 2852 33.
1604 2825 1641 2850 B:
1676 2831 1802 2861 propter

487 2873 631 2899 eundem.
