2051 3343
208 239 381 298 CAP.V1.]
707 254 768 286 DE
794 254 1027 286 ECCLESIA.
1725 257 1801 297 ¹27

89 369 161 402 Lo
268 359 416 398 Tercio
473 358 743 398 confirmatur
793 372 840 397 ex
894 358 974 398 hoc
1021 358 1137 411 quod
1187 357 1357 396 ecclesia
1408 357 1514 396 foret
1538 364 1787 428 (ὀῖἶῖιὲῐὲξὲἰεδῑοῑοῖτῖἶεε

116 437 193 478 146a
207 427 322 466 aliter
354 427 562 480 acephala,
601 441 699 467 cum
737 436 836 467 tunc
874 441 962 467 non
999 427 1167 466 haberet
1205 435 1331 479 caput
1367 426 1511 465 intrin-
1552 433 1776 496 Crlligivrghbgnegst

206 510 349 536 secum
380 497 485 536 sicut
521 506 631 550 post,
670 505 709 536 et
747 510 844 536 cum
882 510 968 536 non
1006 505 1145 550 potest
1187 496 1336 536 habere
1380 496 1514 536 taliter
1587 504 1739 532 headless.

204 566 281 606 nisi
315 580 450 607 unum
481 575 620 620 caput,
658 567 821 607 videtur
857 567 974 620 quod
1013 566 1205 606 Christus
1247 575 1341 606 ante
1380 565 1511 606 incar-

171 645 187 678 5
203 636 423 676 nacionem
455 636 533 677 fuit
555 644 678 690 caput
700 650 852 690 sponse
875 650 948 676 sue
969 636 1255 688 intrinsecum,
1277 635 1375 689 quia
1397 635 1512 674 aliter

202 706 268 745 vel
298 705 468 746 haberet
499 707 584 746 duo
618 707 752 760 capita
794 706 859 746 vel
890 706 1003 746 idem
1042 706 1147 746 foret
1194 714 1318 759 caput
1358 705 1509 745 extrin-

203 789 347 815 secum
379 784 418 816 et
450 784 576 829 caput
608 776 893 816 intrinsecum.
928 777 980 816 Et
1002 777 1053 815 ad
1075 776 1178 815 illud
1200 783 1352 815 sonant
1383 783 1508 828 quot-

201 845 300 885 libet
330 846 529 899 scripture
575 844 639 901 (ut
681 847 853 899 allegavi
892 846 990 885 alias
1022 846 1072 885 de
1117 845 1238 885 beato
1280 845 1508 899 Jeronymo

200 914 242 953 in
274 916 458 968 quadam
490 915 665 969 epistola
695 917 747 955 ad
777 915 956 955 Paulum
989 924 1028 955 et
1059 913 1371 968 Eustochium).

148 1004 186 1026 10
258 985 338 1024 Hic
377 985 526 1025 dicitur
575 986 691 1039 quod
745 985 930 1039 patribus
966 985 1113 1025 veteris
1157 984 1393 1024 testamenti
1432 983 1509 1023 fuit
1610 988 1716 1027 Repiy.

199 1054 274 1094 hec
305 1065 418 1095 vera:
451 1056 628 1095 verbum
660 1064 720 1095 est
751 1055 882 1094 homo
910 1055 1099 1095 Christus
1121 1055 1248 1095 Jesus.
1284 1053 1364 1107 Ipsi
1397 1053 1509 1093 enim
1523 1024 1591 1087 tThi}e
1604 1024 1798 1088 gattssisbcgf

200 1126 434 1166 secundum
465 1134 631 1165 sanctos
662 1125 900 1165 habuerunt
933 1126 1109 1165 eandem
1130 1124 1259 1164 fidem
1280 1138 1410 1178 quam
1432 1136 1508 1162 nos
1548 1095 1771 1167 lissggiinffliciii?

198 1194 414 1237 habemus.
450 1195 546 1235 Ideo
580 1196 686 1235 sicut
717 1209 793 1235 nos
817 1195 1023 1235 credimus
1056 1194 1315 1234 creacionem
1346 1192 1508 1244 mundi,

200 1265 329 1304 carnis
360 1265 712 1305 resurreccionem
744 1274 783 1305 et
814 1265 943 1305 vitam
961 1274 1158 1317 eternam,
1191 1264 1270 1304 hoc
1294 1271 1366 1317 est,
1392 1263 1509 1316 quod

146 1345 182 1377 15
198 1335 310 1375 Deus
334 1343 523 1389 tempore
555 1350 631 1376 suo
665 1345 773 1376 creat
804 1337 1029 1387 mundum,
1054 1335 1171 1389 quod
1193 1334 1349 1374 mortui
1372 1346 1506 1373 resur-

197 1414 308 1458 gent,
342 1414 381 1445 et
403 1406 519 1459 quod
541 1406 649 1446 beati
671 1406 818 1446 vivunt
840 1406 1071 1446 eternaliter
1099 1413 1196 1458 post
1217 1404 1328 1443 diem
1350 1402 1506 1453 iudicii,

196 1473 252 1513 ita
283 1483 459 1529 utraque
492 1475 662 1515 ecclesia
694 1476 820 1516 credit
843 1475 1192 1527 incarnacionem,
1216 1473 1369 1514 scilicet
1391 1472 1508 1526 quod

197 1544 387 1585 Christus
419 1558 495 1598 pro
529 1559 606 1585 suo
648 1555 837 1599 tempore
874 1546 1124 1585 incarnatur.
1163 1545 1217 1584 Et
1254 1543 1309 1583 sic
1348 1556 1505 1596 propo-

195 1613 295 1653 sicio
328 1623 485 1655 nostra:
521 1614 711 1655 Christus
744 1624 803 1655 est
833 1615 978 1667 homo,
1012 1615 1117 1654 foret
1154 1614 1197 1653 in
1229 1613 1349 1666 signo
1390 1615 1765 1680 utroncssssisftarwtgffitd

139 1704 180 1726 20
195 1683 320 1737 bique
350 1698 457 1737 vera,
490 1698 577 1725 non
600 1685 697 1738 quia
719 1694 818 1725 tunc
841 1693 901 1725 est
923 1685 1039 1739 quod
1061 1683 1251 1724 Christus
1275 1692 1336 1723 est
1357 1682 1503 1735 homo,
1520 1686 1556 1713 be
1579 1687 1701 1749 mssirssnssn
1735 1687 1794 1715 due

195 1754 267 1793 sed
310 1754 409 1808 quia
450 1769 599 1795 verum
644 1763 705 1795 est
748 1756 863 1809 quod
909 1754 1099 1795 Christus
1152 1762 1213 1794 est
1245 1753 1375 1793 horno
1427 1766 1503 1806 pro

194 1836 270 1863 suo
321 1833 521 1878 tempore.
555 1826 641 1865 Nec
690 1825 812 1864 video
864 1825 979 1879 quod
1032 1824 1221 1864 Christus
1263 1832 1323 1863 est
1372 1823 1504 1862 homo

102 1902 179 1946 146¹)
193 1907 269 1946 pro
284 1893 356 1933 illo
370 1902 573 1947 tempore,
609 1908 705 1934 cum
735 1904 834 1934 tunc
872 1893 1224 1947 compossneretur
1253 1907 1301 1933 ex
1329 1906 1505 1946 corpore

195 1972 234 2003 et
265 1963 403 2003 anima
434 1977 563 2018 quam
595 1973 822 2004 assumeret
854 1978 930 2017 pro
963 1964 1034 2003 illo
1066 1973 1270 2017 tempore,
1304 1972 1343 2003 et
1372 1962 1501 2016 potis-

139 2043 176 2076 25
195 2033 298 2074 sime
330 2033 436 2074 foret
466 2034 626 2088 primus
659 2035 797 2074 Adam
830 2034 1062 2074 secundum
1097 2033 1313 2073 materiam
1347 2042 1385 2072 et
1416 2047 1502 2073 non

194 2105 428 2144 secundum
459 2104 646 2144 raciones
680 2104 914 2155 seminales,
948 2103 1124 2157 qualiter
1156 2103 1373 2156 apostolus
1406 2102 1503 2142 dicit

195 2175 298 2214 Levi
316 2174 465 2227 fuisse
497 2175 538 2214 in
579 2174 732 2214 lumbis
773 2174 955 2226 Abralze,
991 2182 1030 2212 et
1062 2173 1238 2226 qualiter
1276 2173 1503 2212 Anselmus

194 2243 313 2283 dicit:
350 2243 506 2284 Omnes
538 2257 616 2284 nos
636 2244 780 2298 fuisse
811 2244 967 2293 Adam,
1002 2244 1073 2282 sed
1105 2243 1332 2284 limitatum
1364 2251 1424 2282 est
1452 2243 1503 2282 ad

196 2312 461 2353 existenciam
492 2313 754 2354 individuam
784 2313 1056 2354 humanitatis
1090 2312 1257 2354 Christi.

138 2394 180 2427 30
253 2384 305 2423 Et
336 2384 388 2423 ad
409 2384 590 2437 primam
613 2384 858 2424 instanciam
876 2383 1024 2423 dicitur
1046 2384 1161 2437 quod
1184 2396 1271 2423 non
1294 2383 1499 2437 sequitur:

157 2454 288 2499 aHoc
321 2454 551 2494 eternaliter
582 2454 659 2494 fuit
696 2463 735 2494 et
770 2453 851 2494 hoc
889 2462 949 2494 est
994 2453 1070 2494 iste
1101 2453 1254 2505 homo‚-
1285 2467 1382 2507 ergo
1426 2454 1501 2493 iste

194 2522 324 2563 homo
375 2524 606 2564 eternaliter
659 2524 760 2576 fuit,
815 2524 1061 2564 deducendo
1113 2537 1216 2576 pure
1257 2532 1499 2564 creaturam.

243 2668 284 2688 10.
304 2662 331 2687 A
350 2661 381 2688 in
402 2670 515 2698 marg:
545 2661 730 2697 Responsio.
874 2660 911 2688 15.
932 2661 961 2689 A
980 2660 1036 2695 Al:
1076 2660 1151 2688 deus
1172 2661 1270 2688 deest.
1402 2661 1438 2690 15.
1460 2663 1501 2690 B:

190 2711 364 2742 resurgunt.
479 2710 481 2712 ’

250 2813 301 2845 26.
329 2814 391 2857 Ep.
419 2814 515 2846 Pauli
542 2815 583 2846 ad
610 2814 714 2846 Hebr.
741 2815 813 2856 Vll,
841 2813 869 2847 5.
980 2826 1031 2858 27.
1058 2815 1225 2856 Ansfflmi,
1250 2816 1301 2847 De
1328 2822 1499 2858 conceptu

190 2871 348 2914 virginali
364 2878 397 2903 et
411 2873 568 2914 originali
584 2880 727 2916 peccato
743 2884 815 2916 cap.
830 2873 883 2904 XI.
902 2873 1009 2916 (Opp.
1026 2874 1078 2906 ed.
1095 2873 1285 2916 Gerberon,
1300 2885 1376 2917 pag.
1409 2874 1497 2916 101.)
