2051 3273
194 266 281 294 CAP.
298 254 366 312 [Χ]
718 270 776 301 DE
802 269 1035 302 ECCLESIA.
1719 275 1786 313 191

42 384 80 416 Η
102 374 344 417 155²amoris
389 374 473 425 sui3
512 375 626 426 quod
660 373 846 426 contigit,
881 387 978 413 cum
1010 373 1201 414 Christus
1236 375 1393 427 accepit
1425 375 1503 414 ele-

192 443 375 482 mosinas
428 457 449 482 a
500 443 613 482 laicis
667 452 705 482 et
756 443 906 482 sanctis
958 443 1134 483 feminis.
1174 444 1226 483 Et
1271 445 1505 484 secundum

191 513 313 552 istam
346 512 638 552 condicionem
672 513 813 551 dotata
846 512 922 552 fuit
954 513 1122 552 ecclesia
1156 526 1242 552 non
1265 513 1317 552 ad
1339 513 1503 552 tardan-

191 583 294 621 dum
325 583 388 621 vel
420 583 470 622 ad
503 581 799 621 retrahendum
832 595 923 622 ean]
956 596 977 621 a
1010 582 1269 635 perfeccione
1302 583 1503 635 primeva.

158 660 173 691 5
248 652 369 691 Unde
408 651 889 692 excommunicatissime
929 661 1102 705 peccant
1135 652 1219 691 sive
1253 652 1386 691 clerici
1419 652 1792 722 sivetgfeisgvrgngatro-

98 728 176 762 155¹*
190 720 280 759 laici
304 719 329 747 ³¹²
351 721 422 774 qui
455 721 535 761 hoc
568 721 831 775 privilegium
863 721 1086 774 antiquum
1119 721 1287 761 ecclesie
1330 721 1504 761 scienter
1517 703 1792 765 cigntpriviieges;

189 789 381 829 auferunt
402 791 466 829 vel
487 791 699 843 minuunt,
733 800 772 830 et
802 791 897 830 hinc
920 792 1071 842 XXVa,
1095 805 1133 844 q.
1159 791 1205 843 H,
1231 791 1287 830 sic
1317 791 1504 844 loquitur

191 860 276 899 Leo
315 870 442 912 papa:
481 861 716 915 Privilegia
755 862 1032 900 ecclesiarum
1068 867 1108 900 et
1139 862 1500 900 monasteriorum

190 937 438 969 sanctorum
466 938 643 983 patrum
678 932 932 970 auctoritate
955 932 1150 970 instituta
1175 931 1295 969 nulla
1320 938 1503 982 possunt

136 1000 458 1051 mimprohitate
491 1002 688 1049 convelli,
724 1001 845 1039 nulla
879 1002 1063 1041 novitate
1097 1002 1269 1040 mutari.
1336 1001 1387 1040 In
1422 1014 1502 1054 quo

189 1082 316 1120 opere
349 1071 589 1110 auxiliante
625 1071 794 1110 Christo
813 1070 1013 1123 fideliter
1044 1070 1294 1123 exequendo
1334 1083 1502 1109 necesse

188 1146 251 1178 est
294 1140 408 1178 sedis
439 1141 632 1179 Romane
658 1140 888 1193 pontifices
913 1146 1266 1192 perseverantem
1303 1140 1503 1180 exhihere

175 1208 462 1262 famulatum.
510 1211 794 1262 Dispensacio
838 1211 948 1250 enim
999 1210 1117 1250 nobis
1155 1211 1320 1250 credita
1364 1216 1428 1250 est
1466 1218 1503 1249 et

187 1279 245 1317 ad
297 1286 489 1318 nostrum
540 1288 707 1319 reatum
755 1281 898 1331 tendit,
946 1281 983 1319 si
1019 1288 1308 1332 paternarum
1350 1282 1501 1334 regule

133 1351 458 1388 15sanccionum
513 1350 632 1389 nobis
678 1351 1040 1390 consencientibus
1086 1351 1152 1390 vel
1184 1352 1502 1404 negligentibus

186 1419 412 1459 violentur.

154 1493 172 1525 I
244 1489 362 1527 Talia
395 1498 491 1528 sunt
514 1490 645 1528 multa
672 1491 851 1529 decreta:
875 1491 991 1543 quod
1014 1504 1098 1529 non
1129 1491 1222 1529 licet
1253 1490 1498 1543 antiquiori—
1528 1493 1587 1520 and
1608 1494 1657 1520 1¹¹0
1679 1492 1779 1520 oldest

1545 1528 1603 1554 and
1715 1533 1761 1555 est

185 1559 260 1597 bus
291 1558 513 1611 privilegiis
559 1559 677 1599 novis
722 1560 1072 1612 subsequentibus
1117 1560 1326 1612 derogare.
1388 1559 1496 1599 Cum
1556 1532 1749 1598 pringigsstis

185 1641 281 1679 ergo
332 1628 621 1681 antiquissima
669 1639 707 1668 et
748 1630 1004 1668 validissima
1049 1629 1273 1682 privilegia,
1312 1629 1498 1668 instituta
1514 1597 1790 1669 povbeyrquhgrrizgtited

130 1711 208 1735 2oa
241 1697 421 1749 Christo,
461 1708 664 1738 steterunt
696 1699 735 1737 in
770 1709 1012 1752 paupertate
1056 1699 1267 1751 altissima,
1314 1700 1500 1752 sequitur

187 1768 302 1819 quod
336 1781 419 1807 non
453 1769 547 1807 licet
581 1769 779 1822 cuiquam
814 1769 1077 1822 privilegium
1107 1769 1210 1809 illud
1245 1770 1496 1809 subtrahere.

186 1836 297 1876 Cum
343 1851 438 1891 ergo
485 1838 746 1890 privilegium
792 1839 893 1877 illud
927 1848 1006 1878 stat
1038 1839 1078 1877 in
1111 1839 1305 1878 habendo
1351 1849 1498 1878 cuncta

187 1908 510 1959 exproprietarie
553 1908 593 1946 in
639 1909 871 1956 communi,
917 1909 973 1947 sic
1018 1910 1133 1962 quod
1178 1909 1254 1948 sibi
1294 1918 1499 1962 repugnat

187 1976 426 2016 dominacio
480 1978 611 2017 civilis
664 1988 702 2016 et
753 1979 1021 2017 conversacio
1074 1978 1282 2027 secularis,
1338 1979 1499 2017 videtur

132 2049 169 2080 25
187 2047 301 2098 quod
333 2046 413 2085 hoc
445 2061 529 2086 non
554 2047 668 2086 licuit
692 2048 778 2087 sine
808 2048 916 2101 gravi
951 2048 1137 2100 periculo
1171 2048 1433 2087 introducere
1457 2049 1498 2086 in

188 2116 358 2155 clerum.
384 2118 504 2156 Unde
526 2118 674 2165 XXV³‚
700 2131 738 2170 q.
765 2118 792 2165 Ι,
818 2131 951 2157 canon
985 2117 1040 2156 sic
1075 2118 1279 2171 loquitur:
1321 2118 1411 2165 Que
1444 2118 1500 2156 ad

181 2192 437 2238 perpetuam
471 2188 738 2240 generaliter
760 2195 858 2226 sunt
880 2188 1082 2227 ordinata
1107 2189 1343 2234 utilitatem,
1380 2186 1498 2225 nulla

188 2257 523 2295 commutacione
552 2259 786 2304 varientur,
811 2271 889 2297 nec
911 2258 968 2297 aa'
983 2258 1205 2309 privatum
1231 2257 1496 2296 commodum

188 2326 420 2364 trahantur
452 2339 532 2377 que
564 2327 621 2365 ad
653 2327 806 2365 honuni
841 2334 940 2365 sunt
973 2340 1194 2366 commune
1220 2327 1410 2379 prefixa.

133 2406 173 2438 30
249 2396 308 2433 Ex
359 2395 446 2434 istis
499 2396 720 2447 colligitur,
773 2410 870 2435 cum
923 2411 997 2436 nec
1049 2397 1247 2435 dominus
1306 2395 1499 2434 secularis

190 2464 331 2503 debuit
376 2479 449 2504 nec
495 2465 633 2517 potuit
665 2467 759 2504 dare
792 2466 901 2505 clero
935 2466 975 2504 in
1008 2466 1270 2518 privilegium
1306 2465 1498 2504 domina-

241 2632 267 2656 o.
290 2625 333 2651 A:
357 2629 535 2653 sanctorum
558 2630 730 2660 paternum.
872 2633 914 2652 22.
947 2627 991 2653 A:
1019 2631 1125 2659 cunta3
1150 2627 1188 2660 Α1
1209 2634 1288 2653 corr.
1310 2625 1356 2652 in:
1378 2630 1497 2653 cuncta.

190 2668 233 2697 30.
253 2673 278 2697 A
296 2671 323 2697 in
340 2671 535 2705 marg.:Nou
558 2672 643 2699 licuit
663 2672 744 2699 clero
765 2672 901 2706 recipere
919 2672 1168 2699 dominacionem
1185 2680 1240 2699 nec
1261 2672 1343 2700 licuit
1364 2672 1498 2699 dominis

189 2716 231 2743 sic
254 2717 379 2744 donare.

248 2835 277 2866 7.
307 2824 388 2854 Dec.
423 2825 462 2855 ΙΙ.
498 2835 528 2866 p.
564 2834 659 2856 caus,
690 2825 793 2862 XXV,
827 2834 860 2865 q.
893 2825 931 2864 ΙῘ,
964 2834 991 2854 e.
1025 2825 1063 2856 H.
1214 2823 1265 2855 26.
1294 2825 1373 2856 Dec.
1402 2826 1438 2856 ΙΙ.
1467 2836 1498 2867 p.

191 2891 282 2912 caus.
309 2882 411 2921 XXV,
440 2892 471 2923 q.
499 2883 522 2922 Ι,
550 2892 576 2913 C.
605 2883 657 2913 ΙΙΙ.
