2051 3273
214 170 291 224 596

209 282 447 318 Temporalium
468 288 558 309 amor
584 283 723 309 occultus
745 283 904 318 quomodo
925 290 1038 317 cogno·

243 329 338 357 scitur
357 336 390 364 27
412 329 467 362 (153
477 329 501 363 d)
518 340 548 354 =
563 330 624 358 181.

207 376 443 411 Temporalium
464 376 583 403 ablacio
604 383 638 412 27
657 376 717 411 (153
730 379 751 411 ⁰)
774 388 803 402 z
824 378 886 406 179.

210 422 252 449 [)0
271 422 474 450 tribulacione
504 422 659 449 bonorum
687 427 715 450 et
740 424 944 459 prosperitate
978 432 1044 451 ma-

244 470 344 496 lorum
365 469 397 497 32
419 468 478 502 (158
489 469 514 503 d)
537 479 567 494 =
588 469 649 498 215.

208 514 410 550 Temporalia
439 516 531 543 debet
556 517 656 543 clerus
682 516 794 543 habere
827 516 985 543 moderate
1007 524 1042 549 42

243 561 307 597 (168
318 562 343 596 c¹)
363 572 395 587 =
414 563 476 591 284.

208 609 241 636 10
273 614 457 636 testamento
496 609 590 636 veteri
625 614 711 636 erant
743 609 838 636 multe
869 609 1039 637 elemosine

242 655 409 690 religiones
448 660 474 682 01
514 654 588 682 11105
622 655 762 690 perpetui
804 656 968 691 approbati
1005 664 1040 689 42

243 701 306 734 (168
317 702 342 736 d)
361 711 392 726 =
412 702 472 730 284»

209 748 252 774 De
274 747 411 775 Traiano
440 755 531 783 quem
561 748 642 775 Deus
672 756 727 783 per
751 749 929 775 oracionem
960 749 1037 776 beati

244 794 389 829 Gregorii
416 802 431 821 a
457 794 687 829 dampnacione
712 795 851 822 liberavit
878 796 910 830 75
940 797 1000 830 (201
1017 797 1038 830 ⁰)

243 851 276 865 Ξ
294 841 355 870 533.

210 886 326 914 Contra
340 887 506 914 Ticonium
522 888 717 922 Augustinus
734 887 770 914 de
785 895 916 921 corpore
937 894 1041 915 sancte

246 932 373 960 ecclesie
395 933 424 960 18
444 932 541 967 (14512)
562 943 592 957 =
613 933 673 968 120,
693 933 753 962 121.

213 1061 315 1088 Virtus
337 1061 397 1089 cibi
418 1060 651 1088 sacramentalis
674 1069 681 1087 1
704 1062 762 1095 (128
772 1061 798 1095 b)
819 1071 849 1086 z
869 1062 894 1090 4.

210 1107 317 1135 Unitas
345 1107 473 1135 ecclesie
503 1108 654 1142 probatur
681 1115 717 1134 ex
743 1106 847 1134 multis
877 1107 1038 1142 scripturis

247 1161 261 1180 2
281 1155 342 1188 (¹29
354 1156 388 1190 p·)‚
412 1162 433 1181 11
456 1154 552 1189 (1372)
574 1164 604 1178 z
625 1155 667 1188 10,
688 1154 731 1183 68-

210 1200 266 1228 Vir
286 1208 449 1236 perversus
471 1208 533 1227 non
555 1204 600 1227 est
620 1205 711 1234 caput
726 1200 832 1227 uxoris
853 1207 910 1227 nec
926 1204 970 1227 est
984 1208 1037 1234 pet·

246 1248 347 1282 ipsam
368 1247 536 1274 imitandus
557 1247 570 1274 3
592 1244 691 1280 (1301’)
712 1256 742 1272 =
761 1247 804 1275 18.

212 1295 256 1322 De
275 1294 403 1321 Urbano
423 1293 476 1328 VI,
498 1294 564 1321 laus
584 1293 650 1320 eius
670 1293 686 1320 6
709 1291 765 1325 (133
775 1293 801 1326 b)
824 1304 851 1316 z
873 1294 916 1324 37,
937 1294 971 1322 38

212 1341 343 1368 Virtutis
381 1339 508 1368 amissio
548 1338 646 1374 magis
685 1339 818 1366 dolenda
864 1344 909 1367 est
946 1347 1037 1375 quam

246 1387 376 1415 amissio
395 1386 614 1421 temporalium
638 1386 654 1413 8
675 1384 730 1419 (135
742 1387 766 1419 a)
787 1396 817 1411 =
837 1386 881 1420 50,
902 1386 944 1414 51.

212 1434 349 1461 Verbum
371 1433 488 1461 domini
509 1432 714 1460 adulterantes
736 1440 753 1467 9
775 1432 834 1466 (136
847 1433 870 1465 ¹³)
893 1442 922 1456 z
943 1432 985 1461 56.

209 1480 313 1508 Ubera
334 1484 362 1506 et
383 1485 538 1514 unguenta
559 1479 687 1506 ecclesie
709 1487 729 1506 11
753 1480 810 1513 (137
823 1479 845 1513 C)
870 1489 899 1502 Ξ
920 1479 962 1507 66-

211 1526 342 1554 Unitatis
362 1531 432 1553 octo
453 1525 538 1552 modi
560 1533 587 1560 17
609 1525 670 1559 (143
682 1525 704 1559 0)
725 1534 756 1550 =
778 1526 839 1554 109.

212 1572 256 1599 De
277 1573 406 1600 univoca
428 1572 553 1599 racione
575 1572 704 1599 ecclesie
726 1579 753 1606 17
773 1570 870 1606 (1430)
890 1582 921 1596 Ξ
942 1573 1002 1601 1094

211 1619 311 1647 Vinea
332 1619 442 1647 dicitur
463 1619 593 1646 00010513
623 1623 650 1646 01
670 1619 832 1654 quomodo
853 1619 1042 1646 convertitur

246 1666 275 1693 in
296 1670 398 1693 ortum
412 1665 552 1693 olerum?
573 1673 609 1700 29
631 1665 691 1699 (156
704 1667 740 1701 a),
760 1665 793 1700 57
814 1664 909 1699 (1830)
931 1676 960 1690 z
981 1667 1042 1699 197,

245 1714 305 1742 392.

215 1760 257 1787 De
277 1760 432 1786 voluntate
453 1759 571 1794 pcccati
592 1757 627 1786 38
649 1758 714 1792 (164
725 1758 749 1792 d)
771 1770 800 1783 z
820 1759 881 1787 255.

213 1805 353 1833 vicarius
370 1805 483 1834 Christi
504 1809 554 1832 301
567 1804 647 1832 Petri
668 1804 736 1839 quis
757 1805 822 1832 est?
842 1805 872 1833 53
893 1804 957 1837 (180
968 1808 993 1840 ἃ)
1014 1816 1044 1830 --

245 1854 306 1887 366,
325 1854 387 1882 367.

212 1899 270 1926 Pro
290 1898 457 1925 universali
478 1899 551 1925 reali
573 1899 679 1933 pulcra
700 1898 734 1926 58
756 1897 813 1931 (185
825 1899 849 1932 a)
873 1908 903 1923 =
923 1898 983 1927 405.

212 1945 359 1972 Veritatis
380 1949 426 1972 est
446 1945 586 1979 proditor
616 1944 667 1979 qui
697 1944 798 1979 ipsam
820 1952 879 1971 non
903 1953 1042 1979 pronun-

249 1991 308 2018 ciat
329 1992 409 2018 sicut
437 1991 527 2018 debet
547 1996 573 2017 et
601 1990 744 2018 similiter
780 1991 832 2026 qui
853 1991 953 2026 ipsam
979 1999 1041 2018 non

249 2037 384 2065 defendit
405 2038 434 2065 61
456 2036 519 2071 (188
531 2039 554 2071 Α)
574 2047 604 2061 =
625 2037 686 2066 429.

213 2083 372 2119 Virginem
408 2083 480 2111 facit
506 2092 542 2110 ex
561 2083 722 2111 meretrice
753 2082 865 2110 Christi
906 2085 1041 2118 despon-

247 2130 341 2157 sacio.
365 2130 400 2158 62
420 2129 484 2165 (188
495 2131 519 2164 0)
541 2140 570 2155 z
590 2131 653 2159 432.

603 2215 655 2246 X.

214 2280 352 2308 Christus
374 2286 417 2308 est
438 2281 586 2316 equivoce
606 2284 697 2314 caput
717 2284 777 2306 tam
794 2280 929 2307 fidelium
950 2288 1041 2315 quam

248 2327 388 2354 omnium
409 2326 579 2354 infidelium
601 2334 617 2360 9
640 2326 699 2360 (136
712 2329 734 2359 n)
757 2336 785 2350 Σ
806 2327 849 2354 57,

215 2373 357 2401 Christus
390 2373 516 2400 salvavit
542 2377 639 2399 totum
668 2372 818 2399 mundum
839 2373 941 2408 quoad
963 2372 1042 2399 suffi-

249 2420 397 2447 cienciam
421 2428 450 2447 10
471 2419 532 2454 (136
545 2421 567 2454 C)
589 2429 619 2443 z
639 2419 683 2454 59,
703 2420 745 2448 60.

216 2467 358 2495 Christus
386 2466 489 2501 posuit
517 2475 547 2493 se
569 2466 679 2493 crebro
709 2465 738 2492 in
761 2465 863 2493 medio
896 2465 925 2493 16
947 2464 1043 2500 (1431))

250 2523 279 2537 =
300 2514 361 2547 107,
381 2514 441 2541 108.

214 2560 246 2587 In
275 2558 398 2587 Christo
426 2559 586 2594 quomodo
623 2558 654 2585 fit
686 2558 848 2593 copulacio
881 2561 912 2586 10
946 2558 1044 2592 (1431))

251 2616 281 2630 =
301 2607 362 2634 107.

214 2652 323 2679 Utrum
351 2651 492 2678 Christus
521 2650 579 2677 fuit
608 2654 676 2677 ante
708 2650 981 2678 incarnacionem?
1014 2659 1044 2685 ¹9

251 2697 352 2731 (146³)
375 2706 404 2721 -”“-“
425 2697 485 2724 126·

301 2789 324 2822 “)
345 2787 484 2815 Number
505 2788 539 2815 of
555 2788 605 2814 the
626 2795 704 2822 page
725 2787 862 2815 omitted.

878 179 1094 212 GENERAL
1120 179 1198 212 IND
1209 182 1279 213 EX.

1119 281 1261 310 Christus
1282 283 1312 310 in
1332 282 1434 318 primo
1455 283 1580 311 instanti
1601 283 1710 311 mundi
1732 283 1789 311 fuit
1810 292 1949 320 sponsus

1152 329 1283 356 ecclesie
1304 336 1333 364 19
1357 328 1415 362 (145
1428 331 1450 364 ⁰)
1471 339 1501 354 =
1521 330 1583 366 123,
1602 330 1663 359 124-

1116 374 1236 410 Nupcie
1272 374 1385 403 Christi
1419 383 1473 410 per
1504 376 1758 404 incarnacionem
1791 384 1822 412 19
1853 376 1913 410 (145
1924 377 1949 411 ἅ)

1151 431 1182 446 =
1201 422 1262 450 124.

1115 467 1224 495 Utrum
1245 468 1375 495 verbum
1404 472 1450 495 est
1474 469 1568 495 homo
1601 467 1742 496 Christus
1761 468 1850 496 Jesus
1880 473 1949 496 ante

1152 514 1403 541 incarnacionem
1425 522 1455 551 19
1476 514 1541 549 (146
1552 515 1576 550 ⁶¹)
1594 525 1624 540 :-
1644 516 1705 544 126.

1116 559 1257 588 Christus
1271 568 1326 595 per
1339 560 1593 588 incarnacionem
1605 561 1772 595 originavit
1785 561 1947 589 ecclesiam

1151 606 1349 634 christianam
1371 615 1400 642 19
1414 610 1436 641 ὃ)
1462 607 1558 642 (14511)
1580 618 1610 633 =
1629 609 1690 637 124.

1116 651 1258 680 Christus
1280 653 1483 688 desponsavit
1505 654 1563 682 sibi
1586 658 1718 681 matrem
1740 661 1827 680 suam
1848 653 1947 680 eccle-

1150 699 1228 727 siam
1260 707 1322 726 non
1350 700 1522 727 secundum
1553 708 1584 726 se
1613 704 1710 727 totam
1737 707 1772 727 20
1792 699 1894 734 (14612)
1917 709 1947 724 =

1149 747 1209 775 131.

1116 792 1231 819 Omnia
1259 792 1399 819 membra
1420 791 1534 819 Christi
1560 790 1681 819 mistica
1708 796 1779 819 sunt
1803 791 1945 819 Christus

1149 847 1184 866 20
1205 839 1267 874 (147
1277 839 1301 873 b)
1320 839 1381 868 134.

1114 885 1225 913 Utrum
1242 885 1385 913 Christus
1405 890 1432 912 et
1446 884 1609 920 quodlibet
1624 883 1801 911 membrum
1816 883 1946 910 ecclesie

1148 933 1186 959 sit
1206 932 1314 959 eadem
1342 931 1470 958 ecclesia
1497 938 1628 958 numero
1656 937 1692 956 20
1713 930 1775 964 (147
1787 930 1811 964 ⁸)
1834 939 1862 953 z
1884 929 1945 958 133.

1114 977 1229 1006 Christi
1251 978 1375 1013 sequela
1396 977 1432 1005 26
1453 975 1545 1012 (1531‘)
1567 987 1597 1001 =
1617 978 1678 1005 177.

1115 1024 1255 1052 Christus
1284 1029 1312 1051 et
1338 1031 1393 1050 sua
1420 1023 1550 1051 ecclesia
1576 1028 1647 1050 sunt
1676 1030 1735 1049 una
1755 1029 1891 1058 persona
1911 1021 1946 1055 45

1148 1072 1237 1106 (1710)
1258 1081 1288 1095 z
1308 1071 1369 1100 303.

1114 1117 1255 1145 Christus
1283 1125 1344 1144 non
1375 1117 1413 1144 ad
1443 1116 1502 1143 hoc
1531 1120 1576 1142 est
1603 1123 1713 1150 passus
1741 1119 1773 1143 ut
1802 1115 1939 1150 acquirat

1149 1163 1286 1191 dominia
1306 1163 1390 1190 clero
1410 1162 1444 1195 45
1467 1165 1525 1197 (172
1537 1165 1561 1196 ³)
1584 1172 1614 1186 z
1633 1163 1694 1191 306.

1114 1210 1257 1238 Christus
1297 1210 1365 1245 plus
1398 1208 1552 1243 obligatur
1583 1213 1722 1235 creature
1760 1216 1814 1235 sue
1852 1215 1945 1243 quam

1149 1261 1274 1283 econtra
1295 1260 1323 1282 et
1343 1255 1485 1282 similiter
1499 1254 1644 1281 sacerdos
1666 1252 1744 1281 laico
1765 1254 1834 1289 plus
1850 1261 1941 1290 quam

1149 1310 1276 1331 econtra
1295 1302 1329 1336 45
1351 1303 1409 1337 (172
1420 1302 1445 1336 b)
1467 1312 1496 1326 :-
1517 1302 1577 1330 307.

1112 1349 1194 1377 Nota
1214 1348 1355 1376 Christus
1377 1356 1433 1384 pro
1456 1347 1570 1383 quibus
1596 1355 1706 1382 passus
1729 1351 1773 1374 est
1793 1346 1828 1379 45
1847 1347 1941 1382 (171⁶)

1149 1406 1178 1420 Ξ
1199 1396 1251 1425 305

1114 1441 1226 1469 Christi
1255 1441 1357 1476 passio
1378 1440 1555 1467 iustificavit
1576 1448 1702 1467 omnem
1730 1439 1842 1466 iustam
1870 1446 1943 1474 pos—

1150 1487 1321 1515 sessionem
1342 1487 1382 1521 46
1405 1488 1464 1521 (172
1475 1487 1499 1520 d)
1521 1497 1551 1510 Ξ
1571 1487 1631 1515 312.

1115 1534 1229 1563 Christi
1249 1533 1386 1561 vicarius
1409 1537 1461 1560 aut
1480 1532 1559 1560 Petri
1579 1533 1649 1568 quis
1670 1537 1714 1559 est
1740 1530 1773 1560 53
1792 1531 1856 1566 (180
1867 1533 1889 1565 a)
1911 1541 1942 1556 =

1148 1583 1208 1612 366Δ

1117 1630 1230 1659 Christi
1258 1628 1362 1664 passio
1384 1626 1511 1662 perfecit
1530 1625 1635 1652 omnia
1655 1625 1687 1660 57
1715 1625 1777 1659 (184
1789 1625 1812 1659 ⁵²)
1833 1634 1863 1649 =
1883 1625 1944 1653 397.

1117 1677 1232 1706 Christi
1261 1676 1399 1703 membra
1429 1673 1549 1701 viancia
1578 1672 1753 1700 illuminant
1780 1672 1885 1698 beatos
1913 1671 1945 1705 57

1149 1721 1245 1758 (1831))
1266 1733 1296 1747 z
1320 1721 1381 1751 395.

1116 1770 1226 1798 Utrum
1253 1774 1354 1803 patres
1376 1767 1488 1794 veteris
1514 1765 1692 1793 testamenti
1718 1764 1842 1791 fuerunt
1861 1763 1943 1790 chri-

1151 1815 1261 1843 stiani?
1281 1814 1313 1850 57
1334 1812 1392 1848 (184
1407 1815 1430 1848 Ε))
1452 1824 1482 1838 =
1503 1814 1562 1842 398.

1118 1862 1268 1889 Homines
1284 1861 1428 1888 dicuntur
1438 1858 1598 1894 tripliciter
1613 1857 1770 1885 christiani
1791 1856 1825 1892 57
1848 1855 1910 1890 (184
1920 1857 1944 1890 a)

1153 1920 1181 1934 z
1202 1910 1262 1937 397.

1117 1956 1259 1984 Christus
1291 1962 1352 1981 non
1381 1958 1426 1980 est
1446 1952 1632 1980 christianus
1659 1958 1729 1978 cum
1754 1949 1946 1985 argumentis

1152 2002 1189 2029 ad
1209 2001 1389 2036 oppositum
1409 1999 1441 2035 57
1463 1999 1563 2033 (1841))
1586 2008 1615 2023 =
1635 1998 1696 2027 400,

1116 2048 1257 2076 Christus
1286 2052 1330 2074 est
1356 2054 1469 2073 nomen
1500 2045 1720 2080 appellativum
1741 2042 1773 2078 57
1794 2041 1859 2077 (184
1871 2044 1895 2077 ⁶)
1917 2052 1946 2066 z

1148 2095 1209 2124 400.

1116 2142 1223 2170 Solum
1253 2138 1480 2175 predestinatus
1511 2142 1556 2164 est
1587 2136 1712 2172 proprie
1746 2135 1947 2169 christianus,

1150 2186 1307 2223 quomodo
1340 2184 1480 2213 Christus
1519 2188 1564 2210 est
1600 2182 1678 2217 lapis
1713 2180 1867 2217 angularis
1908 2182 1947 2208 60

1151 2233 1213 2268 (187
1223 2236 1247 2267 a)
1270 2243 1299 2257 z
1319 2233 1380 2261 420-

1116 2280 1239 2308 Christo
1265 2279 1320 2306 fuit
1346 2277 1491 2313 imposita
1511 2275 1702 2311 blasphemia
1722 2279 1754 2302 ut
1774 2274 1868 2301 cicius
1891 2281 1942 2300 ex-

1147 2328 1339 2361 tingueretur
1359 2325 1388 2351 61
1412 2323 1473 2358 (187
1485 2323 1508 2356 d)
1530 2333 1560 2347 z
1579 2322 1640 2351 4‘26.

1115 2373 1228 2402 Christi
1251 2370 1457 2407 desponsacio
1478 2369 1549 2396 facit
1564 2376 1600 2395 ex
1616 2366 1777 2394 meretrice
1793 2365 1944 2400 virginem

1150 2420 1185 2447 62
1206 2418 1267 2453 (188
1279 2421 1302 2453 ⁰)
1329 2429 1358 2443 Ξ
1378 2418 1439 2446 43?-

1117 2466 1256 2494 Christus
1277 2464 1433 2492 commisit
1458 2463 1623 2498 primatum
1646 2460 1765 2488 iusticie
1787 2460 1844 2495 ipsi
1865 2459 1943 2486 Abel

1152 2511 1187 2540 63
1208 2514 1272 2547 (190
1284 2512 1309 2545 b)
1330 2521 1360 2536 :-
1381 2512 1442 2545 446,
1461 2511 1522 2539 447.

1119 2559 1209 2586 Solus
1225 2558 1366 2585 Christus
1387 2556 1486 2591 potuit
1505 2555 1614 2582 fortem
1639 2552 1798 2580 mulierem
1820 2559 1879 2587 que
1902 2555 1947 2577 est

1155 2605 1285 2632 ccclesia
1306 2602 1444 2631 invenire
1465 2602 1502 2637 67
1522 2601 1623 2636 (194⁸)
1645 2610 1675 2625 ---
1693 2601 1754 2629 474.

1121 2652 1161 2678 De
1172 2649 1441 2683 Christiconiugio
1454 2652 1481 2675 et
1494 2646 1660 2680 eeclesiab)
1672 2653 1786 2680 sponsa
1800 2645 1835 2679 67
1847 2645 1910 2680 (193
1922 2645 1947 2678 d)

1152 2708 1182 2722 :-
1202 2698 1262 2726 473.

1017 2791 1041 2824 b)
1064 2791 1095 2817 111
1117 2789 1184 2816 cod.
1205 2787 1335 2816 ecclesie
1356 2795 1482 2822 sponse.
