2051 3273
208 231 294 260 CAP-
321 220 419 280 XXI]
706 236 765 267 DE
792 236 1025 268 ECCLESIA.
1724 224 1801 265 513

56 351 84 383 S
116 354 193 396 ¹99³
207 348 302 379 nata
327 339 390 377 vel
414 339 611 392 prescita,
645 353 773 392 quam
799 349 970 393 oportet
993 340 1150 379 servire
1184 339 1360 379 domino
1385 340 1516 380 libere

204 409 269 447 vel
303 417 467 460 coacte;
517 409 612 448 ideo
652 409 846 462 adiungit
885 411 1104 463 apostolus
1144 409 1247 449 illud
1281 409 1516 448 secundum

206 478 446 517 membrum
492 479 543 517 ad
591 478 826 518 dominum.
877 478 960 519 Sed
1007 479 1137 518 tercio
1182 479 1320 518 omnis
1367 487 1516 517 natura

206 557 342 587 creata
375 548 522 587 saltem
564 561 639 601 per
678 562 720 587 se
761 548 940 587 existens
974 548 1102 587 habet
1134 548 1247 601 apud
1281 557 1514 587 creatorem

171 628 331 660 5suum
374 615 565 656 officium
612 618 832 671 operandi.
882 618 982 656 Ideo
1029 627 1147 657 notat
1192 617 1296 656 illud
1336 617 1515 656 tercium

203 687 396 738 generale
440 688 518 725 sub
565 687 815 726 habitudine
861 688 912 726 ad
955 689 1094 726 Deum
1140 695 1367 728 creantem.
1422 687 1515 726 Istis
1566 695 1667 732 Every
1686 695 1776 723 cleric

203 755 436 809 suppositis
481 764 598 808 patet
643 757 760 809 quod
806 756 944 795 omnis
984 757 1160 796 clericus
1203 757 1330 796 habet
1369 770 1389 795 a
1424 756 1515 794 Deo
1564 730 1763 800 ἐέἶῗςῧεὲῑὲγ

901 826 907 833 .
962 826 969 833 .
1048 826 1055 833 ,
1335 826 1358 833 ,,
1441 826 1448 833 ,
1487 826 1494 832 ,
1530 800 1602 828 God
1636 809 1729 828 accor
1755 802 1807 835 ing

204 826 439 864 secundum
485 839 608 864 suum
655 826 835 878 gradum
882 826 1188 865 llmitamonem
1230 825 1359 865 officii
1394 839 1514 864 mini·
1548 840 1579 863 to
1601 835 1646 862 his
1668 836 1788 871 degree,

204 894 378 945 strandi,
413 903 454 933 et
486 895 600 934 illam
635 909 742 934 voco
783 909 862 947 ego
896 905 1153 935 caracterem
1187 909 1313 948 quem
1347 904 1517 948 oportet

151 984 188 1005 ιο
205 977 377 1004 omnem
410 964 580 1003 fidelem
604 965 828 1004 admittere
862 965 1103 1018 cuicunque
1127 966 1321 1004 membro
1345 964 1517 1004 ecclesie

206 1042 246 1073 et
278 1034 442 1073 nullum
477 1033 621 1073 alium.
659 1033 788 1082 Quod
813 1043 956 1073 autem
991 1034 1059 1073 alii
1090 1034 1263 1086 capiunt
1285 1034 1517 1073 terminum

205 1103 396 1143 striccius
430 1103 471 1142 in
506 1116 591 1142 uno
625 1118 750 1143 sensu
784 1113 825 1143 et
858 1104 926 1143 alii
950 1104 1106 1156 largius
1141 1104 1181 1143 in
1215 1104 1312 1155 alio,
1348 1117 1432 1143 non
1457 1112 1518 1142 est
1534 1113 1594 1141 and
1613 1113 1673 1141 this
1688 1113 1808 1154 isyvhat

206 1186 359 1225 magna
379 1172 455 1223 vis,
482 1185 577 1211 cum
602 1173 655 1212 sit
670 1173 879 1212 terminus
895 1173 1166 1226 magistralis⁷
1191 1182 1517 1226 verumptamen
1560 1148 1776 1212 (ίέὴξιῗέεῗειῗψ

202 1242 467 1295 loquendum
492 1251 553 1281 est
570 1240 635 1296 (ut
650 1243 792 1295 plures
815 1243 1038 1296 loquentes
1063 1243 1272 1296 scripture
1296 1252 1336 1282 et
1359 1243 1517 1282 racioni

150 1321 186 1354 15
204 1310 501 1366 conformius),
556 1322 596 1351 et
647 1321 763 1365 patet
815 1313 1034 1365 responsio
1093 1313 1314 1366 quomodo
1367 1313 1517 1366 aliquis

205 1390 389 1421 caracter
406 1391 539 1421 cessat
556 1383 768 1435 completo
784 1382 940 1434 officio,
952 1392 992 1422 et
1007 1383 1101 1422 talis
1118 1382 1322 1422 dividitur
1337 1396 1517 1436 propor—

204 1451 423 1491 cionaliter
454 1460 501 1491 ut
525 1453 614 1491 eius
649 1452 855 1492 officium.
890 1453 944 1491 Et
968 1452 1035 1491 ille
1058 1460 1236 1492 vocatur
1259 1461 1444 1492 caracter
1476 1453 1518 1491 in

203 1531 313 1574 actu⁷
330 1531 368 1561 et
387 1523 492 1562 alius
510 1531 694 1562 caracter
711 1523 811 1561 dicit
827 1531 1082 1574 potestatem
1099 1522 1151 1561 ad
1171 1521 1346 1562 confuse
1362 1521 1517 1561 facien-

203 1592 304 1630 dum
330 1592 626 1644 ministerium,
643 1592 729 1631 sive
745 1600 945 1645 sequatur
964 1593 1050 1631 sive
1074 1605 1174 1644 non,
1193 1600 1232 1631 et
1255 1591 1321 1630 ille
1338 1604 1423 1630 non
1446 1591 1518 1630 de-

144 1680 187 1702 20
203 1662 360 1714 pendet
381 1662 432 1700 ab
456 1675 583 1715 opere
606 1663 678 1701 sed
695 1676 717 1700 a
739 1661 999 1701 sufficiencia
1020 1661 1157 1714 operis
1174 1661 1316 1714 quoad
1335 1661 1518 1713 speciem

205 1732 482 1783 terminantis,
518 1740 558 1771 et
591 1732 668 1771 iste
713 1732 867 1771 modus
899 1731 1102 1785 loquendi
1141 1730 1310 1770 videtur
1344 1730 1517 1770 facilior.

260 1801 448 1841 Ulterius
473 1811 588 1854 patet
613 1802 727 1854 quod
753 1811 813 1841 est
839 1802 937 1840 dare
953 1810 1118 1853 septem
1142 1800 1312 1839 ordines
1329 1800 1517 1840 secundo
1532 1809 1634 1838 There
1647 1818 1697 1838 are
1715 1819 1805 1839 seven

398 1871 404 1878 .
589 1872 596 1878 .
646 1871 653 1878 .
924 1871 931 1877 .
1573 1846 1693 1882 orderS,
1714 1847 1767 1873 but

203 1871 332 1909 modo
366 1871 515 1923 dictos,
557 1872 780 1911 dlstlnCtOS
821 1870 1030 1923 specifice,
1075 1870 1146 1909 sed
1194 1870 1335 1909 nullus
1368 1880 1807 1917 eorumtheyancombine

204 1949 267 1979 est
300 1941 497 1980 sensibile
530 1950 860 1988 sacramentum,
908 1940 979 1979 sed
1015 1953 1077 1979 res
1117 1939 1183 1978 vel
1215 1939 1377 1979 fructus
1412 1939 1515 1979 eius.
1560 1920 1591 1943 1⁰
1613 1917 1783 1978 &agg-one

145 2016 184 2049 25
203 2009 528 2049 Sacramentum
562 2019 706 2049 autem
740 2009 901 2050 ordinis
941 2009 1057 2063 quod
1099 2008 1295 2048 sacerdos
1336 2009 1519 2048 celebrat

203 2089 265 2119 est
304 2080 627 2133 quodammodo
668 2094 801 2120 unum
842 2079 1078 2119 secundum
1118 2091 1317 2131 magnam
1351 2087 1517 2131 partem

201 2150 267 2189 sui
300 2150 585 2190 subiectatum
624 2150 667 2189 in
707 2150 946 2199 ordinante,
988 2149 1087 2203 quia
1126 2148 1221 2188 finis
1261 2161 1284 2187 a
1324 2161 1410 2201 quo
1451 2161 1517 2187 ca-

201 2220 318 2272 pitur
370 2220 458 2259 eius
511 2220 650 2259 unitas
704 2228 766 2259 est
826 2228 964 2259 totum
1023 2218 1316 2258 sacerdocium
1381 2217 1517 2257 tocius

201 2289 433 2329 sacerdotis
488 2289 675 2340 ecclesie,
731 2302 807 2328 nec
858 2289 1008 2328 resisto
1059 2288 1163 2341 quin
1214 2295 1313 2327 sunt
1362 2286 1517 2325 diversi

146 2359 372 2398 3oordines
407 2359 594 2399 distincti
629 2358 824 2412 specifice
857 2366 944 2398 tam
978 2366 1243 2397 sacramenta
1285 2369 1414 2410 quam
1450 2368 1514 2395 res

201 2429 473 2480 sacramenti3
507 2441 654 2467 omnes
688 2437 828 2467 tamen
854 2427 909 2467 illi
934 2427 1104 2466 ordines
1128 2435 1227 2466 sunt
1260 2439 1370 2465 unus
1394 2425 1516 2475 ordo,

202 2507 242 2538 et
265 2498 322 2537 sic
347 2507 444 2538 sunt
463 2506 629 2537 tanturn
655 2506 817 2550 septem
842 2505 1119 2548 sacramenta,
1152 2496 1250 2535 licet
1273 2496 1327 2535 sit
1349 2503 1516 2535 tantum

202 2581 339 2607 unum
370 2576 699 2620 sacramentum,
715 2567 824 2607 sicut
845 2566 1154 2618 Crisostomus,
1175 2566 1342 2606 Omelia
1367 2566 1516 2618 prima,

202 2637 303 2677 dicit
335 2637 386 2676 de
419 2646 580 2690 septem
614 2636 811 2676 ecclesiis.

254 2815 282 2841 7.
303 2809 330 2835 A
350 2807 371 2834 B
392 2807 421 2835 in
443 2815 558 2843 marg:
581 2807 664 2843 Quid
692 2812 737 2834 est
763 2811 910 2834 caracter.
1020 2806 1046 2833 8.
1070 2815 1098 2841 9.
1122 2806 1163 2833 R:
1188 2806 1387 2834 ministrandi
1413 2807 1515 2838 deest;

202 2853 275 2881 ibid.
297 2855 325 2882 A
340 2854 394 2888 Al:
418 2861 474 2885 ego
491 2854 586 2881 deest.

1355 2902 1397 2934 33
