<?xml version="1.0" encoding="UTF-8"?>
<!DOCTYPE html PUBLIC "-//W3C//DTD XHTML 1.0 Transitional//EN"
    "http://www.w3.org/TR/xhtml1/DTD/xhtml1-transitional.dtd">
<html xmlns="http://www.w3.org/1999/xhtml" xml:lang="en" lang="en">
 <head>
  <title>
</title>
<meta http-equiv="Content-Type" content="text/html;charset=utf-8" />
  <meta name='ocr-system' content='tesseract 3.04.00' />
  <meta name='ocr-capabilities' content='ocr_page ocr_carea ocr_par ocr_line ocrx_word'/>
</head>
<body>
  <div class='ocr_page' id='page_1' title='image "./tractatusdeeccle00wycl_0171.png"; bbox 0 0 2051 3343; ppageno 0'>
   <div class='ocr_carea' id='block_1_1' title="bbox 228 226 1825 284">
    <p class='ocr_par' dir='ltr' id='par_1_1' title="bbox 228 226 1825 284">
     <span class='ocr_line' id='line_1_1' title="bbox 228 226 1825 284; baseline 0.011 -19"><span class='ocrx_word' id='word_1_1' title='bbox 228 237 315 266; x_wconf 79' lang='lat' dir='ltr'>CAP.</span> <span class='ocrx_word' id='word_1_2' title='bbox 331 226 401 284; x_wconf 66' lang='lat' dir='ltr'>vi]</span> <span class='ocrx_word' id='word_1_3' title='bbox 731 239 789 271; x_wconf 87' lang='lat' dir='ltr'>DE</span> <span class='ocrx_word' id='word_1_4' title='bbox 815 239 1049 272; x_wconf 82' lang='lat' dir='ltr'>ECCLESIA.</span> <span class='ocrx_word' id='word_1_5' title='bbox 1749 228 1825 282; x_wconf 85' lang='lat'>137</span> 
     </span>
    </p>
   </div>
   <div class='ocr_carea' id='block_1_2' title="bbox 77 343 1833 2286">
    <p class='ocr_par' dir='ltr' id='par_1_2' title="bbox 77 343 1833 608">
     <span class='ocr_line' id='line_1_2' title="bbox 77 343 1822 415; baseline -0.002 -30"><span class='ocrx_word' id='word_1_6' title='bbox 77 358 106 391; x_wconf 78' lang='grc' dir='ltr'><strong>Τ</strong></span> <span class='ocrx_word' id='word_1_7' title='bbox 136 345 427 402; x_wconf 79' lang='lat' dir='ltr'>1470sicionem</span> <span class='ocrx_word' id='word_1_8' title='bbox 460 344 715 396; x_wconf 85' lang='lat' dir='ltr'><strong>sensibilem,</strong></span> <span class='ocrx_word' id='word_1_9' title='bbox 766 352 813 383; x_wconf 91' lang='lat' dir='ltr'>ut</span> <span class='ocrx_word' id='word_1_10' title='bbox 863 357 973 383; x_wconf 91' lang='lat' dir='ltr'>unus</span> <span class='ocrx_word' id='word_1_11' title='bbox 1018 343 1220 384; x_wconf 83' lang='lat' dir='ltr'>catholice</span> <span class='ocrx_word' id='word_1_12' title='bbox 1266 352 1390 397; x_wconf 88' lang='lat' dir='ltr'>negat</span> <span class='ocrx_word' id='word_1_13' title='bbox 1423 344 1538 398; x_wconf 87' lang='lat' dir='ltr'>quod</span> <span class='ocrx_word' id='word_1_14' title='bbox 1566 354 1599 415; x_wconf 44' lang='grc' dir='ltr'>ὲη</span> <span class='ocrx_word' id='word_1_15' title='bbox 1621 361 1715 391; x_wconf 82' lang='lat' dir='ltr'>many</span> <span class='ocrx_word' id='word_1_16' title='bbox 1735 363 1822 382; x_wconf 78' lang='lat' dir='ltr'>cases</span> 
     </span>
     <span class='ocr_line' id='line_1_3' title="bbox 225 390 1828 468; baseline -0.001 -14"><span class='ocrx_word' id='word_1_17' title='bbox 225 415 314 468; x_wconf 91' lang='lat' dir='ltr'>ipse</span> <span class='ocrx_word' id='word_1_18' title='bbox 346 423 407 454; x_wconf 91' lang='lat' dir='ltr'>est</span> <span class='ocrx_word' id='word_1_19' title='bbox 440 413 644 466; x_wconf 90' lang='lat' dir='ltr'>Christus,</span> <span class='ocrx_word' id='word_1_20' title='bbox 677 413 784 454; x_wconf 88' lang='lat' dir='ltr'>sicut</span> <span class='ocrx_word' id='word_1_21' title='bbox 822 412 917 453; x_wconf 90' lang='lat' dir='ltr'>fecit</span> <span class='ocrx_word' id='word_1_22' title='bbox 954 413 1154 467; x_wconf 80' lang='lat' dir='ltr'>Baptista,</span> <span class='ocrx_word' id='word_1_23' title='bbox 1188 413 1287 467; x_wconf 88' lang='lat' dir='ltr'>quia</span> <span class='ocrx_word' id='word_1_24' title='bbox 1328 427 1416 453; x_wconf 89' lang='lat' dir='ltr'>non</span> <span class='ocrx_word' id='word_1_25' title='bbox 1462 390 1828 463; x_wconf 40' lang='lat' dir='ltr'>fuitiuiysivrgeaiiifiiiif</span> 
     </span>
     <span class='ocr_line' id='line_1_4' title="bbox 225 458 1831 538; baseline -0.001 -14"><span class='ocrx_word' id='word_1_26' title='bbox 225 483 500 538; x_wconf 81' lang='lat' dir='ltr'>personaliter</span> <span class='ocrx_word' id='word_1_27' title='bbox 546 483 634 537; x_wconf 87' lang='lat' dir='ltr'>ipse</span> <span class='ocrx_word' id='word_1_28' title='bbox 685 482 890 535; x_wconf 85' lang='lat' dir='ltr'>Christus,</span> <span class='ocrx_word' id='word_1_29' title='bbox 933 491 972 523; x_wconf 90' lang='lat' dir='ltr'>et</span> <span class='ocrx_word' id='word_1_30' title='bbox 1023 483 1128 523; x_wconf 89' lang='lat' dir='ltr'>alius</span> <span class='ocrx_word' id='word_1_31' title='bbox 1180 483 1372 523; x_wconf 86' lang='lat' dir='ltr'>concedit</span> <span class='ocrx_word' id='word_1_32' title='bbox 1424 483 1541 536; x_wconf 87' lang='lat' dir='ltr'>quod</span> <span class='ocrx_word' id='word_1_33' title='bbox 1556 458 1831 533; x_wconf 48' lang='lat' dir='ltr'>aggofciindgepd‘iiiie</span> 
     </span>
     <span class='ocr_line' id='line_1_5' title="bbox 226 529 1833 608; baseline -0.001 -14"><span class='ocrx_word' id='word_1_34' title='bbox 226 554 365 594; x_wconf 89' lang='lat' dir='ltr'>omnis</span> <span class='ocrx_word' id='word_1_35' title='bbox 397 553 470 608; x_wconf 88' lang='lat' dir='ltr'>qui</span> <span class='ocrx_word' id='word_1_36' title='bbox 503 553 720 594; x_wconf 88' lang='lat' dir='ltr'>Christum</span> <span class='ocrx_word' id='word_1_37' title='bbox 750 552 887 593; x_wconf 89' lang='lat' dir='ltr'>induit</span> <span class='ocrx_word' id='word_1_38' title='bbox 920 561 979 593; x_wconf 88' lang='lat' dir='ltr'>est</span> <span class='ocrx_word' id='word_1_39' title='bbox 1019 552 1210 593; x_wconf 90' lang='lat' dir='ltr'>Christus</span> <span class='ocrx_word' id='word_1_40' title='bbox 1245 551 1311 608; x_wconf 83' lang='lat' dir='ltr'>(ut</span> <span class='ocrx_word' id='word_1_41' title='bbox 1343 562 1457 606; x_wconf 89' lang='lat' dir='ltr'>patet</span> <span class='ocrx_word' id='word_1_42' title='bbox 1491 554 1541 593; x_wconf 89' lang='lat' dir='ltr'>de</span> <span class='ocrx_word' id='word_1_43' title='bbox 1556 536 1647 600; x_wconf 45' lang='lat' dir='ltr'>Siti&amp;</span> <span class='ocrx_word' id='word_1_44' title='bbox 1664 536 1715 591; x_wconf 49' lang='grc' dir='ltr'>ἐξα</span> <span class='ocrx_word' id='word_1_45' title='bbox 1733 529 1833 592; x_wconf 54' lang='lat' dir='ltr'>xgsnggh</span> 
     </span>
    </p>

    <p class='ocr_par' dir='ltr' id='par_1_3' title="bbox 193 620 1544 958">
     <span class='ocr_line' id='line_1_6' title="bbox 193 620 1542 678; baseline 0 -15"><span class='ocrx_word' id='word_1_46' title='bbox 193 635 210 668; x_wconf 87' lang='grc'>5</span> <span class='ocrx_word' id='word_1_47' title='bbox 226 623 377 664; x_wconf 89' lang='lat' dir='ltr'>sanctis</span> <span class='ocrx_word' id='word_1_48' title='bbox 399 620 626 678; x_wconf 81' lang='lat' dir='ltr'>predictis).</span> <span class='ocrx_word' id='word_1_49' title='bbox 661 623 784 663; x_wconf 84' lang='lat' dir='ltr'>Unde</span> <span class='ocrx_word' id='word_1_50' title='bbox 807 622 1065 675; x_wconf 88' lang='lat' dir='ltr'>captandum</span> <span class='ocrx_word' id='word_1_51' title='bbox 1087 630 1148 662; x_wconf 92' lang='lat' dir='ltr'>est</span> <span class='ocrx_word' id='word_1_52' title='bbox 1179 622 1440 663; x_wconf 82' lang='lat' dir='ltr'>auditorium</span> <span class='ocrx_word' id='word_1_53' title='bbox 1476 623 1542 663; x_wconf 91' lang='lat' dir='ltr'>cui</span> 
     </span>
     <span class='ocr_line' id='line_1_7' title="bbox 226 691 1540 747; baseline 0 -15"><span class='ocrx_word' id='word_1_54' title='bbox 226 693 283 733; x_wconf 91' lang='lat' dir='ltr'>sic</span> <span class='ocrx_word' id='word_1_55' title='bbox 315 692 425 733; x_wconf 86' lang='lat' dir='ltr'>varie</span> <span class='ocrx_word' id='word_1_56' title='bbox 457 701 517 733; x_wconf 91' lang='lat' dir='ltr'>est</span> <span class='ocrx_word' id='word_1_57' title='bbox 547 692 828 747; x_wconf 87' lang='lat' dir='ltr'>loquendum,</span> <span class='ocrx_word' id='word_1_58' title='bbox 869 705 943 731; x_wconf 90' lang='lat' dir='ltr'>nec</span> <span class='ocrx_word' id='word_1_59' title='bbox 980 691 1144 732; x_wconf 86' lang='lat' dir='ltr'>videtur</span> <span class='ocrx_word' id='word_1_60' title='bbox 1177 707 1265 733; x_wconf 91' lang='lat' dir='ltr'>esse</span> <span class='ocrx_word' id='word_1_61' title='bbox 1307 693 1540 733; x_wconf 90' lang='lat' dir='ltr'>conceden-</span> 
     </span>
     <span class='ocr_line' id='line_1_8' title="bbox 226 761 1542 817; baseline 0.001 -16"><span class='ocrx_word' id='word_1_62' title='bbox 226 763 329 803; x_wconf 91' lang='lat' dir='ltr'>dum</span> <span class='ocrx_word' id='word_1_63' title='bbox 360 763 478 817; x_wconf 86' lang='lat' dir='ltr'>quod</span> <span class='ocrx_word' id='word_1_64' title='bbox 529 762 668 802; x_wconf 90' lang='lat' dir='ltr'>omnis</span> <span class='ocrx_word' id='word_1_65' title='bbox 709 761 956 802; x_wconf 88' lang='lat' dir='ltr'>christianus</span> <span class='ocrx_word' id='word_1_66' title='bbox 997 761 1049 801; x_wconf 88' lang='lat' dir='ltr'>sit</span> <span class='ocrx_word' id='word_1_67' title='bbox 1087 763 1214 815; x_wconf 91' lang='lat' dir='ltr'>Deus,</span> <span class='ocrx_word' id='word_1_68' title='bbox 1260 762 1356 803; x_wconf 89' lang='lat' dir='ltr'>licet</span> <span class='ocrx_word' id='word_1_69' title='bbox 1402 763 1542 802; x_wconf 92' lang='lat' dir='ltr'>omnis</span> 
     </span>
     <span class='ocr_line' id='line_1_9' title="bbox 224 832 1542 884; baseline 0 -12"><span class='ocrx_word' id='word_1_70' title='bbox 224 846 288 872; x_wconf 90' lang='lat' dir='ltr'>res</span> <span class='ocrx_word' id='word_1_71' title='bbox 341 832 392 872; x_wconf 94' lang='lat' dir='ltr'>sit</span> <span class='ocrx_word' id='word_1_72' title='bbox 439 833 565 884; x_wconf 88' lang='lat' dir='ltr'>Deus,</span> <span class='ocrx_word' id='word_1_73' title='bbox 619 841 658 872; x_wconf 90' lang='lat' dir='ltr'>et</span> <span class='ocrx_word' id='word_1_74' title='bbox 709 832 848 872; x_wconf 88' lang='lat' dir='ltr'>omnis</span> <span class='ocrx_word' id='word_1_75' title='bbox 892 832 1130 872; x_wconf 83' lang='lat' dir='ltr'>substancia</span> <span class='ocrx_word' id='word_1_76' title='bbox 1174 832 1410 872; x_wconf 86' lang='lat' dir='ltr'>secundum</span> <span class='ocrx_word' id='word_1_77' title='bbox 1454 846 1542 872; x_wconf 90' lang='lat' dir='ltr'>esse</span> 
     </span>
     <span class='ocr_line' id='line_1_10' title="bbox 224 900 1544 958; baseline 0.001 -17"><span class='ocrx_word' id='word_1_78' title='bbox 224 902 485 955; x_wconf 86' lang='lat' dir='ltr'>intelligibile</span> <span class='ocrx_word' id='word_1_79' title='bbox 517 911 577 943; x_wconf 88' lang='lat' dir='ltr'>est</span> <span class='ocrx_word' id='word_1_80' title='bbox 599 903 711 943; x_wconf 92' lang='lat' dir='ltr'>Deus</span> <span class='ocrx_word' id='word_1_81' title='bbox 734 900 800 958; x_wconf 80' lang='lat' dir='ltr'>(ut</span> <span class='ocrx_word' id='word_1_82' title='bbox 830 911 945 956; x_wconf 91' lang='lat' dir='ltr'>patet</span> <span class='ocrx_word' id='word_1_83' title='bbox 975 902 1019 941; x_wconf 90' lang='lat' dir='ltr'>in</span> <span class='ocrx_word' id='word_1_84' title='bbox 1041 901 1213 942; x_wconf 90' lang='lat' dir='ltr'>materia</span> <span class='ocrx_word' id='word_1_85' title='bbox 1242 903 1303 941; x_wconf 90' lang='lat' dir='ltr'>De</span> <span class='ocrx_word' id='word_1_86' title='bbox 1326 901 1465 957; x_wconf 82' lang='lat' dir='ltr'>Ideis),</span> <span class='ocrx_word' id='word_1_87' title='bbox 1497 912 1544 942; x_wconf 90' lang='lat' dir='ltr'>ut</span> 
     </span>
    </p>

    <p class='ocr_par' dir='ltr' id='par_1_4' title="bbox 174 970 1543 1165">
     <span class='ocr_line' id='line_1_11' title="bbox 174 970 1543 1026; baseline -0.001 -12"><span class='ocrx_word' id='word_1_88' title='bbox 174 972 366 1016; x_wconf 78' lang='lat' dir='ltr'>momnis</span> <span class='ocrx_word' id='word_1_89' title='bbox 398 972 530 1012; x_wconf 91' lang='lat' dir='ltr'>homo</span> <span class='ocrx_word' id='word_1_90' title='bbox 572 981 633 1013; x_wconf 89' lang='lat' dir='ltr'>est</span> <span class='ocrx_word' id='word_1_91' title='bbox 669 972 784 1012; x_wconf 90' lang='lat' dir='ltr'>idem</span> <span class='ocrx_word' id='word_1_92' title='bbox 822 970 1006 1024; x_wconf 87' lang='lat' dir='ltr'>Christo,</span> <span class='ocrx_word' id='word_1_93' title='bbox 1046 971 1145 1025; x_wconf 89' lang='lat' dir='ltr'>quia</span> <span class='ocrx_word' id='word_1_94' title='bbox 1185 972 1333 1012; x_wconf 89' lang='lat' dir='ltr'>eadem</span> <span class='ocrx_word' id='word_1_95' title='bbox 1372 972 1543 1026; x_wconf 88' lang='lat' dir='ltr'>species,</span> 
     </span>
     <span class='ocr_line' id='line_1_12' title="bbox 227 1041 1541 1094; baseline 0.001 -12"><span class='ocrx_word' id='word_1_96' title='bbox 227 1051 267 1082; x_wconf 91' lang='lat' dir='ltr'>et</span> <span class='ocrx_word' id='word_1_97' title='bbox 298 1042 489 1082; x_wconf 88' lang='lat' dir='ltr'>Christus</span> <span class='ocrx_word' id='word_1_98' title='bbox 523 1051 583 1082; x_wconf 89' lang='lat' dir='ltr'>est</span> <span class='ocrx_word' id='word_1_99' title='bbox 615 1042 759 1094; x_wconf 83' lang='lat' dir='ltr'>deitas,</span> <span class='ocrx_word' id='word_1_100' title='bbox 792 1050 832 1082; x_wconf 89' lang='lat' dir='ltr'>et</span> <span class='ocrx_word' id='word_1_101' title='bbox 862 1050 1005 1081; x_wconf 87' lang='lat' dir='ltr'>tamen</span> <span class='ocrx_word' id='word_1_102' title='bbox 1038 1055 1125 1080; x_wconf 90' lang='lat' dir='ltr'>non</span> <span class='ocrx_word' id='word_1_103' title='bbox 1158 1051 1218 1081; x_wconf 91' lang='lat' dir='ltr'>est</span> <span class='ocrx_word' id='word_1_104' title='bbox 1250 1041 1363 1082; x_wconf 89' lang='lat' dir='ltr'>idem</span> <span class='ocrx_word' id='word_1_105' title='bbox 1387 1042 1541 1083; x_wconf 87' lang='lat' dir='ltr'>deitati.</span> 
     </span>
     <span class='ocr_line' id='line_1_13' title="bbox 286 1110 1543 1165; baseline 0.001 -14"><span class='ocrx_word' id='word_1_106' title='bbox 286 1113 339 1151; x_wconf 90' lang='lat' dir='ltr'>Et</span> <span class='ocrx_word' id='word_1_107' title='bbox 352 1111 430 1151; x_wconf 91' lang='lat' dir='ltr'>ista</span> <span class='ocrx_word' id='word_1_108' title='bbox 444 1110 654 1151; x_wconf 87' lang='lat' dir='ltr'>sentencia</span> <span class='ocrx_word' id='word_1_109' title='bbox 667 1111 852 1164; x_wconf 87' lang='lat' dir='ltr'>tangitur</span> <span class='ocrx_word' id='word_1_110' title='bbox 866 1111 909 1150; x_wconf 90' lang='lat' dir='ltr'>in</span> <span class='ocrx_word' id='word_1_111' title='bbox 925 1111 1110 1163; x_wconf 79' lang='lat' dir='ltr'>decretis,</span> <span class='ocrx_word' id='word_1_112' title='bbox 1121 1112 1181 1151; x_wconf 90' lang='lat' dir='ltr'>De</span> <span class='ocrx_word' id='word_1_113' title='bbox 1193 1111 1543 1165; x_wconf 88' lang='lat' dir='ltr'>Consecracione,</span> 
     </span>
    </p>

    <p class='ocr_par' dir='ltr' id='par_1_5' title="bbox 169 1180 1546 2006">
     <span class='ocr_line' id='line_1_14' title="bbox 228 1180 1545 1235; baseline 0.002 -15"><span class='ocrx_word' id='word_1_114' title='bbox 228 1182 265 1221; x_wconf 89' lang='lat' dir='ltr'>d.</span> <span class='ocrx_word' id='word_1_115' title='bbox 290 1181 355 1221; x_wconf 68' lang='lat' dir='ltr'>Ila.</span> <span class='ocrx_word' id='word_1_116' title='bbox 385 1180 496 1229; x_wconf 84' lang='lat' dir='ltr'>Quia</span> <span class='ocrx_word' id='word_1_117' title='bbox 520 1194 698 1233; x_wconf 77' lang='lat' dir='ltr'>passus,</span> <span class='ocrx_word' id='word_1_118' title='bbox 719 1181 788 1221; x_wconf 88' lang='lat' dir='ltr'>ubi</span> <span class='ocrx_word' id='word_1_119' title='bbox 812 1181 1077 1234; x_wconf 85' lang='lat' dir='ltr'>Augustinus</span> <span class='ocrx_word' id='word_1_120' title='bbox 1093 1180 1192 1221; x_wconf 90' lang='lat' dir='ltr'>dicit</span> <span class='ocrx_word' id='word_1_121' title='bbox 1214 1182 1330 1235; x_wconf 89' lang='lat' dir='ltr'>quod</span> <span class='ocrx_word' id='word_1_122' title='bbox 1349 1182 1545 1223; x_wconf 81' lang='lat' dir='ltr'>Christus</span> 
     </span>
     <span class='ocr_line' id='line_1_15' title="bbox 227 1251 1542 1304; baseline 0.002 -14"><span class='ocrx_word' id='word_1_123' title='bbox 227 1252 269 1291; x_wconf 87' lang='lat' dir='ltr'>z&#39;n</span> <span class='ocrx_word' id='word_1_124' title='bbox 302 1251 532 1291; x_wconf 80' lang='lat' dir='ltr'>eucaristia</span> <span class='ocrx_word' id='word_1_125' title='bbox 564 1251 877 1291; x_wconf 79' lang='lat' dir='ltr'>commendavit</span> <span class='ocrx_word' id='word_1_126' title='bbox 908 1263 1068 1303; x_wconf 77' lang='lat' dir='ltr'>corpus</span> <span class='ocrx_word' id='word_1_127' title='bbox 1099 1264 1224 1291; x_wconf 83' lang='lat' dir='ltr'>suum</span> <span class='ocrx_word' id='word_1_128' title='bbox 1258 1251 1374 1304; x_wconf 83' lang='lat' dir='ltr'>quod</span> <span class='ocrx_word' id='word_1_129' title='bbox 1406 1252 1542 1292; x_wconf 81' lang='lat' dir='ltr'>eciam</span> 
     </span>
     <span class='ocr_line' id='line_1_16' title="bbox 174 1320 1545 1376; baseline -0.001 -12"><span class='ocrx_word' id='word_1_130' title='bbox 174 1320 331 1375; x_wconf 84' lang='lat' dir='ltr'>15fecz&#39;t</span> <span class='ocrx_word' id='word_1_131' title='bbox 361 1327 526 1360; x_wconf 81' lang='lat' dir='ltr'>nosmet</span> <span class='ocrx_word' id='word_1_132' title='bbox 557 1321 684 1373; x_wconf 77' lang='lat' dir='ltr'>ipsos.</span> <span class='ocrx_word' id='word_1_133' title='bbox 718 1321 805 1361; x_wconf 90' lang='lat' dir='ltr'>Nec</span> <span class='ocrx_word' id='word_1_134' title='bbox 833 1320 952 1361; x_wconf 89' lang='lat' dir='ltr'>aliter</span> <span class='ocrx_word' id='word_1_135' title='bbox 983 1320 1106 1374; x_wconf 88' lang='lat' dir='ltr'>digne</span> <span class='ocrx_word' id='word_1_136' title='bbox 1139 1320 1369 1374; x_wconf 86' lang='lat' dir='ltr'>accipimus</span> <span class='ocrx_word' id='word_1_137' title='bbox 1401 1324 1545 1376; x_wconf 89' lang='lat' dir='ltr'>quoad</span> 
     </span>
     <span class='ocr_line' id='line_1_17' title="bbox 226 1390 1545 1446; baseline 0.002 -17"><span class='ocrx_word' id='word_1_138' title='bbox 226 1390 544 1443; x_wconf 82' lang='lat' dir='ltr'>beatitudinem,</span> <span class='ocrx_word' id='word_1_139' title='bbox 578 1390 656 1429; x_wconf 89' lang='lat' dir='ltr'>nisi</span> <span class='ocrx_word' id='word_1_140' title='bbox 689 1390 821 1430; x_wconf 89' lang='lat' dir='ltr'>simus</span> <span class='ocrx_word' id='word_1_141' title='bbox 853 1390 1126 1444; x_wconf 87' lang='lat' dir='ltr'>predestinati</span> <span class='ocrx_word' id='word_1_142' title='bbox 1157 1392 1210 1431; x_wconf 92' lang='lat' dir='ltr'>ad</span> <span class='ocrx_word' id='word_1_143' title='bbox 1248 1405 1402 1445; x_wconf 89' lang='lat' dir='ltr'>corpus</span> <span class='ocrx_word' id='word_1_144' title='bbox 1442 1392 1545 1446; x_wconf 86' lang='lat' dir='ltr'>eius,</span> 
     </span>
     <span class='ocr_line' id='line_1_18' title="bbox 226 1459 1546 1516; baseline 0.002 -17"><span class='ocrx_word' id='word_1_145' title='bbox 226 1470 272 1500; x_wconf 93' lang='lat' dir='ltr'>ut</span> <span class='ocrx_word' id='word_1_146' title='bbox 302 1459 493 1500; x_wconf 84' lang='lat' dir='ltr'>vivamus</span> <span class='ocrx_word' id='word_1_147' title='bbox 524 1460 567 1499; x_wconf 91' lang='lat' dir='ltr'>in</span> <span class='ocrx_word' id='word_1_148' title='bbox 594 1468 785 1500; x_wconf 91' lang='lat' dir='ltr'>eternum</span> <span class='ocrx_word' id='word_1_149' title='bbox 819 1459 884 1515; x_wconf 84' lang='lat' dir='ltr'>(ut</span> <span class='ocrx_word' id='word_1_150' title='bbox 922 1460 1094 1514; x_wconf 84' lang='lat' dir='ltr'>exponit</span> <span class='ocrx_word' id='word_1_151' title='bbox 1124 1461 1388 1515; x_wconf 89' lang='lat' dir='ltr'>Augustinus</span> <span class='ocrx_word' id='word_1_152' title='bbox 1420 1476 1546 1516; x_wconf 90' lang='lat' dir='ltr'>super</span> 
     </span>
     <span class='ocr_line' id='line_1_19' title="bbox 224 1527 1545 1587; baseline 0.002 -16"><span class='ocrx_word' id='word_1_153' title='bbox 224 1530 316 1571; x_wconf 91' lang='lat' dir='ltr'>Joh.</span> <span class='ocrx_word' id='word_1_154' title='bbox 348 1530 391 1569; x_wconf 90' lang='lat' dir='ltr'>in</span> <span class='ocrx_word' id='word_1_155' title='bbox 424 1527 609 1585; x_wconf 82' lang='lat' dir='ltr'>omelia).</span> <span class='ocrx_word' id='word_1_156' title='bbox 644 1529 774 1570; x_wconf 90' lang='lat' dir='ltr'>Glosa</span> <span class='ocrx_word' id='word_1_157' title='bbox 797 1544 895 1583; x_wconf 89' lang='lat' dir='ltr'>ergo</span> <span class='ocrx_word' id='word_1_158' title='bbox 919 1530 976 1570; x_wconf 89' lang='lat' dir='ltr'>sic</span> <span class='ocrx_word' id='word_1_159' title='bbox 999 1530 1234 1585; x_wconf 85' lang='lat' dir='ltr'>distinguit:</span> <span class='ocrx_word' id='word_1_160' title='bbox 1259 1532 1372 1584; x_wconf 88' lang='lat' dir='ltr'>Non,</span> <span class='ocrx_word' id='word_1_161' title='bbox 1394 1531 1545 1587; x_wconf 87' lang='lat' dir='ltr'>inquit,</span> 
     </span>
     <span class='ocr_line' id='line_1_20' title="bbox 212 1599 1545 1656; baseline 0.002 -16"><span class='ocrx_word' id='word_1_162' title='bbox 212 1601 329 1655; x_wconf 85' lang='lat' dir='ltr'>fecit</span> <span class='ocrx_word' id='word_1_163' title='bbox 361 1613 437 1640; x_wconf 78' lang='lat' dir='ltr'>nos</span> <span class='ocrx_word' id='word_1_164' title='bbox 469 1612 627 1653; x_wconf 77' lang='lat' dir='ltr'>corpus</span> <span class='ocrx_word' id='word_1_165' title='bbox 663 1612 789 1639; x_wconf 83' lang='lat' dir='ltr'>suum</span> <span class='ocrx_word' id='word_1_166' title='bbox 828 1599 941 1653; x_wconf 82' lang='lat' dir='ltr'>quod</span> <span class='ocrx_word' id='word_1_167' title='bbox 985 1606 1131 1640; x_wconf 84' lang='lat' dir='ltr'>natum</span> <span class='ocrx_word' id='word_1_168' title='bbox 1180 1607 1244 1640; x_wconf 78' lang='lat' dir='ltr'>est</span> <span class='ocrx_word' id='word_1_169' title='bbox 1281 1600 1331 1641; x_wconf 85' lang='lat' dir='ltr'>de</span> <span class='ocrx_word' id='word_1_170' title='bbox 1374 1602 1545 1656; x_wconf 80' lang='lat' dir='ltr'>virgine</span> 
     </span>
     <span class='ocr_line' id='line_1_21' title="bbox 169 1670 1545 1725; baseline 0.004 -16"><span class='ocrx_word' id='word_1_171' title='bbox 169 1676 264 1710; x_wconf 60' lang='grc' dir='ltr'>ποετ</span> <span class='ocrx_word' id='word_1_172' title='bbox 309 1670 495 1710; x_wconf 78' lang='lat' dir='ltr'>sumitur</span> <span class='ocrx_word' id='word_1_173' title='bbox 544 1670 586 1709; x_wconf 89' lang='lat' dir='ltr'>in</span> <span class='ocrx_word' id='word_1_174' title='bbox 632 1670 776 1719; x_wconf 83' lang='lat' dir='ltr'>altari,</span> <span class='ocrx_word' id='word_1_175' title='bbox 823 1671 900 1710; x_wconf 82' lang='lat' dir='ltr'>sed</span> <span class='ocrx_word' id='word_1_176' title='bbox 944 1684 1102 1724; x_wconf 77' lang='lat' dir='ltr'>corpus</span> <span class='ocrx_word' id='word_1_177' title='bbox 1145 1684 1273 1711; x_wconf 80' lang='lat' dir='ltr'>suum</span> <span class='ocrx_word' id='word_1_178' title='bbox 1318 1673 1545 1725; x_wconf 80' lang='lat' dir='ltr'>spirituale</span> 
     </span>
     <span class='ocr_line' id='line_1_22' title="bbox 227 1739 1545 1795; baseline 0.003 -15"><span class='ocrx_word' id='word_1_179' title='bbox 227 1739 338 1794; x_wconf 82' lang='lat' dir='ltr'>quod</span> <span class='ocrx_word' id='word_1_180' title='bbox 384 1747 446 1781; x_wconf 82' lang='lat' dir='ltr'>est</span> <span class='ocrx_word' id='word_1_181' title='bbox 479 1741 670 1784; x_wconf 81' lang='lat' dir='ltr'>ecclesia.</span> <span class='ocrx_word' id='word_1_182' title='bbox 704 1741 758 1780; x_wconf 88' lang='lat' dir='ltr'>Et</span> <span class='ocrx_word' id='word_1_183' title='bbox 800 1740 870 1780; x_wconf 92' lang='lat' dir='ltr'>illa</span> <span class='ocrx_word' id='word_1_184' title='bbox 920 1740 1021 1780; x_wconf 88' lang='lat' dir='ltr'>unio</span> <span class='ocrx_word' id='word_1_185' title='bbox 1052 1750 1113 1781; x_wconf 89' lang='lat' dir='ltr'>est</span> <span class='ocrx_word' id='word_1_186' title='bbox 1162 1755 1267 1795; x_wconf 91' lang='lat' dir='ltr'>pure</span> <span class='ocrx_word' id='word_1_187' title='bbox 1310 1756 1375 1782; x_wconf 88' lang='lat' dir='ltr'>res</span> <span class='ocrx_word' id='word_1_188' title='bbox 1418 1743 1545 1785; x_wconf 89' lang='lat' dir='ltr'>huius</span> 
     </span>
     <span class='ocr_line' id='line_1_23' title="bbox 226 1808 1545 1866; baseline 0.003 -17"><span class='ocrx_word' id='word_1_189' title='bbox 226 1810 473 1850; x_wconf 87' lang='lat' dir='ltr'>sacramenti</span> <span class='ocrx_word' id='word_1_190' title='bbox 507 1809 573 1865; x_wconf 83' lang='lat' dir='ltr'>(ut</span> <span class='ocrx_word' id='word_1_191' title='bbox 611 1810 749 1850; x_wconf 88' lang='lat' dir='ltr'>dicam</span> <span class='ocrx_word' id='word_1_192' title='bbox 791 1808 922 1866; x_wconf 87' lang='lat' dir='ltr'>alibi).</span> <span class='ocrx_word' id='word_1_193' title='bbox 966 1811 1143 1852; x_wconf 86' lang='lat' dir='ltr'>Videtur</span> <span class='ocrx_word' id='word_1_194' title='bbox 1190 1820 1332 1852; x_wconf 87' lang='lat' dir='ltr'>tamen</span> <span class='ocrx_word' id='word_1_195' title='bbox 1378 1813 1545 1866; x_wconf 89' lang='lat' dir='ltr'>planius</span> 
     </span>
     <span class='ocr_line' id='line_1_24' title="bbox 227 1880 1546 1934; baseline 0.003 -15"><span class='ocrx_word' id='word_1_196' title='bbox 227 1881 454 1921; x_wconf 90' lang='lat' dir='ltr'>dicendum</span> <span class='ocrx_word' id='word_1_197' title='bbox 493 1890 531 1920; x_wconf 91' lang='lat' dir='ltr'>et</span> <span class='ocrx_word' id='word_1_198' title='bbox 584 1881 715 1920; x_wconf 89' lang='lat' dir='ltr'>modo</span> <span class='ocrx_word' id='word_1_199' title='bbox 754 1880 960 1934; x_wconf 87' lang='lat' dir='ltr'>loquendi</span> <span class='ocrx_word' id='word_1_200' title='bbox 1000 1890 1244 1922; x_wconf 87' lang='lat' dir='ltr'>sanctorum</span> <span class='ocrx_word' id='word_1_201' title='bbox 1286 1882 1546 1924; x_wconf 88' lang='lat' dir='ltr'>conformius</span> 
     </span>
     <span class='ocr_line' id='line_1_25' title="bbox 227 1950 1545 2006; baseline 0.002 -16"><span class='ocrx_word' id='word_1_202' title='bbox 227 1951 345 2005; x_wconf 88' lang='lat' dir='ltr'>quod</span> <span class='ocrx_word' id='word_1_203' title='bbox 375 1950 489 1991; x_wconf 90' lang='lat' dir='ltr'>idem</span> <span class='ocrx_word' id='word_1_204' title='bbox 526 1959 587 1990; x_wconf 86' lang='lat' dir='ltr'>est</span> <span class='ocrx_word' id='word_1_205' title='bbox 619 1964 772 2004; x_wconf 91' lang='lat' dir='ltr'>corpus</span> <span class='ocrx_word' id='word_1_206' title='bbox 804 1950 847 1989; x_wconf 90' lang='lat' dir='ltr'>in</span> <span class='ocrx_word' id='word_1_207' title='bbox 885 1964 1065 1991; x_wconf 88' lang='lat' dir='ltr'>numero</span> <span class='ocrx_word' id='word_1_208' title='bbox 1104 1952 1222 2006; x_wconf 90' lang='lat' dir='ltr'>quod</span> <span class='ocrx_word' id='word_1_209' title='bbox 1261 1961 1321 1992; x_wconf 87' lang='lat' dir='ltr'>est</span> <span class='ocrx_word' id='word_1_210' title='bbox 1360 1953 1545 2005; x_wconf 85' lang='lat' dir='ltr'>ecclesia,</span> 
     </span>
    </p>

    <p class='ocr_par' dir='ltr' id='par_1_6' title="bbox 172 2020 1548 2286">
     <span class='ocr_line' id='line_1_26' title="bbox 172 2020 1548 2075; baseline 0.003 -16"><span class='ocrx_word' id='word_1_211' title='bbox 172 2025 211 2059; x_wconf 89' lang='lat'>25</span> <span class='ocrx_word' id='word_1_212' title='bbox 228 2029 267 2060; x_wconf 90' lang='lat' dir='ltr'>et</span> <span class='ocrx_word' id='word_1_213' title='bbox 302 2034 454 2074; x_wconf 91' lang='lat' dir='ltr'>corpus</span> <span class='ocrx_word' id='word_1_214' title='bbox 486 2020 529 2060; x_wconf 91' lang='lat' dir='ltr'>in</span> <span class='ocrx_word' id='word_1_215' title='bbox 570 2029 831 2061; x_wconf 87' lang='lat' dir='ltr'>sacramento</span> <span class='ocrx_word' id='word_1_216' title='bbox 870 2034 917 2061; x_wconf 89' lang='lat' dir='ltr'>ac</span> <span class='ocrx_word' id='word_1_217' title='bbox 956 2030 1104 2062; x_wconf 87' lang='lat' dir='ltr'>natum</span> <span class='ocrx_word' id='word_1_218' title='bbox 1142 2022 1192 2061; x_wconf 90' lang='lat' dir='ltr'>de</span> <span class='ocrx_word' id='word_1_219' title='bbox 1236 2022 1409 2075; x_wconf 82' lang='lat' dir='ltr'>virgine,</span> <span class='ocrx_word' id='word_1_220' title='bbox 1449 2036 1548 2063; x_wconf 91' lang='lat' dir='ltr'>cum</span> 
     </span>
     <span class='ocr_line' id='line_1_27' title="bbox 227 2089 1547 2145; baseline 0.002 -15"><span class='ocrx_word' id='word_1_221' title='bbox 227 2090 279 2131; x_wconf 91' lang='lat' dir='ltr'>sit</span> <span class='ocrx_word' id='word_1_222' title='bbox 308 2090 396 2144; x_wconf 91' lang='lat' dir='ltr'>ipse</span> <span class='ocrx_word' id='word_1_223' title='bbox 439 2089 644 2131; x_wconf 84' lang='lat' dir='ltr'>Christus.</span> <span class='ocrx_word' id='word_1_224' title='bbox 689 2090 822 2131; x_wconf 91' lang='lat' dir='ltr'>Aliter</span> <span class='ocrx_word' id='word_1_225' title='bbox 865 2100 1007 2131; x_wconf 89' lang='lat' dir='ltr'>tamen</span> <span class='ocrx_word' id='word_1_226' title='bbox 1055 2099 1115 2132; x_wconf 92' lang='lat' dir='ltr'>est</span> <span class='ocrx_word' id='word_1_227' title='bbox 1159 2090 1351 2132; x_wconf 87' lang='lat' dir='ltr'>Christus</span> <span class='ocrx_word' id='word_1_228' title='bbox 1403 2092 1547 2145; x_wconf 88' lang='lat' dir='ltr'>ipsum</span> 
     </span>
     <span class='ocr_line' id='line_1_28' title="bbox 228 2159 1546 2214; baseline 0.001 -13"><span class='ocrx_word' id='word_1_229' title='bbox 228 2173 382 2214; x_wconf 91' lang='lat' dir='ltr'>corpus</span> <span class='ocrx_word' id='word_1_230' title='bbox 466 2159 565 2214; x_wconf 87' lang='lat' dir='ltr'>quia</span> <span class='ocrx_word' id='word_1_231' title='bbox 648 2160 934 2214; x_wconf 78' lang='lat' dir='ltr'>personaliter,</span> <span class='ocrx_word' id='word_1_232' title='bbox 1013 2170 1053 2202; x_wconf 90' lang='lat' dir='ltr'>et</span> <span class='ocrx_word' id='word_1_233' title='bbox 1118 2161 1235 2201; x_wconf 88' lang='lat' dir='ltr'>aliter</span> <span class='ocrx_word' id='word_1_234' title='bbox 1298 2161 1546 2203; x_wconf 89' lang='lat' dir='ltr'>christianus</span> 
     </span>
     <span class='ocr_line' id='line_1_29' title="bbox 228 2230 1544 2286; baseline 0.002 -16"><span class='ocrx_word' id='word_1_235' title='bbox 228 2230 328 2284; x_wconf 88' lang='lat' dir='ltr'>quia</span> <span class='ocrx_word' id='word_1_236' title='bbox 371 2230 737 2282; x_wconf 81' lang='lat' dir='ltr'>sacramentaliter,</span> <span class='ocrx_word' id='word_1_237' title='bbox 771 2244 880 2271; x_wconf 91' lang='lat' dir='ltr'>unus</span> <span class='ocrx_word' id='word_1_238' title='bbox 912 2231 1082 2285; x_wconf 90' lang='lat' dir='ltr'>proprie</span> <span class='ocrx_word' id='word_1_239' title='bbox 1116 2240 1155 2272; x_wconf 92' lang='lat' dir='ltr'>et</span> <span class='ocrx_word' id='word_1_240' title='bbox 1186 2231 1291 2272; x_wconf 89' lang='lat' dir='ltr'>alius</span> <span class='ocrx_word' id='word_1_241' title='bbox 1324 2232 1544 2286; x_wconf 87' lang='lat' dir='ltr'>participa-</span> 
     </span>
    </p>
   </div>
   <div class='ocr_carea' id='block_1_3' title="bbox 228 2300 1545 2356">
    <p class='ocr_par' dir='ltr' id='par_1_7' title="bbox 228 2300 1545 2356">
     <span class='ocr_line' id='line_1_30' title="bbox 228 2300 1545 2356; baseline 0.001 -16"><span class='ocrx_word' id='word_1_242' title='bbox 228 2300 334 2353; x_wconf 78' lang='lat' dir='ltr'>tive3</span> <span class='ocrx_word' id='word_1_243' title='bbox 365 2310 404 2341; x_wconf 89' lang='lat' dir='ltr'>et</span> <span class='ocrx_word' id='word_1_244' title='bbox 436 2300 492 2341; x_wconf 90' lang='lat' dir='ltr'>sic</span> <span class='ocrx_word' id='word_1_245' title='bbox 535 2302 658 2340; x_wconf 86' lang='lat' dir='ltr'>credo</span> <span class='ocrx_word' id='word_1_246' title='bbox 712 2315 791 2355; x_wconf 87' lang='lat' dir='ltr'>ego</span> <span class='ocrx_word' id='word_1_247' title='bbox 839 2301 1115 2355; x_wconf 87' lang='lat' dir='ltr'>propheciam</span> <span class='ocrx_word' id='word_1_248' title='bbox 1160 2301 1317 2343; x_wconf 88' lang='lat' dir='ltr'>Christi</span> <span class='ocrx_word' id='word_1_249' title='bbox 1370 2301 1545 2356; x_wconf 72' lang='lat' dir='ltr'>intelligi</span> 
     </span>
    </p>
   </div>
   <div class='ocr_carea' id='block_1_4' title="bbox 229 2460 1546 2593">
    <p class='ocr_par' dir='ltr' id='par_1_8' title="bbox 229 2460 1546 2593">
     <span class='ocr_line' id='line_1_31' title="bbox 283 2460 1546 2498; baseline 0.002 -11"><span class='ocrx_word' id='word_1_250' title='bbox 283 2460 321 2489; x_wconf 77' lang='lat'>13.</span> <span class='ocrx_word' id='word_1_251' title='bbox 341 2460 363 2487; x_wconf 86' lang='lat' dir='ltr'>B</span> <span class='ocrx_word' id='word_1_252' title='bbox 384 2460 415 2488; x_wconf 89' lang='lat' dir='ltr'>in</span> <span class='ocrx_word' id='word_1_253' title='bbox 436 2468 533 2496; x_wconf 82' lang='lat' dir='ltr'>marg.</span> <span class='ocrx_word' id='word_1_254' title='bbox 554 2468 637 2488; x_wconf 87' lang='lat' dir='ltr'>man.</span> <span class='ocrx_word' id='word_1_255' title='bbox 659 2463 738 2488; x_wconf 57' lang='lat' dir='ltr'>recss:</span> <span class='ocrx_word' id='word_1_256' title='bbox 770 2460 851 2488; x_wconf 92' lang='lat' dir='ltr'>Unio</span> <span class='ocrx_word' id='word_1_257' title='bbox 882 2460 1000 2489; x_wconf 86' lang='lat' dir='ltr'>Christi</span> <span class='ocrx_word' id='word_1_258' title='bbox 1030 2469 1102 2490; x_wconf 88' lang='lat' dir='ltr'>curn</span> <span class='ocrx_word' id='word_1_259' title='bbox 1135 2461 1268 2489; x_wconf 86' lang='lat' dir='ltr'>ecclesia</span> <span class='ocrx_word' id='word_1_260' title='bbox 1300 2466 1347 2490; x_wconf 86' lang='lat' dir='ltr'>est</span> <span class='ocrx_word' id='word_1_261' title='bbox 1384 2470 1433 2490; x_wconf 88' lang='lat' dir='ltr'>res</span> <span class='ocrx_word' id='word_1_262' title='bbox 1468 2471 1546 2498; x_wconf 86' lang='lat' dir='ltr'>pure</span> 
     </span>
     <span class='ocr_line' id='line_1_32' title="bbox 230 2506 1546 2544; baseline 0.002 -8"><span class='ocrx_word' id='word_1_263' title='bbox 230 2506 426 2536; x_wconf 84' lang='lat' dir='ltr'>sacramenti.</span> <span class='ocrx_word' id='word_1_264' title='bbox 567 2507 614 2535; x_wconf 86' lang='lat'>26.</span> <span class='ocrx_word' id='word_1_265' title='bbox 636 2506 659 2534; x_wconf 82' lang='lat' dir='ltr'>B</span> <span class='ocrx_word' id='word_1_266' title='bbox 686 2506 718 2535; x_wconf 91' lang='lat' dir='ltr'>in</span> <span class='ocrx_word' id='word_1_267' title='bbox 746 2515 862 2543; x_wconf 85' lang='lat' dir='ltr'>marg.:</span> <span class='ocrx_word' id='word_1_268' title='bbox 902 2506 1027 2544; x_wconf 87' lang='lat' dir='ltr'>Corpus</span> <span class='ocrx_word' id='word_1_269' title='bbox 1066 2513 1112 2536; x_wconf 91' lang='lat' dir='ltr'>est</span> <span class='ocrx_word' id='word_1_270' title='bbox 1149 2507 1291 2536; x_wconf 87' lang='lat' dir='ltr'>Christus</span> <span class='ocrx_word' id='word_1_271' title='bbox 1329 2509 1546 2544; x_wconf 80' lang='lat' dir='ltr'>personaliter.</span> 
     </span>
     <span class='ocr_line' id='line_1_33' title="bbox 229 2554 1304 2593; baseline 0.003 -11"><span class='ocrx_word' id='word_1_272' title='bbox 229 2563 269 2582; x_wconf 89' lang='lat'>21.</span> <span class='ocrx_word' id='word_1_273' title='bbox 289 2554 311 2582; x_wconf 91' lang='lat' dir='ltr'>B</span> <span class='ocrx_word' id='word_1_274' title='bbox 332 2555 363 2583; x_wconf 92' lang='lat' dir='ltr'>in</span> <span class='ocrx_word' id='word_1_275' title='bbox 384 2563 498 2591; x_wconf 85' lang='lat' dir='ltr'>marg.:</span> <span class='ocrx_word' id='word_1_276' title='bbox 522 2554 719 2583; x_wconf 84' lang='lat' dir='ltr'>Christianus</span> <span class='ocrx_word' id='word_1_277' title='bbox 740 2555 1006 2584; x_wconf 81' lang='lat' dir='ltr'>sacramentaliter</span> <span class='ocrx_word' id='word_1_278' title='bbox 1028 2561 1055 2584; x_wconf 88' lang='lat' dir='ltr'>et</span> <span class='ocrx_word' id='word_1_279' title='bbox 1078 2557 1304 2593; x_wconf 86' lang='lat' dir='ltr'>participative.</span> 
     </span>
    </p>
   </div>
   <div class='ocr_carea' id='block_1_5' title="bbox 230 2685 1546 2788">
    <p class='ocr_par' dir='ltr' id='par_1_9' title="bbox 230 2685 1546 2788">
     <span class='ocr_line' id='line_1_34' title="bbox 292 2685 1546 2732; baseline 0.003 -14"><span class='ocrx_word' id='word_1_280' title='bbox 292 2685 342 2719; x_wconf 84' lang='lat'>13.</span> <span class='ocrx_word' id='word_1_281' title='bbox 369 2685 448 2718; x_wconf 89' lang='lat' dir='ltr'>Non</span> <span class='ocrx_word' id='word_1_282' title='bbox 473 2693 564 2720; x_wconf 83' lang='lat' dir='ltr'>extat</span> <span class='ocrx_word' id='word_1_283' title='bbox 589 2698 644 2731; x_wconf 87' lang='lat' dir='ltr'>ap.</span> <span class='ocrx_word' id='word_1_284' title='bbox 672 2687 919 2730; x_wconf 83' lang='lat' dir='ltr'>Augustinum,</span> <span class='ocrx_word' id='word_1_285' title='bbox 946 2694 979 2719; x_wconf 91' lang='lat' dir='ltr'>et</span> <span class='ocrx_word' id='word_1_286' title='bbox 1005 2694 1057 2720; x_wconf 90' lang='lat' dir='ltr'>est</span> <span class='ocrx_word' id='word_1_287' title='bbox 1082 2687 1231 2720; x_wconf 87' lang='lat' dir='ltr'>fortasse</span> <span class='ocrx_word' id='word_1_288' title='bbox 1263 2687 1305 2721; x_wconf 86' lang='lat' dir='ltr'>ab</span> <span class='ocrx_word' id='word_1_289' title='bbox 1340 2688 1416 2732; x_wconf 87' lang='lat' dir='ltr'>ipso</span> <span class='ocrx_word' id='word_1_290' title='bbox 1451 2690 1546 2722; x_wconf 86' lang='lat' dir='ltr'>Beda</span> 
     </span>
     <span class='ocr_line' id='line_1_35' title="bbox 230 2743 1545 2788; baseline 0.002 -12"><span class='ocrx_word' id='word_1_291' title='bbox 230 2743 272 2775; x_wconf 88' lang='lat' dir='ltr'>ad</span> <span class='ocrx_word' id='word_1_292' title='bbox 298 2744 310 2776; x_wconf 96' lang='lat' dir='ltr'>I</span> <span class='ocrx_word' id='word_1_293' title='bbox 337 2744 416 2776; x_wconf 84' lang='lat' dir='ltr'>Cor.</span> <span class='ocrx_word' id='word_1_294' title='bbox 448 2755 487 2776; x_wconf 90' lang='lat'>10</span> <span class='ocrx_word' id='word_1_295' title='bbox 514 2745 702 2777; x_wconf 88' lang='lat' dir='ltr'>collectum</span> <span class='ocrx_word' id='word_1_296' title='bbox 734 2755 775 2777; x_wconf 85' lang='lat' dir='ltr'>ex</span> <span class='ocrx_word' id='word_1_297' title='bbox 809 2752 906 2778; x_wconf 87' lang='lat' dir='ltr'>tract.</span> <span class='ocrx_word' id='word_1_298' title='bbox 947 2745 1001 2786; x_wconf 84' lang='lat'>26,</span> <span class='ocrx_word' id='word_1_299' title='bbox 1047 2756 1098 2788; x_wconf 88' lang='lat'>27,</span> <span class='ocrx_word' id='word_1_300' title='bbox 1136 2748 1225 2788; x_wconf 80' lang='lat' dir='ltr'>Aug.</span> <span class='ocrx_word' id='word_1_301' title='bbox 1251 2746 1286 2778; x_wconf 91' lang='lat' dir='ltr'>in</span> <span class='ocrx_word' id='word_1_302' title='bbox 1311 2748 1421 2787; x_wconf 87' lang='lat' dir='ltr'>Joan.‚</span> <span class='ocrx_word' id='word_1_303' title='bbox 1464 2748 1545 2779; x_wconf 86' lang='lat' dir='ltr'>vide</span> 
     </span>
    </p>
   </div>
   <div class='ocr_carea' id='block_1_6' title="bbox 228 2800 1542 2905">
    <p class='ocr_par' dir='ltr' id='par_1_10' title="bbox 228 2800 1542 2905">
     <span class='ocr_line' id='line_1_36' title="bbox 228 2800 1542 2847; baseline 0.004 -14"><span class='ocrx_word' id='word_1_304' title='bbox 228 2809 347 2834; x_wconf 87' lang='lat' dir='ltr'>notam</span> <span class='ocrx_word' id='word_1_305' title='bbox 372 2800 467 2847; x_wconf 82' lang='lat'><strong>(455)</strong></span> <span class='ocrx_word' id='word_1_306' title='bbox 495 2803 709 2846; x_wconf 87' lang='lat' dir='ltr'>Friedbergii</span> <span class='ocrx_word' id='word_1_307' title='bbox 735 2804 778 2836; x_wconf 92' lang='lat' dir='ltr'>ad</span> <span class='ocrx_word' id='word_1_308' title='bbox 804 2804 904 2837; x_wconf 85' lang='lat' dir='ltr'>Decr.</span> <span class='ocrx_word' id='word_1_309' title='bbox 935 2804 990 2845; x_wconf 88' lang='lat'>111,</span> <span class='ocrx_word' id='word_1_310' title='bbox 1026 2815 1058 2847; x_wconf 87' lang='lat' dir='ltr'>p.</span> <span class='ocrx_word' id='word_1_311' title='bbox 1085 2805 1137 2837; x_wconf 87' lang='lat' dir='ltr'>De</span> <span class='ocrx_word' id='word_1_312' title='bbox 1164 2805 1310 2838; x_wconf 88' lang='lat' dir='ltr'>Consec.</span> <span class='ocrx_word' id='word_1_313' title='bbox 1338 2815 1365 2837; x_wconf 87' lang='lat' dir='ltr'>c.</span> <span class='ocrx_word' id='word_1_314' title='bbox 1387 2806 1542 2839; x_wconf 90' lang='lat' dir='ltr'>XXXVI.</span> 
     </span>
     <span class='ocr_line' id='line_1_37' title="bbox 230 2859 736 2905; baseline 0.006 -14"><span class='ocrx_word' id='word_1_315' title='bbox 230 2859 349 2903; x_wconf 84' lang='lat' dir='ltr'>(Corp.</span> <span class='ocrx_word' id='word_1_316' title='bbox 374 2861 440 2893; x_wconf 87' lang='lat' dir='ltr'>iur.</span> <span class='ocrx_word' id='word_1_317' title='bbox 468 2871 542 2894; x_wconf 90' lang='lat' dir='ltr'>can.</span> <span class='ocrx_word' id='word_1_318' title='bbox 569 2862 594 2902; x_wconf 85' lang='grc' dir='ltr'>Ι,</span> <span class='ocrx_word' id='word_1_319' title='bbox 625 2861 736 2905; x_wconf 82' lang='lat'>1326.)</span> 
     </span>
    </p>
   </div>
  </div>
 </body>
</html>
