2051 3273
244 209 321 247 388
962 219 1190 251 JOHANle
1217 218 1414 251 WYCLIF.
1625 205 1730 262 [cm.
1751 215 1845 243 xvn.

1048 357 1169 397 CAP.
1203 358 1328 398 XVII.

239 472 328 536 1hWe
350 476 514 533 {uiztegtoen
588 462 668 501 Pro
684 461 865 501 ulteriori
878 462 1160 501 declaracione
1177 461 1395 501 christiane
1411 461 1506 501 fidei
1518 462 1566 501 de
1582 461 1784 515 quiditate
1799 474 1845 500 ac
1866 475 1945 508 182⁶
1962 477 1996 509 A

275 515 352 542 roug

240 542 515 607 qrgfflnenssgiffiss
531 531 688 571 unitate
711 540 849 571 sancte
878 531 1019 571 matris
1043 532 1212 571 ecclesie
1236 531 1552 571 discurrendum
1577 540 1637 571 est
1658 544 1731 583 per
1757 530 1845 569 illas

240 588 269 607 ln
334 587 381 613 ap.
422 585 454 603 ‚x

240 622 296 641 our
326 611 514 648 opponent⁷s
529 603 673 640 decem
688 601 946 640 raciunculas
964 614 1067 654 quas
1083 600 1159 639 feci
1174 601 1365 653 superius
1386 600 1427 639 in
1449 600 1530 640 fine
1545 598 1593 641 Vi
1608 600 1776 653 capituli
1797 602 1846 640 de

312 653 444 675 answer.
529 670 606 710 ista
621 671 806 721 materia,
831 680 869 709 et
886 670 1068 709 recitabo
1086 670 1381 723 responsiones
1405 670 1622 710 cuiusdam
1648 670 1844 723 doctoris,
1862 686 1877 717 5

532 748 577 779 ut
599 740 747 779 veritas
770 739 867 779 fidei
898 740 1215 780 concertacione
1238 739 1458 780 scolastica
1479 739 1613 792 magis
1637 749 1845 793 appareat.

588 810 812 863 Assumpsi
859 818 1003 849 autem
1054 809 1094 848 in
1148 809 1286 862 primo
1340 818 1590 862 argumento
1643 810 1774 862 quod,
1793 819 1794 822 ’
1815 808 1846 847 si

529 888 624 918 ante
662 879 1001 919 incarnacionem
1034 879 1188 919 Christi
1233 892 1320 918 non
1354 879 1430 919 fuit
1463 879 1632 919 ecclesia
1666 888 1704 918 et
1737 887 1848 918 extra

531 948 749 988 ecclesiam
774 949 1023 989 catholicam
1047 963 1133 988 non
1158 958 1219 989 est
1242 949 1365 1000 salus,
1394 957 1494 988 tunc
1517 949 1657 988 nullus
1680 957 1847 1001 patrum

530 1018 679 1057 veteris
703 1019 941 1058 testamenti
970 1019 1208 1059 salvabitur.
1866 1044 1905 1066 10

241 1101 517 1169 {io-tgrsffiprorqgffi
590 1088 669 1127 Hic
732 1097 907 1141 negatur
974 1089 1291 1141 consequenda,
1349 1103 1448 1128 cum
1499 1089 1746 1129 antecedens
1797 1089 1849 1129 sit

263 1145 309 1163 enl

265 1177 306 1209 ¹10
327 1169 480 1208 coqctucic
528 1171 675 1197 verum
698 1167 736 1197 et
765 1172 1028 1211 consequens
1052 1158 1218 1209 falsum,
1250 1158 1327 1209 vel,
1360 1158 1509 1212 inquit,
1533 1167 1627 1198 ante
1659 1159 1845 1198 incarna-

242 1205 514 1301 ῃξξξςὴξπῗιὲιῗιῖο
530 1228 695 1266 cionem
728 1238 812 1267 erat
845 1228 1017 1267 ecclesia
1049 1227 1265 1268 catholica.
1298 1227 1377 1267 Hic
1406 1228 1517 1267 insto
1542 1228 1680 1281 primo
1705 1238 1880 1275 contra1

291 1295 296 1300 .
351 1295 357 1300 .
392 1282 407 1301 a
447 1281 495 1300 eI‘S

276 1310 339 1336 win
367 1315 419 1336 not
443 1309 480 1335 be
530 1297 753 1337 falsitatem
786 1298 1031 1350 impositam
1075 1297 1364 1351 consequenti,
1410 1306 1449 1337 et
1489 1297 1588 1351 quia
1627 1307 1686 1337 est
1724 1311 1846 1350 argu-

328 1344 431 1370 saved.
529 1376 723 1406 mentum
757 1368 807 1406 ad
839 1367 1074 1418 hominem,
1109 1380 1308 1419 suppono
1341 1367 1478 1420 primo
1511 1368 1630 1420 quod
1661 1367 1765 1406 nihil
1788 1376 1849 1407 est
1869 1382 1904 1415 15

530 1437 645 1490 quod
678 1437 756 1476 fuit
793 1446 888 1477 ante
921 1437 1002 1477 hoc
1041 1437 1200 1476 instans
1233 1437 1350 1489 quod
1384 1446 1444 1476 est
1481 1450 1668 1489 presens,
1703 1447 1742 1477 et
1774 1437 1848 1477 erit

530 1516 627 1559 post
658 1506 761 1546 illud
794 1507 873 1547 nisi
907 1508 1021 1560 quod
1054 1517 1115 1547 est
1146 1507 1189 1546 in
1221 1508 1293 1546 illo
1328 1508 1479 1547 eodem
1500 1507 1685 1547 instanti.
1731 1508 1849 1546 Patet

531 1576 775 1628 supposicio
821 1577 932 1616 scole
976 1576 1127 1615 dicenti
1174 1578 1291 1630 quod
1335 1577 1463 1616 nichil
1506 1586 1567 1617 est
1611 1576 1687 1616 nisi
1733 1577 1848 1629 quod

532 1655 592 1685 est
623 1645 664 1684 in
696 1646 777 1685 hoc
809 1646 978 1686 instanti
1011 1646 1213 1699 temporis
1237 1647 1353 1699 quod
1386 1656 1447 1686 est
1479 1660 1663 1699 presens,
1688 1655 1727 1685 et
1748 1655 1848 1685 tunc

302 1726 451 1753 Answer:
532 1729 661 1767 arguo
714 1715 770 1755 sic
823 1725 967 1755 contra
1019 1729 1281 1767 concessum,
1325 1716 1480 1756 scilicet
1532 1717 1648 1769 quod
1697 1715 1846 1769 aliquis
1865 1740 1907 1761 20

244 1761 516 1823 nssfflssffisffvffle,
533 1794 701 1837 patrum
748 1785 893 1824 veteris
940 1785 1222 1825 testamenti*
1252 1785 1489 1825 salvabitur.
1544 1785 1585 1824 Si
1630 1785 1701 1836 sic,
1748 1795 1946 1831 tunc183-

268 1835 493 1892 0r1ege1tsgnust
533 1854 597 1892 vel
630 1854 701 1906 qui
726 1864 784 1893 est
807 1854 956 1907 aliquis
980 1864 1148 1907 patrum
1171 1855 1319 1894 veteris
1341 1854 1580 1895 testamenti
1610 1854 1848 1906 salvabitur,

533 1924 597 1962 vel
621 1924 690 1977 qui
715 1924 790 1963 erit
823 1924 972 1977 aliquis
988 1934 1155 1977 patrum
1178 1925 1324 1964 veteris
1347 1924 1584 1964 testamenti
1602 1924 1848 1976 salvabitur3

536 2006 799 2045 consequens
834 1993 986 2033 salsum
1018 1995 1252 2033 secundum
1283 1994 1408 2033 istam
1440 1995 1611 2047 scolam,
1645 1994 1741 2047 quia
1773 2008 1848 2033 nec

535 2072 595 2102 est
638 2077 712 2102 nec
756 2063 830 2102 erit
873 2063 1022 2117 aliquis
1065 2073 1235 2116 patrum
1266 2063 1412 2103 veteris
1456 2064 1704 2115 testamenti,
1752 2077 1849 2103 cum
1867 2076 1905 2108 25

535 2146 620 2170 non
675 2132 725 2171 sit
776 2142 894 2172 vetus
948 2142 1249 2173 testamentum
1302 2147 1377 2172 nec
1430 2133 1644 2186 reincipiet
1691 2133 1732 2172 in
1785 2133 1849 2172 die

534 2202 677 2241 iudicii
709 2203 772 2241 vel
806 2212 913 2245 ante.
949 2204 1035 2243 Nec
1069 2213 1129 2243 est
1161 2203 1382 2242 verisimile
1422 2205 1536 2256 quod
1570 2212 1686 2243 vetus
1724 2212 1849 2243 testa-

535 2282 727 2312 mentum
773 2273 823 2312 sit
868 2287 1028 2312 novum
1072 2282 1372 2313 testamentum
1416 2274 1466 2312 de
1517 2287 1603 2326 quo
1649 2273 1851 2326 scriptura

536 2342 632 2381 facit
677 2342 999 2381 distinccionem
1044 2356 1139 2382 cum
1184 2344 1275 2395 lege
1316 2343 1455 2394 veteri,
1490 2343 1588 2396 quia
1620 2352 1719 2382 tunc
1763 2356 1850 2381 non

536 2411 642 2451 foret
687 2412 902 2451 distinccio
948 2413 1053 2452 inter
1095 2421 1212 2451 vetus
1258 2421 1561 2452 testamentum
1604 2421 1643 2451 et
1688 2426 1847 2451 novum
1866 2425 1908 2457 30

589 2544 608 2562 l.
631 2536 658 2563 A
687 2535 715 2563 in
739 2544 835 2571 marg.
866 2543 923 2563 ca¹n
943 2536 1027 2563 XVII
1057 2537 1098 2570 (in
1121 2537 1173 2564 red
1206 2537 1279 2569 inlr).
1421 2546 1450 2571 4.
1471 2536 1509 2563 V.
1540 2545 1625 2572 cap.;
1654 2537 1761 2564 coddi:
1783 2536 1849 2563 XV.

540 2582 567 2607 (ἦ.
592 2584 617 2608 Α
639 2584 692 2616 A,:
715 2583 955 2609 contricacione.
1099 2591 1124 2617 7.
1148 2583 1185 2609 13:
1212 2588 1315 2610 autem
1348 2583 1442 2610 deest.
1586 2592 1618 2610 ιι.
1640 2584 1668 2610 A
1684 2584 1713 2610 in
1734 2591 1850 2618 marg.:

537 2628 637 2655 Prima
659 2629 831 2662 responsio.
977 2628 1015 2655 18.
1038 2631 1064 2656 A
1091 2638 1119 2656 in
1142 2637 1257 2664 marg.:
1284 2630 1363 2656 Ante
1384 2629 1498 2657 Christi
1522 2630 1770 2657 incarnacionem
1793 2630 1850 2657 fuit

537 2675 681 2707 ecclesia3
703 2675 761 2701 hoc
782 2675 930 2710 probatur
950 2676 1096 2702 continue
1125 2675 1238 2708 (Below
1267 2674 1329 2702 {82¹¹
1351 2676 1480 2703 without
1514 2676 1599 2703 mark
1620 2675 1655 2703 of
1673 2676 1849 2709 reference).

539 2728 579 2752 io.
603 2720 640 2746 ss:
662 2722 743 2755 quod
767 2727 811 2748 est
832 2722 927 2756 prius.

596 2839 625 2870 7.
655 2829 825 2871 Crffnpare
853 2840 928 2871 pag.
965 2830 1081 2868 112‚l.
1117 2828 1164 2861 18.
