2051 3273
209 210 288 250 382
889 220 1111 252 JOHANNIS
1137 219 1332 252 WYCLIF.
1598 205 1706 263 [CAP.
1726 213 1807 243 xv1.

496 324 729 378 specialiter
772 324 804 364 si
849 337 1072 377 peccamus
1121 323 1299 363 subdole
1347 323 1615 376 pretermisso
1661 322 1957 366 ordine1821=S

496 394 776 447 correpcionis
810 393 1047 445 evangelice
1078 392 1327 433 inconsultis
1361 392 1582 446 episcopis,
1630 401 1675 432 ut
1707 400 1810 445 aput

494 464 793 503 nominetenus
845 477 1000 516 papam
1053 472 1092 502 et
1143 462 1386 513 cardinales,
1448 461 1640 502 inimicos
1690 461 1809 513 regni

497 533 627 573 nostri
660 533 898 586 precipuos,
930 533 1040 585 leges
1073 532 1187 585 regni
1219 531 1349 571 nostri
1389 540 1428 571 et
1464 531 1662 584 regaliam
1703 530 1809 584 regis

497 611 717 655 tamquam
747 602 973 641 hereticam
1004 602 1381 654 condempnamus.
1435 601 1512 640 Iste
1556 600 1667 640 enim
1698 600 1842 644 vide-5

497 681 608 711 retur
632 680 902 724 contemptus
936 671 1133 711 notabilis
1157 670 1366 710 indiscreti
1390 669 1574 710 doctoris
1597 682 1695 709 cum
1727 668 1810 708 suis

498 741 789 794 complicibus,

253 819 434 855 objection:
556 810 718 850 Octavo
753 820 792 850 et
837 811 989 850 ultimo
1023 810 1210 864 arguitur
1247 823 1319 863 per
1361 809 1444 849 hoc
1488 810 1606 863 quod
1645 808 1854 853 cuilibetT

208 854 234 882 8.
256 856 280 882 lt
300 856 325 882 is
351 855 430 890 good
452 859 482 881 to

218 890 292 958 ἕίῑέἓ
310 889 464 959 ἒὲιΐηξὲἰιΐῑιί]
497 880 675 919 domino
718 880 940 933 temporali
986 893 1073 919 non
1106 881 1248 920 solum
1280 888 1341 919 est
1376 879 1540 919 licitum
1572 880 1644 918 sed
1687 879 1809 919 meri-

232 961 305 992 tum,
327 959 455 998 {indam
496 949 656 989 torium
695 964 830 989 emere
862 950 1139 990 hereditatem
1171 959 1209 990 et
1253 950 1366 989 bona
1399 958 1537 989 eterna
1568 963 1644 1002 pro
1689 949 1868 992 bonis10

206 1002 480 1068 ιῗῖἒοῖῑῗᾳῗοῆιέετὲ-
496 1020 812 1072 temporalibus,
858 1029 897 1059 et
941 1033 1038 1059 cum
1085 1019 1219 1059 maius
1266 1020 1426 1058 bonum
1474 1019 1706 1072 temporale
1761 1018 1813 1058 sit

286 1063 402 1091 cavea.
497 1088 663 1141 dignius
695 1089 831 1129 maius
864 1090 979 1129 bono
1012 1089 1230 1143 spirituali,
1262 1089 1449 1142 sequitur
1481 1090 1599 1143 quod
1630 1088 1812 1141 amplius

498 1167 537 1198 et
569 1158 732 1198 diucius
765 1160 915 1199 dotans
950 1158 1165 1199 ecclesiam
1210 1159 1414 1199 intensius
1458 1168 1640 1199 meretur
1683 1158 1811 1198 beati-

498 1228 702 1267 tudinem.

270 1309 420 1335 Answer:
557 1299 624 1337 Ad
657 1298 769 1338 istud
801 1308 1104 1352 argumentum
1135 1299 1218 1338 dixi
1251 1299 1442 1353 superius
1475 1300 1595 1352 quod
1639 1298 1869 1352 quilibet15

221 1341 288 1370 The
309 1343 373 1370 rich
396 1351 466 1370 man

208 1378 318 1440 ἓξὲξ
339 1377 484 1440 5¹3⁵{5h113
501 1367 613 1407 dives
647 1368 773 1408 seculi
806 1378 971 1409 tenetur
1003 1370 1080 1409 sub
1113 1383 1221 1422 pena
1252 1369 1411 1422 peccati
1442 1369 1632 1409 mortalis
1677 1382 1813 1408 emere

208 1448 313 1474 obtain
344 1448 483 1475 blessed-
499 1437 577 1476 sibi
610 1438 913 1478 beatitudinem
944 1453 1017 1492 per
1049 1453 1144 1479 suas
1177 1439 1359 1490 divicias,
1393 1453 1482 1478 non
1504 1440 1623 1492 quod
1646 1438 1814 1478 cuilibet

302 1491 390 1517 ness3
499 1507 776 1548 beatificando
811 1509 862 1548 sit
893 1509 1082 1562 precium
1113 1509 1217 1549 illud
1256 1509 1537 1549 necessarium
1580 1509 1652 1548 sed
1696 1508 1814 1562 quod

497 1577 655 1618 habens
688 1588 896 1619 terrenam
927 1588 1182 1632 potestatem
1213 1588 1337 1633 atque
1370 1579 1539 1618 divicias
1577 1588 1718 1618 utatur
1755 1578 1813 1618 eis

497 1648 548 1687 ad
580 1648 805 1688 utilitatem
836 1649 1019 1701 ecclesie,
1052 1658 1091 1689 et
1122 1649 1179 1689 sic
1212 1649 1397 1702 episcopi
1431 1658 1470 1689 et
1499 1648 1681 1702 religiosi
1712 1663 1810 1702 pos·
1829 1668 1870 1690 20

497 1717 719 1758 sessionati
751 1728 946 1759 tenentur
977 1719 1173 1772 precipue
1207 1733 1343 1759 emere
1386 1719 1464 1759 sibi
1511 1718 1814 1758 beatitudinem

497 1801 570 1841 per
608 1788 973 1842 dispensacionem
1024 1789 1273 1843 prudentem
1326 1788 1654 1829 elemosinarum
1711 1789 1812 1827 dan-

498 1858 646 1898 darum
670 1859 939 1912 pauperibus.
965 1860 1297 1912 Verumptamen
1321 1873 1409 1898 non
1434 1867 1604 1911 oportet
1625 1866 1671 1898 ut
1688 1859 1813 1898 altera

228 1934 281 1961 but
303 1934 361 1962 ¹his
384 1936 458 1962 does
497 1942 590 1981 pars
624 1929 791 1968 ecclesie
825 1929 975 1969 vendat
1005 1929 1071 1968 vel
1103 1938 1213 1969 emat
1256 1942 1435 1982 regnum
1478 1928 1583 1968 illud
1628 1927 1811 1975 civiliter,

209 1973 572 2040 lissoitsrpgeagpivteniaspnec
604 1999 721 2052 quod
755 1999 954 2039 dominus
987 1999 1181 2039 secularis
1215 2000 1283 2039 det
1314 1998 1661 2038 dominacionem
1693 2012 1814 2037 suam
1831 2005 1869 2038 25

210 2038 257 2066 lus
273 2039 417 2110 dgzllcgblo
432 2041 483 2067 the
499 2067 669 2119 clericis,
693 2070 764 2108 sed
787 2070 904 2123 quod
927 2079 1068 2109 caveat
1099 2079 1145 2108 ut
1178 2068 1297 2108 faciat
1321 2068 1598 2108 elemosinam
1620 2081 1740 2107 suam
1769 2068 1812 2106 in

498 2138 746 2178 abscondito
778 2152 875 2179 cum
900 2139 1136 2179 nesciencia
1159 2152 1315 2178 manus
1342 2139 1514 2179 sinistre
1546 2137 1646 2191 quid
1667 2136 1815 2191 faciat

498 2206 692 2257 dextera,
737 2222 823 2247 non
868 2208 1209 2262 dampnificando
1256 2209 1501 2261 proximum
1545 2208 1684 2247 dando
1736 2208 1812 2247 sibi

499 2277 769 2317 occasionem
795 2278 1057 2333 relinquendi
1081 2278 1391 2332 perfeccionem
1422 2292 1543 2318 suam
1564 2277 1812 2330 primevam,

498 2360 573 2386 nec
611 2356 657 2387 ut
703 2362 908 2388 onerosus
941 2348 1072 2388 factus
1111 2348 1286 2388 subditis
1332 2348 1485 2388 iniuste
1530 2347 1712 2387 detineat
1754 2347 1811 2386 eis
1829 2355 1870 2387 30

498 2417 701 2469 debitum,
735 2432 817 2471 que
849 2418 992 2458 omnia
1024 2417 1132 2458 fiunt
1163 2418 1290 2458 hodie
1328 2418 1549 2457 occasione
1581 2416 1813 2457 dotacionis

497 2496 708 2540 perpetue.
743 2489 852 2528 Nam
884 2488 1031 2528 exhinc
1064 2488 1210 2542 prelati
1242 2488 1437 2528 dicuntur
1474 2486 1719 2541 sompniferi
1750 2486 1815 2526 vel

497 2555 643 2608 ignari,
660 2557 834 2597 subditis
857 2558 899 2597 in
923 2558 1054 2611 equis,
1079 2558 1234 2598 familia
1257 2568 1296 2598 et
1318 2557 1610 2598 exaccionibus
1633 2556 1811 2596 onerosi.

499 2626 622 2665 Unde
655 2640 742 2666 non
775 2637 836 2667 est
869 2629 1125 2668 credendum
1157 2629 1273 2681 quod
1297 2641 1409 2667 cesar
1436 2625 1815 2680 proporcionaliter

498 2697 548 2733 ad
583 2696 861 2748 quantitatem
893 2697 1105 2737 bonorum
1137 2711 1220 2751 que
1253 2697 1404 2736 dicitur
1450 2696 1611 2736 dedisse
1644 2695 1812 2736 ecclesie
1829 2704 1868 2738 35

552 2844 578 2868 δ’,
600 2844 627 2870 Α
649 2844 677 2870 in
700 2852 814 2880 marg:
837 2846 954 2873 Octava
976 2846 1066 2873 racio.
1176 2845 1213 2873 ι5.
1233 2846 1262 2872 Α
1283 2844 1312 2874 in
1328 2853 1443 2879 marg-z
1463 2844 1645 2879 Responsio.
1669 2844 1811 2872 Dotacio.
