2051 3273
213 237 302 266 CAP.
318 225 384 283 m]
708 238 766 269 DE
794 237 1026 269 ECCLESIA.
1747 228 1819 280 195

59 356 196 390 M155d
211 345 266 384 sic
300 344 415 397 quod
448 356 556 382 unus
595 341 738 382 fuisset
777 342 953 381 omnino
993 342 1178 381 inmunis
1221 342 1270 380 ab
1303 341 1527 382 affeccione
1545 350 1826 415 Usifivixqfflpqlffs

209 413 443 453 inordinata
494 413 544 452 ad
601 411 861 464 temporalia,
919 420 957 451 et
1008 420 1053 451 ut
1103 411 1159 451 sic
1217 412 1527 465 aliquantulum
1546 422 1633 460 omer
1662 421 1764 462 saints
1797 421 1821 448 is

209 482 421 522 venialiter
443 495 597 521 nocens
629 481 719 532 sibi,
753 490 791 520 et
814 481 1033 521 occasione
1056 480 1163 520 male
1202 489 1371 533 accepta
1406 481 1528 533 plene
1588 456 1785 484 ”mmmm

211 551 490 604 superbiendi,
524 550 618 603 plus
641 563 797 590 nocens
830 563 907 589 suo
931 550 1067 603 generi
1094 550 1345 590 succedenti.
1380 550 1524 590 Potuit

179 621 325 660 5enim
379 620 577 671 renuisse,
635 620 742 659 sicut
800 620 944 659 beatus
994 619 1261 671 Evangelista
1312 628 1350 660 et
1406 620 1527 660 ceteri

209 689 388 742 apostoli
429 689 498 743 qui
532 698 703 742 possent
748 688 789 727 in
822 697 937 728 tanta
970 688 1109 741 quiete
1142 689 1417 742 assumpsisse
1450 689 1525 728 sibi

210 768 249 798 et
300 759 608 799 successoribus
656 757 740 797 suis
792 766 953 797 tantam
1008 757 1176 810 copiam
1228 758 1529 812 temporalium

210 842 337 881 quam
371 827 624 882 prudencius
657 827 928 880 reliquerunt.
962 828 1048 867 Nec
1072 836 1280 883 repugnat
1313 828 1379 868 isti
1413 828 1529 881 quod

209 898 337 938 sancti
372 897 673 937 canonizantur
704 897 745 935 in
779 897 949 937 ecclesia
978 906 1016 936 et
1046 897 1337 937 beatificantur
1359 898 1401 937 in
1424 899 1528 950 celo⁷

154 982 192 1003 10
209 980 304 1006 cum
340 976 517 1020 possunt
553 967 618 1006 hic
657 966 842 1019 penitere
875 975 915 1005 et
945 966 987 1005 in
1016 967 1260 1020 purgatorio
1294 968 1527 1008 emendari.

211 1036 330 1088 Quis,
375 1037 562 1090 inquam,
604 1045 769 1076 sanctus
802 1050 824 1075 a
856 1045 1001 1075 sancto
1034 1045 1280 1076 sanctorum
1313 1037 1524 1076 exclusive

209 1119 343 1159 usque
386 1108 438 1146 ad
482 1106 763 1146 novissimum
797 1114 989 1145 sanctum
1034 1120 1121 1145 non
1168 1105 1354 1159 peccavit
1393 1106 1526 1145 eciam

207 1173 462 1216 mortaliter?
514 1177 611 1215 Ideo
654 1176 718 1230 (ut
756 1189 852 1228 sepe
898 1174 998 1229 dixi)
1040 1176 1187 1215 cecitas
1226 1189 1379 1228 magna
1420 1175 1527 1215 foret

208 1245 329 1284 nobis
358 1245 648 1298 superstitibus
672 1246 846 1297 allegare
869 1245 970 1284 tales
1003 1245 1209 1298 argucias:
1246 1245 1324 1284 Iste
1359 1254 1525 1285 sanctus

154 1314 264 1353 15sic
305 1313 412 1366 fecit,
457 1328 555 1368 ergo
602 1314 722 1354 nobis
766 1315 861 1354 licet
905 1315 961 1354 sic
1005 1314 1195 1354 faciendo
1241 1316 1527 1368 quodcunque

208 1397 316 1436 opus
349 1384 567 1423 consimile
596 1384 872 1437 approbando
906 1383 1125 1423 defendere
1159 1393 1198 1424 et
1231 1398 1395 1436 augere.
1431 1386 1525 1424 Hoc
1558 1393 1624 1421 Our
1644 1394 1716 1434 only
1736 1392 1800 1421 sase

209 1454 317 1492 enim
363 1454 630 1507 privilegium
675 1454 908 1507 specialiter
953 1462 1211 1493 reservatum
1250 1463 1310 1494 est
1355 1453 1525 1493 Christo
1543 1429 1815 1498 ttiffigffi'sffisii'qt

207 1522 280 1575 qui
324 1537 410 1562 non
443 1524 582 1576 potuit
615 1537 796 1576 peccare,
844 1532 890 1563 ut
921 1523 1106 1562 nitamur
1143 1523 1261 1576 sequi
1306 1523 1446 1576 ipsum
1484 1523 1523 1562 in

207 1594 405 1632 omnibus
445 1589 652 1647 quantum
697 1592 931 1633 sufficimus
977 1603 1016 1632 et
1060 1593 1226 1633 nullum
1273 1593 1405 1632 alium
1449 1593 1525 1632 nisi

151 1678 191 1699 20
207 1664 257 1702 de
301 1672 460 1716 quanto
505 1663 646 1716 ipsum
679 1664 886 1716 sequitur3
931 1663 1002 1701 sed
1052 1672 1223 1715 propter
1256 1662 1528 1702 formidinem

206 1733 436 1773 mentiendi
482 1742 675 1773 neutram
719 1741 883 1786 partem
929 1746 1082 1783 assem,
1127 1732 1193 1771 vel
1236 1733 1351 1785 quod
1396 1731 1523 1771 sancti

206 1812 450 1842 meruerunt
481 1803 522 1842 in
556 1803 664 1842 dicta
697 1802 919 1842 dotacione
951 1802 1015 1842 vel
1056 1802 1171 1855 quod
1212 1802 1523 1841 demeruerunt.

264 1872 343 1911 Sed
384 1872 469 1912 scio
508 1874 624 1925 quod
663 1872 776 1924 prior
809 1881 938 1912 status
978 1871 1055 1911 fuit
1087 1871 1329 1924 perfeccior‚
1368 1880 1408 1911 et
1439 1871 1524 1910 scio

157 1946 192 1979 N
207 1942 322 1994 quod
345 1942 524 1981 donacio
549 1941 581 1980 si
605 1941 681 1981 fuit
703 1941 969 1995 privilegium
992 1940 1069 1981 fuit
1101 1941 1206 1981 facta
1228 1955 1251 1980 a
1274 1940 1456 1991 Christo,
1487 1949 1526 1979 et

152 2011 293 2050 25scio
338 2012 452 2065 quod
486 2026 561 2051 nos
610 2013 810 2051 debemus
856 2012 914 2051 uti
962 2011 1040 2050 hiis
1081 2011 1384 2064 temporalibus
1416 2010 1523 2049 sicut

206 2081 263 2120 illi
307 2081 373 2121 usi
420 2092 531 2133 sunt,
575 2081 673 2135 quia
713 2082 829 2121 aliter
869 2081 1098 2121 excidimus
1132 2095 1154 2119 a
1187 2080 1405 2133 privilegio
1451 2093 1524 2132 per

205 2151 397 2190 abusum.
444 2151 485 2190 Si
518 2164 615 2203 ergo
648 2151 846 2190 volumus
886 2151 1003 2204 sequi
1042 2159 1209 2190 sanctos
1251 2149 1523 2200 confessores,
1568 2154 1788 2194 lfwess'ollow

1555 2189 1649 2229 saints
1672 2199 1701 2217 ln
1724 2199 1797 2225 pos-

207 2234 430 2273 arguamus
460 2234 532 2273 per
554 2221 697 2260 locum
721 2235 742 2259 a
766 2220 988 2261 sufficienti
1011 2220 1284 2260 similitudine
1307 2220 1523 2272 sequendo
1540 2233 1813 2295 pffisyfflx‘gepiiiiist

1629 2281 1636 2293 ‚

207 2305 278 2330 eos
309 2291 351 2329 in
396 2290 618 2329 affeccione
664 2300 702 2330 et
750 2304 827 2330 usu
873 2290 1172 2343 temporalium
1210 2303 1522 2340 concessorum,
1538 2294 1811 2357 iissliixiistehffitm

149 2364 191 2396 30
207 2369 246 2400 et
268 2360 539 2400 conformiter
559 2361 721 2400 videtur
744 2360 960 2413 probabile
991 2360 1032 2398 in
1062 2359 1275 2412 republica
1298 2360 1348 2398 de
1371 2358 1521 2398 Cesare

208 2440 246 2470 et
279 2431 423 2471 ceteris
457 2430 605 2469 mundi
630 2430 890 2482 principibus
924 2430 1040 2482 quod
1074 2430 1318 2468 laborarunt
1349 2437 1520 2480 peccato

208 2500 412 2553 superbie,
445 2501 632 2540 volentes
665 2500 705 2538 in
736 2499 947 2551 republica
970 2498 1264 2550 solempnitate
1287 2498 1520 2536 sacerdotes

260 2681 288 2709 9.
322 2671 360 2698 B:
385 2670 606 2698 beatificentur.
750 2667 788 2696 13.
821 2669 846 2696 A
875 2668 904 2695 in
927 2676 1039 2703 marga
1073 2668 1219 2703 Argucia.
1363 2676 1401 2694 21.
1432 2668 1459 2694 Λ
1490 2667 1516 2694 iu

207 2727 320 2753 marg:
352 2718 500 2744 Dotantcs
531 2720 558 2742 et
589 2715 770 2742 dotationes
798 2714 980 2750 recipientes
1010 2715 1033 2741 si
1060 2719 1087 2741 et
1117 2714 1275 2749 quomodo
1302 2719 1516 2749 peccaverunt.

207 2765 248 2792 215.
271 2765 307 2791 B:
338 2765 419 2799 quod
444 2763 531 2794 peior
553 2767 665 2795 statum
693 2763 720 2788 A
744 2762 773 2788 in
795 2769 910 2794 marg.:
932 2760 1075 2788 Sciencia
1095 2760 1198 2787 trium.
1342 2759 1384 2787 25.
1415 2760 1452 2786 B:
1477 2761 1517 2786 uti

208 2812 304 2838 deest.
413 2809 456 2837 30.
478 2811 505 2836 A
520 2810 575 2842 A1:
603 2810 638 2835 de
655 2808 766 2836 ces-arc
789 2807 889 2840 dec-sn
913 2807 948 2834 13:
980 2807 1142 2841 probabile
1158 2807 1194 2833 de
1212 2806 1326 2834 Cesare
1352 2807 1518 2832 clcereris.

207 2858 247 2885 322..
271 2857 299 2884 in
320 2857 427 2883 codd:
452 2857 639 2891 solempmw.

1342 2898 1402 2931 13*
