2051 3343
158 221 231 259 136
886 227 1108 260 „IOHANNIS
1134 227 1330 259 WYCLJF.
1582 213 1688 272 [CAP.
1704 224 1757 253 v1.

439 333 661 386 quomodo
712 332 938 371 dicendum
992 339 1053 370 est
1098 331 1150 369 ad
1193 332 1421 371 secundam
1463 332 1677 372 racionem
1720 341 1759 373 et
1778 341 1910 385 147¹’R

443 401 634 453 terciam,
668 401 940 441 concedendo
979 400 1235 440 sentenciam
1279 400 1541 454 catholicam,
1587 402 1631 441 in
1677 415 1760 456 qua

441 471 751 522 manuducunt,
776 479 815 509 et
838 470 1024 509 cavendo
1048 469 1266 522 diligenter
1287 470 1337 509 ab
1367 483 1503 510 errore
1524 470 1759 511 intellectus

441 549 480 580 et
511 539 707 579 scandalo
753 538 962 579 auditorii.
1009 539 1154 579 Posset
1199 540 1312 579 enim
1355 540 1551 580 seductus
1596 541 1759 580 credere

441 610 558 663 quod
602 609 739 649 omnis
779 608 1026 649 christianus
1071 608 1178 649 foret
1208 609 1318 649 idern
1354 610 1629 662 personaliter
1660 621 1793 654 cum5

444 678 612 719 Christo
647 679 883 719 secundum
916 692 1067 732 corpus
1101 688 1140 718 et
1177 679 1377 732 animam,
1418 680 1475 720 ita
1512 681 1629 734 quod
1672 693 1760 720 non

442 748 580 788 forent
613 747 797 801 dispares
829 761 1006 801 persone
1039 748 1220 788 essencie
1244 749 1306 788 vel
1328 759 1488 803 nature,
1512 750 1630 803 quod
1652 749 1760 790 foret

444 818 568 858 nimis
603 831 838 858 erroneum.

171 893 247 922 This
269 901 404 921 oneness
504 889 626 928 Unde
670 902 722 927 ne
755 889 899 927 darem
950 888 1196 928 scandalum
1240 888 1364 939 scole,
1395 888 1420 916 ἧς
1443 888 1583 928 distuli
1634 889 1856 942 istam147⁶
1881 898 1911 932 S

152 930 226 957 with
257 929 303 956 his
334 936 429 955 mem·

176 964 420 1026 betssizgiciregssm
446 957 676 997 materiam.
710 956 876 1010 Aliquis
910 957 1023 997 enim
1055 966 1116 997 est
1162 958 1448 1011 participative
1490 958 1682 999 Christus
1715 968 1762 1000 ut
1782 978 1820 1000 10

170 1032 414 1096 Cprist'jsggglai}
449 1027 668 1081 quodlibet
705 1027 946 1066 membrum
985 1027 1085 1079 eius,
1125 1036 1164 1067 et
1206 1027 1355 1081 aliquis
1399 1028 1674 1081 personaliter
1716 1037 1763 1072 ut

157 1076 190 1096 ra
206 1075 361 1130 easpeheacl-
416 1075 592 1137 ysolum
636 1096 777 1149 ipsum
819 1106 956 1150 caput,
1004 1106 1044 1137 et
1092 1097 1151 1136 illi
1183 1097 1256 1151 qui
1308 1111 1393 1137 non
1427 1097 1599 1151 capiunt
1639 1099 1763 1139 istam

443 1166 776 1219 distinccionem,
810 1180 898 1206 non
942 1166 1115 1219 capiunt
1148 1180 1320 1207 sensum
1362 1166 1488 1207 huius
1533 1167 1761 1220 scripture:

449 1236 533 1284 Qui
563 1235 744 1276 adheret
788 1237 897 1288 Deo,
945 1249 1057 1276 unus
1106 1237 1288 1289 spiritus
1332 1242 1406 1288 est,
1451 1245 1491 1276 et
1538 1238 1759 1290 quomodo

441 1306 665 1345 vinculum
698 1305 877 1346 caritatis
909 1306 975 1344 vel
1008 1305 1143 1359 gracie
1185 1314 1246 1345 est
1289 1305 1442 1346 forcius
1491 1320 1622 1360 quam
1666 1306 1758 1346 vin-
1781 1313 1817 1346 15

445 1375 590 1416 culum
622 1376 823 1428 naturale,
857 1384 903 1415 ut
936 1375 1034 1415 dicit
1065 1375 1330 1428 Augustinus
1362 1375 1402 1414 in
1428 1375 1535 1415 libro
1567 1376 1629 1416 De
1650 1377 1758 1418 Vera

443 1445 663 1499 Religione
675 1445 804 1497 XC10,
830 1455 868 1485 et
890 1454 1050 1485 tactum
1073 1454 1133 1485 est
1151 1459 1239 1498 cap.
1256 1445 1450 1498 proximo
1473 1445 1516 1485 in
1539 1445 1757 1486 solucione

444 1515 558 1556 tercii
590 1515 840 1568 argumenti.
874 1516 927 1555 Et
958 1524 1071 1568 patet
1103 1515 1324 1568 quomodo
1367 1514 1625 1568 intelligendi
1659 1524 1796 1556 sunta

445 1586 635 1625 doctores
680 1585 836 1637 sancti,
887 1585 1163 1625 concedentes
1210 1585 1333 1624 istam
1380 1585 1663 1636 sentenciam,
1711 1593 1758 1625 ut

444 1654 721 1708 Augustinus,
756 1654 1045 1695 Crisostomus
1078 1663 1117 1694 et
1148 1655 1383 1694 Bernardus
1416 1668 1514 1694 cum
1564 1654 1653 1693 aliis
1684 1654 1756 1707 qui
1774 1672 1817 1694 20

445 1723 614 1777 sapiunt
653 1723 793 1763 Deum
825 1732 864 1763 et
904 1724 1042 1776 legem
1080 1724 1293 1777 scripture.
1333 1725 1386 1763 Et
1427 1732 1539 1777 patet
1572 1724 1798 1764 secundob

445 1793 666 1847 quomodo
714 1793 805 1833 tolli
862 1793 1013 1833 debent
1053 1802 1300 1847 argumenta
1338 1793 1565 1847 sophistica
1601 1792 1644 1831 in
1682 1792 1761 1832 ista

445 1862 631 1914 materia,
665 1871 710 1902 ut
741 1862 798 1901 hii
837 1862 1005 1916 instant,
1045 1863 1077 1902 si
1117 1863 1226 1902 beati
1259 1862 1413 1915 singuli
1446 1871 1543 1902 sunt
1580 1875 1760 1915 persona

447 1931 615 1980 Christi,
650 1941 751 1972 tunc
784 1942 882 1972 sunt
925 1933 1199 1986 personaliter
1241 1932 1330 1986 ipse
1371 1931 1576 1983 Christus,
1625 1940 1664 1971 et
1702 1930 1758 1970 sic

445 2010 613 2041 tantum
645 2002 836 2042 Christus
868 2012 930 2042 est
960 2002 1107 2054 homo,
1141 2012 1181 2042 et
1213 2002 1351 2042 omnis
1375 2002 1507 2042 homo
1541 2009 1601 2041 est
1618 2000 1757 2040 omnis
1773 2007 1814 2040 25

444 2071 591 2123 homo,
625 2085 722 2111 cum
753 2071 841 2111 aliis
872 2071 1048 2125 arguciis
1080 2071 1365 2125 multipliciter
1410 2071 1452 2110 in
1504 2069 1675 2110 materia
1707 2070 1757 2109 de

445 2141 637 2181 trinitate.
677 2141 758 2181 Sed
790 2141 847 2180 hii
868 2155 956 2180 non
988 2141 1251 2181 considerant
1283 2141 1399 2195 quod
1422 2141 1555 2181 multa
1577 2148 1758 2193 possunt

447 2225 534 2251 esse
567 2212 714 2251 eadem
744 2225 923 2265 persona
955 2210 1320 2262 communicative,
1364 2210 1649 2264 participative
1692 2209 1758 2249 vel

447 2281 682 2321 secundum
714 2294 801 2321 esse
832 2281 1102 2335 intelligibile,
1134 2281 1229 2320 licet
1269 2294 1356 2319 non
1394 2280 1679 2334 personaliter,
1720 2289 1758 2319 et

447 2359 560 2404 patet
582 2352 699 2404 quod
721 2351 1025 2404 consequencie
1068 2350 1343 2404 multiplicate
1379 2364 1463 2390 non
1510 2351 1756 2403 procedunt.
1775 2354 1816 2386 30

506 2421 668 2461 Ultimo
731 2430 846 2474 patet
902 2422 1018 2475 quod
1087 2434 1173 2461 non
1234 2429 1294 2461 est
1358 2420 1639 2474 repugnancia
1715 2419 1794 2458 ino
1819 2423 1849 2456 Τ

448 2490 649 2543 equivoce
679 2491 1003 2530 concedentibus
1038 2499 1078 2530 et
1110 2490 1358 2544 negantibus
1393 2491 1569 2530 eandem
1598 2503 1757 2543 propo-

501 2612 525 2640 3.
557 2613 578 2640 B
621 2614 651 2641 in
687 2622 804 2648 marg:
855 2613 950 2642 Error
986 2614 1156 2642 intellectus
1194 2619 1222 2641 et
1260 2614 1441 2641 scandalum
1492 2618 1562 2641 sunt
1612 2614 1759 2642 cavenda.

450 2668 479 2695 9.
499 2661 528 2687 A
547 2660 577 2686 in
604 2667 718 2694 marg:
757 2659 899 2688 Christus
925 2660 1089 2695 dupliciter
1114 2660 1233 2688 dicitur.
1392 2668 1432 2688 12.
1458 2661 1488 2688 A
1514 2661 1553 2687 ss:
1597 2661 1758 2689 Salomon.

448 2706 489 2740 A,
518 2713 598 2733 corr.
628 2706 658 2733 in
690 2714 803 2741 marg:
832 2706 943 2734 solum.
1087 2715 1125 2742 17.
1147 2707 1186 2733 B:
1208 2706 1245 2734 de
1271 2714 1331 2733 una
1359 2706 1516 2741 religione.
1624 2714 1663 2735 21.
1684 2707 1759 2734 Ain

449 2758 564 2785 marg:
586 2751 702 2780 Contra
722 2752 812 2779 dicta.
926 2759 960 2788 27
980 2752 1022 2780 13:
1043 2751 1104 2781 Sed
1126 2752 1195 2780 hiis.

514 2846 560 2876 ¹4·
587 2837 597 2867 I
625 2837 703 2868 Cor.
731 2838 786 2878 VI,
822 2849 869 2879 17.
1016 2848 1053 2880 17
1081 2837 1133 2870 Cf.
1161 2836 1271 2869 above
1298 2848 1376 2880 pag.
1410 2848 1482 2882 109.
